2148 3412
846 166 892 197 1N
919 166 1054 197 SERM.
1083 166 1106 204 1,
1134 169 1164 197 3.
1865 158 1916 197 71

95 293 321 329 statuarum
341 285 403 326 M.
423 285 612 329 Antonio
642 287 695 328 ab
717 286 897 329 Athenis
918 286 1224 329 Alexandriam
1256 289 1515 340 translatum,
1538 289 1633 331 inde
1654 290 1763 331 inter
1785 291 1918 346 eapti-

93 375 167 402 uos
196 359 375 401 Romam
404 360 653 415 perductum
684 361 815 402 multa
845 376 974 416 opera
1004 361 1216 402 mirabilia
1246 362 1405 404 fecisse.

205 434 271 474 92.
302 433 387 475 Aut
408 436 584 489 positum
605 443 695 476 ante
717 450 801 477 mea
830 438 921 490 quia
946 436 1109 491 pullum
1138 437 1180 476 in
1203 451 1274 491 pa.
1308 438 1430 478 catini
1457 439 1622 479 sustulit
1645 436 1919 492 (”Αυξησιςῗ’).

205 507 270 547 96.
307 507 405 557 Θαίς
430 509 549 563 paria
580 524 610 549 e.
639 508 668 562 Γ.
696 509 804 563 plac.
828 517 992 564 peccata
1024 509 1220 555 laborant.
1258 509 1355 550 Cum
1375 526 1414 551 u.
1447 511 1501 552 ad
1530 525 1676 552 nerum
1705 520 1786 553 est:
1817 525 1918 553 sens.

92 593 294 635 moresque
322 590 559 636 repnqnant.
603 579 841 623 Stoicorum
863 582 1018 637 dogma
1040 582 1323 637 reprehendit,
1354 584 1424 638 qui
1446 584 1584 625 omnia
1605 592 1779 640 peccata
1799 586 1920 640 paria

93 666 182 694 esse
213 652 369 703 dieunt,
402 660 442 694 et
472 653 542 703 ait,
574 669 625 695 ne
657 654 770 709 ipsos
802 654 972 709 quidem
1003 655 1043 695 in
1067 655 1146 696 hac
1167 656 1372 697 sententia
1393 671 1654 711 permanere,
1686 658 1766 700 nisi
1788 658 1919 700 uerbo

91 733 223 767 tenus.
282 725 374 767 Iam
404 726 473 768 hic
503 734 702 769 tractatus
732 727 949 778 habeatur,
980 729 1054 770 sed
1086 727 1168 785 [ut]
1201 744 1299 770 uere
1331 729 1382 770 de
1413 730 1596 773 admisso
1629 740 1864 786 quaeratur.

204 801 269 841 98.
300 808 415 855 atque
444 803 468 841 τ’.
499 809 554 841 ul.
587 802 612 841 τ’.
638 816 681 857 10·
712 817 762 842 m.
794 817 823 842 e.
857 803 983 857 aequi.
1042 801 1240 843 Nondum
1275 802 1413 853 uideo,
1459 805 1668 857 quomodo
1700 805 1920 846 utilitatem

91 872 188 915 iusti
218 880 258 914 et
287 873 411 927 aequi
441 880 617 915 matrem
649 882 760 916 reete
791 874 957 916 dixerit.

205 948 297 988 107.
330 962 424 988 nam
450 948 479 1001 Γ.
509 963 542 988 α.
575 948 625 989 H.
650 963 681 989 c.
703 952 907 990 teterrima
939 950 971 989 b.
1031 949 1129 991 Hoc
1159 965 1208 992 eo
1239 950 1433 1005 pertinet,
1465 958 1509 992 ut
1541 951 1690 1006 probet
1719 952 1776 1002 id,
1808 953 1921 1006 quod

91 1020 267 1070 dixerat,
298 1020 502 1071 homines,
534 1021 642 1062 inter
672 1037 715 1063 se
746 1022 799 1063 ab
830 1022 950 1064 initio
982 1038 1075 1064 cum
1106 1023 1185 1064 orti
1217 1031 1323 1074 sunt,
1360 1039 1526 1081 pugnas
1557 1025 1752 1067 habuisse
1783 1026 1920 1080 primo

90 1093 223 1136 ferino
254 1093 349 1144 ritu,
382 1094 479 1135 dein
510 1094 712 1150 paulatim
743 1095 797 1136 ad
828 1111 946 1137 arma
975 1097 1242 1151 processisse.

205 1169 297 1210 113.
329 1169 412 1211 Nec
441 1177 595 1211 natura
621 1185 685 1225 po.
717 1172 821 1211 insto
867 1184 1016 1211 secern.
1062 1172 1150 1226 iniq.
1198 1171 1358 1212 De‘ecz'dz't
1401 1180 1445 1213 ut
1490 1173 1548 1213 bo.
1595 1173 1675 1213 clm.
1717 1174 1801 1227 sny.
1839 1182 1920 1229 pet.

90 1240 198 1293 Non,
230 1241 379 1297 inquit,
409 1242 468 1284 ita
498 1257 575 1298 per
604 1250 810 1293 naturam,
858 1243 959 1297 quid
989 1243 1156 1294 iustum,
1203 1244 1304 1298 quid
1335 1244 1532 1286 iniustum
1565 1245 1629 1295 sit,
1676 1245 1921 1302 intellegere

91 1316 183 1370 quis
213 1322 362 1371 potest,
393 1324 438 1357 ut
467 1316 686 1372 intellegit,
733 1317 835 1370 quid
864 1316 965 1358 utile
996 1324 1036 1358 et
1067 1317 1169 1372 quid
1199 1317 1345 1359 inutile
1377 1318 1442 1366 sit,
1489 1326 1560 1360 aut
1591 1319 1729 1373 quoad
1759 1319 1916 1360 malum

92 1404 116 1431 a
145 1389 256 1431 bono
286 1389 422 1432 distet.

205 1464 296 1505 115.
328 1478 398 1505 nec
428 1478 467 1505 u.
491 1478 524 1504 r.
546 1463 581 1505 h.
606 1472 630 1505 t.
652 1478 691 1506 u.
712 1479 750 1519 p.
772 1465 796 1505 ι’.
819 1470 859 1504 et
880 1463 1053 1517 reliqua.
1112 1462 1152 1505 N
1155 1478 1203 1505 ee
1233 1464 1312 1506 hoe
1342 1480 1543 1520 umquam
1565 1465 1672 1507 ratio
1703 1466 1921 1516 obtinebit,

231 1699 262 1737 1)
290 1703 468 1729 statuarum
493 1708 587 1738 quare
612 1708 714 1728 marco
739 1699 871 1729 antonio
896 1697 970 1727 MG.
1006 1701 1186 1727 statuarum
1211 1698 1253 1727 M.
1279 1698 1408 1728 antonio
1433 1699 1469 1736 R,
1508 1710 1568 1729 om.
1588 1709 1695 1738 quare.
1723 1691 1920 1731 statuarum:

93 1754 208 1791 Quare.
234 1755 277 1785 M.
303 1756 446 1786 Antonio
471 1766 500 1785 v.
525 1765 663 1794 quemque
688 1755 730 1784 M.
770 1756 947 1786 Antonium
983 1764 1010 1784 a.
1036 1763 1121 1793 quem
1155 1755 1198 1783 M.
1224 1755 1398 1785 Antonium
1433 1757 1481 1786 fh.
1510 1761 1699 1787 statuarum.
1722 1767 1780 1796 pro
1804 1768 1863 1796 qna
1886 1767 1921 1787 re

92 1821 132 1841 m.
158 1813 325 1842 antonium
351 1813 380 1841 2.
401 1821 463 1850 pro
486 1822 545 1850 qua
569 1821 602 1840 re
628 1812 696 1841 Siue
720 1822 778 1849 (sua
802 1821 836 1840 re
862 1812 940 1841 mihi
967 1811 1076 1849 glossa
1100 1810 1231 1839 uidetur
1257 1811 1296 1839 ad
1315 1811 1443 1842 eiusdem
1460 1822 1565 1842 uersus
1582 1815 1681 1843 uerba
1698 1814 1732 1843 ob
1757 1814 1834 1844 hanc
1858 1823 1921 1844 rem

92 1868 198 1906 posita
222 1872 319 1907 atque
345 1869 378 1897 in
405 1869 547 1898 scholion
574 1872 805 1906 transsumpta.
832 1868 1017 1897 Ponendum
1043 1872 1151 1896 autem
1177 1870 1241 1895 est:
1269 1869 1344 1897 adl.
1364 1869 1501 1906 Antonio,
1529 1874 1560 1898 et
1585 1870 1772 1900 transtulisse
1797 1875 1921 1900 mutan-

93 1924 167 1954 dum
193 1925 224 1954 in
250 1925 437 1955 translatam.
465 1924 548 1955 conf.
574 1924 749 1954 Aaronem:
778 1934 794 1953 a
812 1925 855 1954 M.
878 1924 1017 1953 Antonio
1044 1923 1278 1952 Alexandriam
1306 1926 1501 1962 perductum.
1529 1926 1574 1961 Q:
1601 1936 1698 1964 quare
1723 1932 1777 1957 aut
1804 1937 1844 1956 ex
1861 1932 1921 1957 sla-

93 1985 217 2011 tuarum
242 1982 324 2011 male
349 1986 451 2011 ortum
477 1986 525 2011 est
551 1985 606 2011 aut
632 1986 708 2011 ante
733 1991 830 2019 quare
851 1998 884 2001 ω
900 1981 1008 2010 lacuna
1034 1984 1089 2017 est,
1117 1980 1147 2008 in
1174 1989 1235 2017 qua
1261 1980 1334 2010 fort.
1361 1982 1532 2012 caelatoris
1551 1992 1601 2012 ars
1629 1984 1762 2013 laudata
1787 1984 1848 2014 fuit
1875 1985 1921 2014 ita

92 2042 127 2068 ut
151 2039 351 2077 pergendum
375 2039 437 2068 sit:
462 2048 557 2077 qnare
581 2048 645 2068 eum
669 2038 710 2067 M.
738 2038 929 2068 Antonium.
958 2055 997 2058 μ-
1024 2037 1247 2066 alexandrium
1270 2037 1313 2066 M.
1363 2039 1398 2076 3)
1424 2038 1555 2068 Lemma
1580 2040 1640 2068 Aut
1669 2058 1695 2060 ν-
1717 2040 1844 2069 Sustulit
1865 2042 1922 2070 ha-

93 2096 171 2125 bent
187 2094 280 2125 MRG
305 2113 346 2116 --
373 2095 440 2125 sine
465 2096 587 2125 scholio
612 2100 667 2124 aut
693 2095 803 2124 lacuna
829 2094 971 2123 Graecae
996 2094 1067 2123 uoci
1093 2093 1218 2122 relicta.
1246 2093 1291 2129 Q:
1319 2094 1447 2124 ‘Nescio
1473 2106 1513 2125 an
1540 2098 1623 2126 nihil
1650 2098 1737 2126 aliud
1764 2097 1923 2127 exciderit

94 2161 188 2191 quam
213 2160 327 2191 graeca
351 2161 416 2182 uox
429 2149 641 2195 Avw'cpoqzfiff
668 2151 758 2181 Certi
785 2151 862 2189 quid
889 2160 951 2180 non
976 2154 1084 2188 potest
1110 2150 1183 2178 dici.
1211 2150 1281 2179 Non
1309 2148 1496 2194 ἀναστροφὴ
1523 2154 1578 2182 sed
1603 2148 1733 2194 αὔξησις
1759 2163 1822 2183 uox
1848 2154 1923 2191 poni

93 2209 221 2247 poterit.
287 2208 322 2247 5)
350 2208 461 2239 docma
485 2208 528 2237 M.
593 2207 627 2246 6)
655 2209 753 2238 uerbo
780 2212 874 2237 tenus
899 2207 942 2236 M.
968 2206 1016 2236 hic
1040 2206 1167 2236 MR2G.
1194 2206 1265 2235 hinc
1290 2207 1409 2244 vath,
1435 2209 1487 2246 qui
1514 2210 1693 2239 confitetur.
1744 2209 1817 2239 ‘Sed
1843 2211 1922 2239 mihi

95 2265 173 2295 haec
197 2274 273 2304 pars
299 2265 412 2295 scholii
437 2274 500 2295 non
525 2265 649 2303 liquet’.
685 2263 779 2294 Clara
805 2264 883 2293 mihi
910 2264 1017 2293 omnia
1042 2272 1112 2292 esse
1137 2263 1300 2293 uidentur.
1343 2265 1500 2294 Tractatus
1526 2267 1609 2295 enim
1629 2271 1676 2296 est
1694 2267 1738 2302 id,
1765 2267 1849 2304 quod
1874 2266 1924 2296 de-

94 2321 232 2352 liberatio
257 2322 341 2360 apud
365 2321 537 2360 Vegetium
562 2321 597 2350 R.
623 2320 667 2350 M.
693 2320 751 2357 ΙΙΙ,
778 2322 806 2350 3.
846 2320 995 2349 Laetant.
1022 2320 1061 2348 de
1085 2322 1178 2349 mort.
1206 2329 1326 2358 perseo.
1353 2322 1394 2350 48
1422 2326 1452 2351 et
1477 2322 1597 2359 pluries
1622 2323 1704 2360 apud
1732 2322 1924 2360 Ulpianum;

95 2378 258 2409 admissum
282 2382 389 2408 autem
426 2379 591 2417 signifieat
627 2377 811 2417 maleficium,
850 2376 996 2408 delictum.
1023 2375 1091 2406 Cic.
1118 2375 1234 2405 Partit.
1262 2378 1313 2406 30.
1340 2378 1415 2406 Tac.
1442 2378 1482 2407 A.
1511 2378 1564 2415 XI,
1591 2379 1621 2407 4.
1650 2378 1719 2407 Liu.
1746 2379 1844 2416 XXV,
1871 2379 1924 2408 23.

97 2435 193 2467 Ouid.
217 2435 259 2465 H.
286 2435 387 2473 XVII,
413 2435 465 2464 45.
502 2435 620 2472 Porph.
647 2443 723 2472 ergo
749 2434 845 2463 dicit:
882 2433 960 2463 Cum
986 2433 1164 2463 Stoicorum
1192 2434 1356 2463 sententia
1381 2436 1487 2464 onmia
1513 2439 1641 2473 peccata
1667 2436 1757 2472 paria
1783 2444 1852 2465 esse
1876 2443 1925 2464 re-

95 2492 324 2532 prehendenda
350 2492 402 2528 sit,
430 2492 493 2520 iam
518 2491 712 2520 deliberatio
737 2490 894 2519 habeatur
919 2490 958 2518 de
983 2489 1124 2519 admisso
1150 2498 1252 2528 neque
1278 2495 1385 2520 tamen
1410 2492 1526 2521 leuiter
1552 2492 1757 2520 iudicandum
1784 2491 1839 2520 sed
1855 2500 1927 2520 nere

97 2549 144 2592 (u.
163 2551 221 2580 97:
249 2549 328 2580 Cum
353 2553 486 2580 uentum
511 2550 552 2578 ad
578 2558 686 2578 uerum
712 2552 778 2578 est:
806 2558 920 2577 sensus
946 2557 1111 2586 moresque
1137 2548 1335 2586 repugnant)
1364 2549 1580 2586 quaerendum
1608 2552 1665 2577 est.
1693 2548 1774 2577 conf.
1792 2547 1865 2577 Aer.
1885 2548 1926 2576 ad

97 2618 128 2638 u.
154 2609 206 2638 97.
256 2608 290 2646 7)
315 2611 349 2637 nt
372 2617 432 2637 om.
458 2607 493 2636 M
517 2604 658 2645 (Halm.)
683 2606 776 2643 R2,v.
804 2605 944 2635 admisso
970 2605 1003 2634 M
1028 2604 1152 2642 (Halm.
1183 2605 1297 2635 iterum
1328 2605 1413 2642 negl.
1433 2603 1476 2643 Q)
1495 2604 1530 2633 R.
1557 2605 1627 2633 rell.
1654 2605 1781 2640 (naisso,
1807 2605 1927 2642 quippe

99 2665 184 2705 quod
207 2664 398 2695 uocabulum
424 2665 458 2694 in
483 2663 576 2694 libris
603 2663 813 2701 deprauatum
840 2666 869 2691 et
897 2671 952 2700 pro
978 2662 1122 2691 ammisso
1147 2662 1288 2698 positum
1314 2665 1372 2690 est.
1436 2661 1471 2699 8)
1498 2660 1647 2690 Nondum
1664 2678 1702 2681 —
1718 2661 1841 2690 dixerit
1866 2660 1928 2690 MR

99 2719 224 2764 2G(Q).
260 2721 342 2751 Rell.
368 2721 452 2751 nihil
477 2721 549 2750 hab.
577 2720 640 2749 nisi
665 2720 776 2749 uerba:
803 2718 939 2748 Matrem
966 2723 1051 2748 recte
1076 2719 1174 2747 dixit.
1242 2717 1297 2755 11)
1325 2720 1398 2746 sunt
1423 2716 1520 2746 M2G.
1547 2717 1615 2745 rell.
1641 2716 1717 2746 sint.
1744 2716 1827 2746 conf.
1853 2716 1926 2745 Aer.

102 2778 158 2817 12)
184 2778 258 2808 dein
283 2777 477 2817 M2G(Q)‚v.
505 2776 617 2806 deinde
642 2776 709 2805 afh.
774 2776 828 2814 14)
855 2776 926 2804 Non
952 2776 996 2804 ita
1022 2776 1086 2813 inq.
1114 2775 1200 2804 vafh.
1264 2774 1319 2812 15)
1347 2774 1427 2803 utile
1452 2778 1478 2802 el
1502 2774 1577 2811 quid
1601 2773 1635 2802 M
1661 2774 1783 2810 (Halm.
1812 2783 1826 2802 e
1851 2774 1926 2811 quid

101 2834 129 2871 Q
151 2835 229 2875 1.l.)
253 2835 315 2864 R2.
342 2835 410 2864 rell.
437 2844 496 2863 om.
524 2838 566 2863 et.
583 2851 621 2853 ᾉ
638 2832 720 2871 quod
744 2832 862 2862 malum
877 2832 996 2868 Mlzffh.
1023 2841 1079 2870 qno
1103 2831 1208 2861 bonnm
1232 2840 1250 2859 a
1275 2831 1359 2859 malo
1380 2832 1408 2859 2.
1434 2831 1503 2860 rell.
1529 2840 1584 2869 quo
1608 2830 1677 2859 mal.
1704 2831 1798 2860 Posui
1824 2830 1930 2869 quoad

102 2899 144 2921 ex
166 2894 302 2930 utraque
326 2891 398 2920 lect.
425 2890 632 2928 compositum
659 2893 756 2926 atque
780 2897 843 2918 non
869 2889 969 2918 solum
996 2888 1034 2917 de
1059 2892 1205 2925 tempore
1231 2888 1287 2917 sed
1313 2888 1410 2917 etiam
1436 2887 1475 2916 de
1499 2887 1568 2916 loco
1586 2886 1778 2922 adhibitum,
1804 2891 1837 2915 ut
1858 2885 1925 2915 Cic.

102 2946 181 2987 Agr.
212 2948 237 2985 I,
272 2948 309 2977 2:
335 2946 561 2986 quoadfecerz't
582 2945 648 2975 iter.
674 2944 758 2974 conf.
787 2943 852 2974 Cic.
878 2945 961 2973 Phil.
988 2943 1042 2981 XI,
1070 2945 1100 2974 3.
1130 2943 1199 2972 Liu.
1226 2944 1266 2980 ΙΙ,
1294 2944 1345 2973 25.
1372 2942 1475 2980 XXII,
1502 2943 1531 2972 6.
1580 2941 1631 2971 Ad
1656 2951 1785 2972 sensum
1812 2942 1927 2971 similis

104 3007 151 3033 est
184 3004 347 3034 sententia
372 3003 439 3033 Cic.
464 3003 558 3031 Tusc.
585 3001 638 3039 IV,
666 3002 723 3031 38:
749 3000 881 3040 coyne'lz's,
912 3000 1010 3039 quoad
1031 3000 1145 3038 possint
1169 2999 1313 3039 coynoscae',
1340 2999 1479 3028 bonorum
1503 3002 1529 3027 et
1552 2998 1838 3036 nzalorumfinibus.
1864 2998 1927 3027 Adi

103 3059 188 3097 Acr.,
213 3061 267 3090 ubi
292 3064 433 3099 quantam
456 3060 594 3089 inlatum
620 3062 678 3088 est.
703 3062 853 3096 quantum,
880 3058 905 3086 si
932 3067 987 3095 per
1013 3058 1140 3087 codices
1167 3058 1291 3092 liceret,
1309 3056 1339 3084 h.
1359 3056 1379 3084 l.
1405 3064 1503 3093 aeque
1528 3055 1700 3093 quadraret
1726 3054 1822 3091 (conf.
1850 3054 1927 3083 Hor.

104 3115 138 3145 C.
156 3116 213 3154 ΙΙΙ,
235 3118 284 3154 19,
306 3116 340 3155 1)
366 3120 462 3155 atque
485 3115 558 3156 qnid
581 3115 675 3154 (Hor.
702 3115 739 3144 E.
766 3115 791 3153 Ι,
811 3116 839 3150 7,
859 3114 930 3153 23).
983 3113 1036 3152 17)
1065 3113 1159 3143 obtin.
1181 3113 1215 3142 M
1241 3120 1416 3150 omnesque
1441 3110 1634 3142 recentiores
1652 3110 1726 3140 libri
1744 3114 1870 3148 praeter
1888 3109 1926 3146 G,

105 3172 159 3210 qui
182 3173 278 3203 habet
294 3173 402 3212 optin„
429 3173 514 3212 quod
539 3181 600 3202 rec.
628 3171 666 3206 Q.
692 3171 759 3201 Nee
784 3171 843 3201 hoc
866 3169 961 3208 inquit
986 3171 1014 3199 2.

1949 967 1987 998 10

1944 1335 1984 1365 15
