<?xml version="1.0" encoding="UTF-8"?>
<!DOCTYPE html PUBLIC "-//W3C//DTD XHTML 1.0 Transitional//EN"
    "http://www.w3.org/TR/xhtml1/DTD/xhtml1-transitional.dtd">
<html xmlns="http://www.w3.org/1999/xhtml" xml:lang="en" lang="en">
 <head>
  <title>
</title>
<meta http-equiv="Content-Type" content="text/html;charset=utf-8" />
  <meta name='ocr-system' content='tesseract 3.04.00' />
  <meta name='ocr-capabilities' content='ocr_page ocr_carea ocr_par ocr_line ocrx_word'/>
</head>
<body>
  <div class='ocr_page' id='page_1' title='image "acronisetporphyr02pseuuoft_0290.png"; bbox 0 0 2148 3412; ppageno 0'>
   <div class='ocr_carea' id='block_1_1' title="bbox 191 145 1385 186">
    <p class='ocr_par' dir='ltr' id='par_1_1' title="bbox 191 145 1385 186">
     <span class='ocr_line' id='line_1_1' title="bbox 191 145 1385 186; baseline -0.002 -1"><span class='ocrx_word' id='word_1_1' title='bbox 191 145 271 185; x_wconf 79' lang='grc'>282</span> <span class='ocrx_word' id='word_1_2' title='bbox 822 154 927 186; x_wconf 70' lang='lat' dir='ltr'>Aen.</span> <span class='ocrx_word' id='word_1_3' title='bbox 956 153 1015 184; x_wconf 72' lang='lat' dir='ltr'>ET</span> <span class='ocrx_word' id='word_1_4' title='bbox 1042 152 1209 184; x_wconf 73' lang='lat' dir='ltr'>PoRPH.</span> <span class='ocrx_word' id='word_1_5' title='bbox 1237 151 1385 184; x_wconf 75' lang='lat' dir='ltr'>coMM.</span> 
     </span>
    </p>
   </div>
   <div class='ocr_carea' id='block_1_2' title="bbox 125 275 2031 2401">
    <p class='ocr_par' dir='ltr' id='par_1_2' title="bbox 125 275 2031 2401">
     <span class='ocr_line' id='line_1_2' title="bbox 192 275 2017 333; baseline -0.002 -14"><span class='ocrx_word' id='word_1_6' title='bbox 192 280 301 328; x_wconf 69' lang='grc' dir='ltr'>κύνα,</span> <span class='ocrx_word' id='word_1_7' title='bbox 334 279 388 333; x_wconf 81' lang='grc' dir='ltr'>μὰ</span> <span class='ocrx_word' id='word_1_8' title='bbox 419 279 484 318; x_wconf 83' lang='grc' dir='ltr'>τὸν</span> <span class='ocrx_word' id='word_1_9' title='bbox 517 281 638 332; x_wconf 77' lang='grc' dir='ltr'>χῆνα,</span> <span class='ocrx_word' id='word_1_10' title='bbox 671 276 816 318; x_wconf 87' lang='lat' dir='ltr'>uolens</span> <span class='ocrx_word' id='word_1_11' title='bbox 848 278 967 327; x_wconf 76' lang='lat' dir='ltr'>scire,</span> <span class='ocrx_word' id='word_1_12' title='bbox 1001 277 1126 317; x_wconf 87' lang='lat' dir='ltr'>deum</span> <span class='ocrx_word' id='word_1_13' title='bbox 1147 275 1341 317; x_wconf 87' lang='lat' dir='ltr'>omnibus</span> <span class='ocrx_word' id='word_1_14' title='bbox 1363 275 1618 316; x_wconf 83' lang='lat' dir='ltr'>animalibus</span> <span class='ocrx_word' id='word_1_15' title='bbox 1640 289 1729 316; x_wconf 89' lang='lat' dir='ltr'>esse</span> <span class='ocrx_word' id='word_1_16' title='bbox 1751 275 2017 329; x_wconf 85' lang='lat' dir='ltr'>permixtum.</span> 
     </span>
     <span class='ocr_line' id='line_1_3' title="bbox 193 347 2020 410; baseline -0.003 -16"><span class='ocrx_word' id='word_1_17' title='bbox 193 352 408 410; x_wconf 77' lang='lat' dir='ltr'>[Aliasz]</span> <span class='ocrx_word' id='word_1_18' title='bbox 452 350 538 391; x_wconf 86' lang='lat' dir='ltr'>Hic</span> <span class='ocrx_word' id='word_1_19' title='bbox 572 353 728 407; x_wconf 72' lang='lat' dir='ltr'>Anytus</span> <span class='ocrx_word' id='word_1_20' title='bbox 759 351 883 391; x_wconf 87' lang='lat' dir='ltr'>etiam</span> <span class='ocrx_word' id='word_1_21' title='bbox 916 349 1131 393; x_wconf 76' lang='lat' dir='ltr'>Socratem</span> <span class='ocrx_word' id='word_1_22' title='bbox 1165 349 1217 391; x_wconf 91' lang='lat' dir='ltr'>ob</span> <span class='ocrx_word' id='word_1_23' title='bbox 1249 349 1425 390; x_wconf 85' lang='lat' dir='ltr'>eandem</span> <span class='ocrx_word' id='word_1_24' title='bbox 1461 348 1670 405; x_wconf 80' lang='lat' dir='ltr'>[causam]</span> <span class='ocrx_word' id='word_1_25' title='bbox 1704 348 1938 389; x_wconf 75' lang='lat' dir='ltr'>doctrinam</span> <span class='ocrx_word' id='word_1_26' title='bbox 1969 347 2020 389; x_wconf 88' lang='lat' dir='ltr'>de</span> 
     </span>
     <span class='ocr_line' id='line_1_4' title="bbox 191 424 1940 481; baseline -0.003 -13"><span class='ocrx_word' id='word_1_27' title='bbox 191 426 335 481; x_wconf 79' lang='lat' dir='ltr'>Lyceo</span> <span class='ocrx_word' id='word_1_28' title='bbox 367 425 453 481; x_wconf 79' lang='lat' dir='ltr'>egit</span> <span class='ocrx_word' id='word_1_29' title='bbox 482 425 525 465; x_wconf 91' lang='lat' dir='ltr'>in</span> <span class='ocrx_word' id='word_1_30' title='bbox 558 439 789 473; x_wconf 81' lang='lat' dir='ltr'>carcerem;</span> <span class='ocrx_word' id='word_1_31' title='bbox 824 424 893 479; x_wconf 90' lang='lat' dir='ltr'>qui</span> <span class='ocrx_word' id='word_1_32' title='bbox 926 438 1134 465; x_wconf 88' lang='lat' dir='ltr'>uenenum</span> <span class='ocrx_word' id='word_1_33' title='bbox 1167 424 1356 478; x_wconf 78' lang='lat' dir='ltr'>sumpsit,</span> <span class='ocrx_word' id='word_1_34' title='bbox 1389 438 1440 463; x_wconf 83' lang='lat' dir='ltr'>ne</span> <span class='ocrx_word' id='word_1_35' title='bbox 1474 437 1729 476; x_wconf 82' lang='lat' dir='ltr'>quemquam</span> <span class='ocrx_word' id='word_1_36' title='bbox 1760 430 1940 478; x_wconf 85' lang='lat' dir='ltr'>rogaret.</span> 
     </span>
     <span class='ocr_line' id='line_1_5' title="bbox 305 494 2019 551; baseline -0.002 -11"><span class='ocrx_word' id='word_1_37' title='bbox 305 501 341 540; x_wconf 75' lang='lat'>6.</span> <span class='ocrx_word' id='word_1_38' title='bbox 379 500 497 550; x_wconf 79' lang='lat' dir='ltr'>Quod</span> <span class='ocrx_word' id='word_1_39' title='bbox 518 500 554 540; x_wconf 72' lang='grc' dir='ltr'>εἰ</span> <span class='ocrx_word' id='word_1_40' title='bbox 571 499 827 541; x_wconf 66' lang='lat' dir='ltr'>interciderit.</span> <span class='ocrx_word' id='word_1_41' title='bbox 888 496 1002 550; x_wconf 75' lang='lat' dir='ltr'>Quia</span> <span class='ocrx_word' id='word_1_42' title='bbox 1033 497 1132 547; x_wconf 82' lang='lat' dir='ltr'>scio,</span> <span class='ocrx_word' id='word_1_43' title='bbox 1164 508 1203 538; x_wconf 83' lang='lat' dir='ltr'>te</span> <span class='ocrx_word' id='word_1_44' title='bbox 1236 512 1333 538; x_wconf 81' lang='lat' dir='ltr'>mox</span> <span class='ocrx_word' id='word_1_45' title='bbox 1366 511 1488 551; x_wconf 88' lang='lat' dir='ltr'>posse</span> <span class='ocrx_word' id='word_1_46' title='bbox 1521 504 1725 551; x_wconf 84' lang='lat' dir='ltr'>repetere,</span> <span class='ocrx_word' id='word_1_47' title='bbox 1757 495 1791 537; x_wconf 91' lang='lat' dir='ltr'>si</span> <span class='ocrx_word' id='word_1_48' title='bbox 1814 495 1916 550; x_wconf 91' lang='lat' dir='ltr'>quid</span> <span class='ocrx_word' id='word_1_49' title='bbox 1945 494 2019 536; x_wconf 88' lang='lat' dir='ltr'>tibi</span> 
     </span>
     <span class='ocr_line' id='line_1_6' title="bbox 125 569 2019 627; baseline -0.004 -12"><span class='ocrx_word' id='word_1_50' title='bbox 125 584 142 610; x_wconf 69' lang='grc' dir='ltr'>ἵ»</span> <span class='ocrx_word' id='word_1_51' title='bbox 191 573 413 622; x_wconf 84' lang='lat' dir='ltr'>exciderit3</span> <span class='ocrx_word' id='word_1_52' title='bbox 447 573 533 614; x_wconf 89' lang='lat' dir='ltr'>scio</span> <span class='ocrx_word' id='word_1_53' title='bbox 564 572 690 622; x_wconf 83' lang='lat' dir='ltr'>enim,</span> <span class='ocrx_word' id='word_1_54' title='bbox 721 584 759 612; x_wconf 92' lang='lat' dir='ltr'>te</span> <span class='ocrx_word' id='word_1_55' title='bbox 793 586 915 627; x_wconf 86' lang='lat' dir='ltr'>posse</span> <span class='ocrx_word' id='word_1_56' title='bbox 938 572 980 612; x_wconf 89' lang='lat' dir='ltr'>in</span> <span class='ocrx_word' id='word_1_57' title='bbox 1003 571 1248 613; x_wconf 84' lang='lat' dir='ltr'>memoriam</span> <span class='ocrx_word' id='word_1_58' title='bbox 1281 585 1492 618; x_wconf 82' lang='lat' dir='ltr'>reuocare,</span> <span class='ocrx_word' id='word_1_59' title='bbox 1530 570 1688 624; x_wconf 86' lang='lat' dir='ltr'>siquid</span> <span class='ocrx_word' id='word_1_60' title='bbox 1720 569 1795 610; x_wconf 90' lang='lat' dir='ltr'>tibi</span> <span class='ocrx_word' id='word_1_61' title='bbox 1819 584 1867 610; x_wconf 84' lang='lat' dir='ltr'>ex</span> <span class='ocrx_word' id='word_1_62' title='bbox 1890 569 2019 609; x_wconf 85' lang='lat' dir='ltr'>inter-</span> 
     </span>
     <span class='ocr_line' id='line_1_7' title="bbox 192 645 1108 703; baseline -0.003 -15"><span class='ocrx_word' id='word_1_63' title='bbox 192 647 417 703; x_wconf 87' lang='lat' dir='ltr'>pellatione</span> <span class='ocrx_word' id='word_1_64' title='bbox 448 660 541 687; x_wconf 88' lang='lat' dir='ltr'>mea</span> <span class='ocrx_word' id='word_1_65' title='bbox 571 646 613 686; x_wconf 90' lang='lat' dir='ltr'>in</span> <span class='ocrx_word' id='word_1_66' title='bbox 646 645 902 688; x_wconf 89' lang='lat' dir='ltr'>obliuionem</span> <span class='ocrx_word' id='word_1_67' title='bbox 933 645 1108 686; x_wconf 90' lang='lat' dir='ltr'>uenerit.</span> 
     </span>
     <span class='ocr_line' id='line_1_8' title="bbox 305 719 1311 774; baseline -0.005 -12"><span class='ocrx_word' id='word_1_68' title='bbox 305 724 342 761; x_wconf 80' lang='lat'>4.</span> <span class='ocrx_word' id='word_1_69' title='bbox 379 722 602 762; x_wconf 75' lang='lat' dir='ltr'>Peccatum.</span> <span class='ocrx_word' id='word_1_70' title='bbox 635 719 851 761; x_wconf 84' lang='lat' dir='ltr'>Horatius.</span> <span class='ocrx_word' id='word_1_71' title='bbox 914 720 1040 761; x_wconf 79' lang='lat' dir='ltr'>laeuo.</span> <span class='ocrx_word' id='word_1_72' title='bbox 1074 719 1311 774; x_wconf 88' lang='lat' dir='ltr'>inportuno.</span> 
     </span>
     <span class='ocr_line' id='line_1_9' title="bbox 306 790 1744 850; baseline -0.003 -14"><span class='ocrx_word' id='word_1_73' title='bbox 306 797 342 836; x_wconf 79' lang='lat'>5.</span> <span class='ocrx_word' id='word_1_74' title='bbox 374 794 685 850; x_wconf 62' lang='lat' dir='ltr'>Interpellarz&#39;m.</span> <span class='ocrx_word' id='word_1_75' title='bbox 745 792 795 834; x_wconf 85' lang='lat' dir='ltr'>Id</span> <span class='ocrx_word' id='word_1_76' title='bbox 826 800 900 843; x_wconf 80' lang='lat' dir='ltr'>est,</span> <span class='ocrx_word' id='word_1_77' title='bbox 932 792 1150 834; x_wconf 87' lang='lat' dir='ltr'>adlocutus</span> <span class='ocrx_word' id='word_1_78' title='bbox 1181 807 1285 833; x_wconf 88' lang='lat' dir='ltr'>sum.</span> <span class='ocrx_word' id='word_1_79' title='bbox 1347 792 1482 832; x_wconf 79' lang='lat' dir='ltr'>bonus.</span> <span class='ocrx_word' id='word_1_80' title='bbox 1517 790 1744 845; x_wconf 87' lang='lat' dir='ltr'>Propitius.</span> 
     </span>
     <span class='ocr_line' id='line_1_10' title="bbox 307 866 898 910; baseline -0.007 0"><span class='ocrx_word' id='word_1_81' title='bbox 307 872 344 910; x_wconf 74' lang='lat'>6.</span> <span class='ocrx_word' id='word_1_82' title='bbox 375 869 632 910; x_wconf 67' lang='lat' dir='ltr'>interciderit.</span> <span class='ocrx_word' id='word_1_83' title='bbox 664 866 898 908; x_wconf 86' lang='lat' dir='ltr'>Exciderit.</span> 
     </span>
     <span class='ocr_line' id='line_1_11' title="bbox 132 938 1930 1000; baseline -0.003 -17"><span class='ocrx_word' id='word_1_84' title='bbox 132 954 167 983; x_wconf 67' lang='grc' dir='ltr'>ιιι</span> <span class='ocrx_word' id='word_1_85' title='bbox 306 951 449 1000; x_wconf 78' lang='lat' dir='ltr'>repetes</span> <span class='ocrx_word' id='word_1_86' title='bbox 479 957 587 984; x_wconf 72' lang='lat' dir='ltr'>mox.</span> <span class='ocrx_word' id='word_1_87' title='bbox 648 939 1069 988; x_wconf 80' lang='lat' dir='ltr'>Commemorabere3</span> <span class='ocrx_word' id='word_1_88' title='bbox 1102 939 1277 995; x_wconf 81' lang='lat' dir='ltr'>grandis</span> <span class='ocrx_word' id='word_1_89' title='bbox 1308 940 1419 980; x_wconf 89' lang='lat' dir='ltr'>enim</span> <span class='ocrx_word' id='word_1_90' title='bbox 1451 938 1539 980; x_wconf 89' lang='lat' dir='ltr'>uult</span> <span class='ocrx_word' id='word_1_91' title='bbox 1570 953 1660 980; x_wconf 88' lang='lat' dir='ltr'>esse</span> <span class='ocrx_word' id='word_1_92' title='bbox 1692 938 1930 979; x_wconf 84' lang='lat' dir='ltr'>memoriae.</span> 
     </span>
     <span class='ocr_line' id='line_1_12' title="bbox 308 1010 2024 1068; baseline -0.005 -9"><span class='ocrx_word' id='word_1_93' title='bbox 308 1021 342 1059; x_wconf 79' lang='lat'>7.</span> <span class='ocrx_word' id='word_1_94' title='bbox 377 1018 469 1059; x_wconf 75' lang='lat' dir='ltr'>Siue</span> <span class='ocrx_word' id='word_1_95' title='bbox 501 1025 557 1058; x_wconf 81' lang='lat' dir='ltr'>est</span> <span class='ocrx_word' id='word_1_96' title='bbox 586 1026 758 1058; x_wconf 76' lang='lat' dir='ltr'>naturae</span> <span class='ocrx_word' id='word_1_97' title='bbox 775 1016 847 1057; x_wconf 83' lang='lat' dir='ltr'>hoc</span> <span class='ocrx_word' id='word_1_98' title='bbox 868 1017 951 1057; x_wconf 67' lang='lat' dir='ltr'>siue</span> <span class='ocrx_word' id='word_1_99' title='bbox 972 1016 1085 1055; x_wconf 72' lang='lat' dir='ltr'>artis.</span> <span class='ocrx_word' id='word_1_100' title='bbox 1147 1012 1253 1054; x_wconf 83' lang='lat' dir='ltr'>Tres</span> <span class='ocrx_word' id='word_1_101' title='bbox 1275 1019 1369 1054; x_wconf 87' lang='lat' dir='ltr'>sunt</span> <span class='ocrx_word' id='word_1_102' title='bbox 1390 1012 1683 1068; x_wconf 78' lang='lat' dir='ltr'>philosophiae</span> <span class='ocrx_word' id='word_1_103' title='bbox 1705 1019 1845 1067; x_wconf 87' lang='lat' dir='ltr'>partes</span> <span class='ocrx_word' id='word_1_104' title='bbox 1869 1010 2024 1068; x_wconf 88' lang='lat' dir='ltr'>[sunt]:</span> 
     </span>
     <span class='ocr_line' id='line_1_13' title="bbox 194 1085 2025 1143; baseline -0.004 -10"><span class='ocrx_word' id='word_1_105' title='bbox 194 1091 378 1140; x_wconf 87' lang='lat' dir='ltr'>moralis,</span> <span class='ocrx_word' id='word_1_106' title='bbox 411 1090 639 1139; x_wconf 85' lang='lat' dir='ltr'>rationalis,</span> <span class='ocrx_word' id='word_1_107' title='bbox 672 1088 897 1137; x_wconf 83' lang='lat' dir='ltr'>naturalis3</span> <span class='ocrx_word' id='word_1_108' title='bbox 934 1088 1081 1129; x_wconf 88' lang='lat' dir='ltr'>harum</span> <span class='ocrx_word' id='word_1_109' title='bbox 1113 1088 1217 1128; x_wconf 86' lang='lat' dir='ltr'>duas</span> <span class='ocrx_word' id='word_1_110' title='bbox 1248 1087 1396 1143; x_wconf 74' lang='lat' dir='ltr'>tetigit,</span> <span class='ocrx_word' id='word_1_111' title='bbox 1430 1086 1663 1128; x_wconf 79' lang='lat' dir='ltr'>naturalem</span> <span class='ocrx_word' id='word_1_112' title='bbox 1696 1094 1733 1127; x_wconf 87' lang='lat' dir='ltr'>et</span> <span class='ocrx_word' id='word_1_113' title='bbox 1765 1085 2025 1127; x_wconf 84' lang='lat' dir='ltr'>rationalem.</span> 
     </span>
     <span class='ocr_line' id='line_1_14' title="bbox 311 1159 2026 1218; baseline -0.004 -12"><span class='ocrx_word' id='word_1_114' title='bbox 311 1167 346 1205; x_wconf 79' lang='lat'>7.</span> <span class='ocrx_word' id='word_1_115' title='bbox 379 1166 505 1206; x_wconf 65' lang='lat' dir='ltr'>mirus</span> <span class='ocrx_word' id='word_1_116' title='bbox 519 1172 696 1218; x_wconf 79' lang='lat' dir='ltr'>utroque.</span> <span class='ocrx_word' id='word_1_117' title='bbox 760 1161 846 1214; x_wconf 82' lang='lat' dir='ltr'>Qui</span> <span class='ocrx_word' id='word_1_118' title='bbox 879 1177 921 1203; x_wconf 85' lang='lat' dir='ltr'>es</span> <span class='ocrx_word' id='word_1_119' title='bbox 952 1161 1135 1217; x_wconf 89' lang='lat' dir='ltr'>optimus</span> <span class='ocrx_word' id='word_1_120' title='bbox 1166 1161 1208 1201; x_wconf 90' lang='lat' dir='ltr'>in</span> <span class='ocrx_word' id='word_1_121' title='bbox 1240 1168 1430 1214; x_wconf 88' lang='lat' dir='ltr'>utroque,</span> <span class='ocrx_word' id='word_1_122' title='bbox 1463 1167 1500 1201; x_wconf 90' lang='lat' dir='ltr'>et</span> <span class='ocrx_word' id='word_1_123' title='bbox 1533 1160 1576 1200; x_wconf 89' lang='lat' dir='ltr'>in</span> <span class='ocrx_word' id='word_1_124' title='bbox 1608 1167 1696 1201; x_wconf 87' lang='lat' dir='ltr'>arte</span> <span class='ocrx_word' id='word_1_125' title='bbox 1728 1167 1767 1200; x_wconf 90' lang='lat' dir='ltr'>et</span> <span class='ocrx_word' id='word_1_126' title='bbox 1799 1159 1843 1200; x_wconf 90' lang='lat' dir='ltr'>in</span> <span class='ocrx_word' id='word_1_127' title='bbox 1864 1167 2026 1209; x_wconf 78' lang='lat' dir='ltr'>natura,</span> 
     </span>
     <span class='ocr_line' id='line_1_15' title="bbox 195 1232 2027 1292; baseline -0.003 -12"><span class='ocrx_word' id='word_1_128' title='bbox 195 1238 354 1280; x_wconf 87' lang='lat' dir='ltr'>scilicet</span> <span class='ocrx_word' id='word_1_129' title='bbox 377 1237 429 1279; x_wconf 84' lang='lat' dir='ltr'>ad</span> <span class='ocrx_word' id='word_1_130' title='bbox 450 1244 672 1292; x_wconf 87' lang='lat' dir='ltr'>utrumque</span> <span class='ocrx_word' id='word_1_131' title='bbox 695 1243 878 1292; x_wconf 84' lang='lat' dir='ltr'>paratus,</span> <span class='ocrx_word' id='word_1_132' title='bbox 915 1236 957 1276; x_wconf 88' lang='lat' dir='ltr'>in</span> <span class='ocrx_word' id='word_1_133' title='bbox 988 1242 1177 1289; x_wconf 82' lang='lat' dir='ltr'>utraque,</span> <span class='ocrx_word' id='word_1_134' title='bbox 1210 1243 1248 1275; x_wconf 90' lang='lat' dir='ltr'>et</span> <span class='ocrx_word' id='word_1_135' title='bbox 1279 1234 1321 1275; x_wconf 84' lang='lat' dir='ltr'>in</span> <span class='ocrx_word' id='word_1_136' title='bbox 1354 1234 1501 1275; x_wconf 90' lang='lat' dir='ltr'>morali</span> <span class='ocrx_word' id='word_1_137' title='bbox 1533 1242 1571 1274; x_wconf 86' lang='lat' dir='ltr'>et</span> <span class='ocrx_word' id='word_1_138' title='bbox 1605 1234 1647 1273; x_wconf 90' lang='lat' dir='ltr'>in</span> <span class='ocrx_word' id='word_1_139' title='bbox 1678 1233 1859 1275; x_wconf 83' lang='lat' dir='ltr'>naturali</span> <span class='ocrx_word' id='word_1_140' title='bbox 1890 1232 2027 1288; x_wconf 93' lang='lat' dir='ltr'>philo-</span> 
     </span>
     <span class='ocr_line' id='line_1_16' title="bbox 134 1312 358 1369; baseline 0 -16"><span class='ocrx_word' id='word_1_141' title='bbox 134 1323 170 1353; x_wconf 85' lang='lat'>15</span> <span class='ocrx_word' id='word_1_142' title='bbox 197 1312 358 1369; x_wconf 84' lang='lat' dir='ltr'>sophia.</span> 
     </span>
     <span class='ocr_line' id='line_1_17' title="bbox 310 1381 2026 1438; baseline -0.004 -9"><span class='ocrx_word' id='word_1_143' title='bbox 310 1388 347 1428; x_wconf 82' lang='lat'>8.</span> <span class='ocrx_word' id='word_1_144' title='bbox 384 1388 490 1438; x_wconf 67' lang='lat' dir='ltr'>Quin</span> <span class='ocrx_word' id='word_1_145' title='bbox 530 1387 572 1428; x_wconf 74' lang='lat' dir='ltr'>z‘d</span> <span class='ocrx_word' id='word_1_146' title='bbox 614 1395 700 1427; x_wconf 75' lang='lat' dir='ltr'>erat</span> <span class='ocrx_word' id='word_1_147' title='bbox 736 1400 870 1427; x_wconf 83' lang='lat' dir='ltr'>curae.</span> <span class='ocrx_word' id='word_1_148' title='bbox 951 1386 1058 1436; x_wconf 71' lang='lat' dir='ltr'>Quin</span> <span class='ocrx_word' id='word_1_149' title='bbox 1090 1382 1356 1424; x_wconf 86' lang='lat' dir='ltr'>Aduerbium</span> <span class='ocrx_word' id='word_1_150' title='bbox 1402 1382 1666 1423; x_wconf 84' lang='lat' dir='ltr'>adfirmandi.</span> <span class='ocrx_word' id='word_1_151' title='bbox 1714 1381 1874 1423; x_wconf 86' lang='lat' dir='ltr'>scilicet</span> <span class='ocrx_word' id='word_1_152' title='bbox 1920 1382 2026 1423; x_wconf 65' lang='lat' dir='ltr'>mihi.</span> 
     </span>
     <span class='ocr_line' id='line_1_18' title="bbox 198 1456 1931 1511; baseline -0.003 -9"><span class='ocrx_word' id='word_1_153' title='bbox 198 1458 324 1502; x_wconf 80' lang='lat' dir='ltr'>Certe</span> <span class='ocrx_word' id='word_1_154' title='bbox 354 1460 433 1502; x_wconf 90' lang='lat' dir='ltr'>hoc</span> <span class='ocrx_word' id='word_1_155' title='bbox 464 1460 566 1501; x_wconf 89' lang='lat' dir='ltr'>mihi</span> <span class='ocrx_word' id='word_1_156' title='bbox 597 1467 685 1501; x_wconf 86' lang='lat' dir='ltr'>erat</span> <span class='ocrx_word' id='word_1_157' title='bbox 716 1474 828 1501; x_wconf 91' lang='lat' dir='ltr'>nunc</span> <span class='ocrx_word' id='word_1_158' title='bbox 859 1474 996 1508; x_wconf 88' lang='lat' dir='ltr'>curae,</span> <span class='ocrx_word' id='word_1_159' title='bbox 1028 1458 1222 1499; x_wconf 87' lang='lat' dir='ltr'>meditari</span> <span class='ocrx_word' id='word_1_160' title='bbox 1254 1473 1315 1506; x_wconf 85' lang='lat' dir='ltr'>ea,</span> <span class='ocrx_word' id='word_1_161' title='bbox 1348 1471 1455 1511; x_wconf 89' lang='lat' dir='ltr'>quae</span> <span class='ocrx_word' id='word_1_162' title='bbox 1486 1456 1630 1498; x_wconf 79' lang='lat' dir='ltr'>audiui</span> <span class='ocrx_word' id='word_1_163' title='bbox 1661 1471 1685 1497; x_wconf 89' lang='lat' dir='ltr'>a</span> <span class='ocrx_word' id='word_1_164' title='bbox 1717 1456 1931 1511; x_wconf 82' lang='lat' dir='ltr'>magistro.</span> 
     </span>
     <span class='ocr_line' id='line_1_19' title="bbox 313 1530 1496 1589; baseline -0.004 -13"><span class='ocrx_word' id='word_1_165' title='bbox 313 1543 468 1576; x_wconf 75' lang='lat' dir='ltr'>cuncta.</span> <span class='ocrx_word' id='word_1_166' title='bbox 529 1533 651 1586; x_wconf 79' lang='lat' dir='ltr'>Quae</span> <span class='ocrx_word' id='word_1_167' title='bbox 683 1549 705 1574; x_wconf 88' lang='lat' dir='ltr'>a</span> <span class='ocrx_word' id='word_1_168' title='bbox 735 1533 939 1589; x_wconf 83' lang='lat' dir='ltr'>magistro</span> <span class='ocrx_word' id='word_1_169' title='bbox 971 1547 1063 1573; x_wconf 89' lang='lat' dir='ltr'>meo</span> <span class='ocrx_word' id='word_1_170' title='bbox 1094 1531 1308 1586; x_wconf 82' lang='lat' dir='ltr'>Epicureo</span> <span class='ocrx_word' id='word_1_171' title='bbox 1339 1530 1496 1572; x_wconf 84' lang='lat' dir='ltr'>audiui.</span> 
     </span>
     <span class='ocr_line' id='line_1_20' title="bbox 312 1604 2028 1665; baseline -0.004 -14"><span class='ocrx_word' id='word_1_172' title='bbox 312 1610 349 1650; x_wconf 84' lang='lat'>9.</span> <span class='ocrx_word' id='word_1_173' title='bbox 383 1609 433 1650; x_wconf 77' lang='lat' dir='ltr'>Ut</span> <span class='ocrx_word' id='word_1_174' title='bbox 446 1617 539 1665; x_wconf 80' lang='lat' dir='ltr'>pote</span> <span class='ocrx_word' id='word_1_175' title='bbox 560 1622 620 1649; x_wconf 82' lang='lat' dir='ltr'>res</span> <span class='ocrx_word' id='word_1_176' title='bbox 644 1617 789 1649; x_wconf 76' lang='lat' dir='ltr'>tenues.</span> <span class='ocrx_word' id='word_1_177' title='bbox 831 1605 1029 1648; x_wconf 86' lang='lat' dir='ltr'>Subtiles.</span> <span class='ocrx_word' id='word_1_178' title='bbox 1063 1604 1158 1646; x_wconf 85' lang='lat' dir='ltr'>Hae</span> <span class='ocrx_word' id='word_1_179' title='bbox 1180 1612 1272 1646; x_wconf 87' lang='lat' dir='ltr'>sunt</span> <span class='ocrx_word' id='word_1_180' title='bbox 1295 1605 1420 1655; x_wconf 86' lang='lat' dir='ltr'>enim,</span> <span class='ocrx_word' id='word_1_181' title='bbox 1453 1619 1561 1659; x_wconf 89' lang='lat' dir='ltr'>quae</span> <span class='ocrx_word' id='word_1_182' title='bbox 1583 1604 1797 1646; x_wconf 84' lang='lat' dir='ltr'>difficilius</span> <span class='ocrx_word' id='word_1_183' title='bbox 1825 1611 2028 1645; x_wconf 87' lang='lat' dir='ltr'>tenentur.</span> 
     </span>
     <span class='ocr_line' id='line_1_21' title="bbox 135 1677 1487 1735; baseline -0.004 -11"><span class='ocrx_word' id='word_1_184' title='bbox 135 1694 176 1724; x_wconf 80' lang='lat'>20</span> <span class='ocrx_word' id='word_1_185' title='bbox 319 1684 383 1724; x_wconf 89' lang='lat'>10.</span> <span class='ocrx_word' id='word_1_186' title='bbox 416 1683 502 1724; x_wconf 82' lang='lat' dir='ltr'>Ede</span> <span class='ocrx_word' id='word_1_187' title='bbox 523 1681 625 1723; x_wconf 75' lang='lat' dir='ltr'>hom.</span> <span class='ocrx_word' id='word_1_188' title='bbox 646 1696 710 1723; x_wconf 73' lang='lat' dir='ltr'>no.</span> <span class='ocrx_word' id='word_1_189' title='bbox 743 1679 957 1722; x_wconf 86' lang='lat' dir='ltr'>Horatius.</span> <span class='ocrx_word' id='word_1_190' title='bbox 1019 1681 1171 1735; x_wconf 77' lang='lat' dir='ltr'>hospes.</span> <span class='ocrx_word' id='word_1_191' title='bbox 1205 1677 1376 1721; x_wconf 79' lang='lat' dir='ltr'>Scilicet</span> <span class='ocrx_word' id='word_1_192' title='bbox 1409 1679 1487 1720; x_wconf 80' lang='lat' dir='ltr'>ede.</span> 
     </span>
     <span class='ocr_line' id='line_1_22' title="bbox 311 1753 822 1813; baseline -0.006 -15"><span class='ocrx_word' id='word_1_193' title='bbox 311 1757 406 1813; x_wconf 78' lang='lat' dir='ltr'>Ipso</span> <span class='ocrx_word' id='word_1_194' title='bbox 437 1771 599 1798; x_wconf 85' lang='lat' dir='ltr'>memor.</span> <span class='ocrx_word' id='word_1_195' title='bbox 662 1753 822 1796; x_wconf 87' lang='lat' dir='ltr'>Catius.</span> 
     </span>
     <span class='ocr_line' id='line_1_23' title="bbox 315 1824 2028 1880; baseline -0.002 -10"><span class='ocrx_word' id='word_1_196' title='bbox 315 1832 376 1871; x_wconf 90' lang='grc'>11.</span> <span class='ocrx_word' id='word_1_197' title='bbox 411 1830 602 1871; x_wconf 80' lang='lat' dir='ltr'>celabitur</span> <span class='ocrx_word' id='word_1_198' title='bbox 632 1838 786 1871; x_wconf 77' lang='lat' dir='ltr'>auctor.</span> <span class='ocrx_word' id='word_1_199' title='bbox 852 1829 961 1870; x_wconf 82' lang='lat' dir='ltr'>Cela!</span> <span class='ocrx_word' id='word_1_200' title='bbox 990 1842 1142 1870; x_wconf 90' lang='lat' dir='ltr'>nomen</span> <span class='ocrx_word' id='word_1_201' title='bbox 1174 1827 1370 1877; x_wconf 83' lang='lat' dir='ltr'>auctoris,</span> <span class='ocrx_word' id='word_1_202' title='bbox 1416 1825 1515 1880; x_wconf 88' lang='lat' dir='ltr'>quia</span> <span class='ocrx_word' id='word_1_203' title='bbox 1547 1826 1636 1876; x_wconf 83' lang='lat' dir='ltr'>scit,</span> <span class='ocrx_word' id='word_1_204' title='bbox 1670 1826 1767 1867; x_wconf 89' lang='lat' dir='ltr'>odio</span> <span class='ocrx_word' id='word_1_205' title='bbox 1800 1840 1890 1867; x_wconf 88' lang='lat' dir='ltr'>esse</span> <span class='ocrx_word' id='word_1_206' title='bbox 1921 1824 2028 1880; x_wconf 87' lang='lat' dir='ltr'>Epi-</span> 
     </span>
     <span class='ocr_line' id='line_1_24' title="bbox 201 1903 1027 1959; baseline -0.002 -14"><span class='ocrx_word' id='word_1_207' title='bbox 201 1919 360 1955; x_wconf 85' lang='lat' dir='ltr'>curum,</span> <span class='ocrx_word' id='word_1_208' title='bbox 393 1903 512 1959; x_wconf 84' lang='lat' dir='ltr'>quasi</span> <span class='ocrx_word' id='word_1_209' title='bbox 542 1903 771 1959; x_wconf 86' lang='lat' dir='ltr'>uoluptatis</span> <span class='ocrx_word' id='word_1_210' title='bbox 802 1910 1027 1944; x_wconf 84' lang='lat' dir='ltr'>auctorem.</span> 
     </span>
     <span class='ocr_line' id='line_1_25' title="bbox 316 1972 2031 2034; baseline -0.003 -16"><span class='ocrx_word' id='word_1_211' title='bbox 316 1979 379 2018; x_wconf 91' lang='lat'>12.</span> <span class='ocrx_word' id='word_1_212' title='bbox 414 1978 547 2032; x_wconf 75' lang='lat' dir='ltr'>Lonqo</span> <span class='ocrx_word' id='word_1_213' title='bbox 578 1978 720 2034; x_wconf 71' lang='lat' dir='ltr'>quibus</span> <span class='ocrx_word' id='word_1_214' title='bbox 750 1978 874 2031; x_wconf 71' lang='lat' dir='ltr'>facies</span> <span class='ocrx_word' id='word_1_215' title='bbox 906 1978 991 2018; x_wconf 71' lang='lat' dir='ltr'>ouis</span> <span class='ocrx_word' id='word_1_216' title='bbox 1024 1978 1109 2017; x_wconf 73' lang='lat' dir='ltr'>erit.</span> <span class='ocrx_word' id='word_1_217' title='bbox 1171 1974 1287 2016; x_wconf 83' lang='lat' dir='ltr'>Bene</span> <span class='ocrx_word' id='word_1_218' title='bbox 1318 1974 1370 2015; x_wconf 88' lang='lat' dir='ltr'>ab</span> <span class='ocrx_word' id='word_1_219' title='bbox 1403 1974 1493 2015; x_wconf 90' lang='lat' dir='ltr'>ouis</span> <span class='ocrx_word' id='word_1_220' title='bbox 1525 1974 1663 2030; x_wconf 86' lang='lat' dir='ltr'>coepit</span> <span class='ocrx_word' id='word_1_221' title='bbox 1694 1974 1719 2014; x_wconf 88' lang='lat' dir='ltr'>i.</span> <span class='ocrx_word' id='word_1_222' title='bbox 1743 1987 1776 2014; x_wconf 92' lang='lat' dir='ltr'>e.</span> <span class='ocrx_word' id='word_1_223' title='bbox 1799 1972 1891 2030; x_wconf 85' lang='lat' dir='ltr'>[ab]</span> <span class='ocrx_word' id='word_1_224' title='bbox 1912 1973 2031 2014; x_wconf 88' lang='lat' dir='ltr'>initio</span> 
     </span>
     <span class='ocr_line' id='line_1_26' title="bbox 135 2048 2011 2105; baseline -0.003 -11"><span class='ocrx_word' id='word_1_225' title='bbox 135 2064 175 2094; x_wconf 79' lang='lat'>25</span> <span class='ocrx_word' id='word_1_226' title='bbox 201 2065 370 2101; x_wconf 85' lang='lat' dir='ltr'>caenae,</span> <span class='ocrx_word' id='word_1_227' title='bbox 402 2059 446 2092; x_wconf 91' lang='lat' dir='ltr'>ut</span> <span class='ocrx_word' id='word_1_228' title='bbox 476 2051 578 2092; x_wconf 85' lang='lat' dir='ltr'>alibi</span> <span class='ocrx_word' id='word_1_229' title='bbox 610 2049 766 2105; x_wconf 78' lang='lat' dir='ltr'>(Serm.</span> <span class='ocrx_word' id='word_1_230' title='bbox 798 2049 832 2100; x_wconf 84' lang='lat' dir='ltr'>I,</span> <span class='ocrx_word' id='word_1_231' title='bbox 865 2052 903 2099; x_wconf 79' lang='lat'>3,</span> <span class='ocrx_word' id='word_1_232' title='bbox 938 2052 960 2091; x_wconf 85' lang='lat'>6</span> <span class='ocrx_word' id='word_1_233' title='bbox 967 2062 1001 2105; x_wconf 89' lang='lat'>):</span> <span class='ocrx_word' id='word_1_234' title='bbox 1036 2050 1083 2091; x_wconf 84' lang='lat' dir='ltr'>ab</span> <span class='ocrx_word' id='word_1_235' title='bbox 1115 2065 1191 2091; x_wconf 71' lang='lat' dir='ltr'>ouo</span> <span class='ocrx_word' id='word_1_236' title='bbox 1226 2063 1346 2104; x_wconf 72' lang='lat' dir='ltr'>usque</span> <span class='ocrx_word' id='word_1_237' title='bbox 1378 2049 1431 2089; x_wconf 73' lang='lat' dir='ltr'>ml</span> <span class='ocrx_word' id='word_1_238' title='bbox 1463 2048 1569 2089; x_wconf 78' lang='lat' dir='ltr'>mala</span> <span class='ocrx_word' id='word_1_239' title='bbox 1602 2049 1742 2089; x_wconf 66' lang='lat' dir='ltr'>citaret</span> <span class='ocrx_word' id='word_1_240' title='bbox 1774 2049 1811 2089; x_wconf 73' lang='lat' dir='ltr'>io</span> <span class='ocrx_word' id='word_1_241' title='bbox 1847 2048 2011 2089; x_wconf 79' lang='lat' dir='ltr'>Bacche.</span> 
     </span>
     <span class='ocr_line' id='line_1_27' title="bbox 317 2123 1385 2180; baseline -0.004 -13"><span class='ocrx_word' id='word_1_242' title='bbox 317 2128 381 2167; x_wconf 80' lang='lat'>12.</span> <span class='ocrx_word' id='word_1_243' title='bbox 413 2126 551 2180; x_wconf 74' lang='lat' dir='ltr'>Lonya</span> <span class='ocrx_word' id='word_1_244' title='bbox 582 2126 734 2180; x_wconf 75' lang='lat' dir='ltr'>quibus.</span> <span class='ocrx_word' id='word_1_245' title='bbox 794 2123 885 2165; x_wconf 85' lang='lat' dir='ltr'>Iam</span> <span class='ocrx_word' id='word_1_246' title='bbox 918 2123 1067 2179; x_wconf 87' lang='lat' dir='ltr'>incipit</span> <span class='ocrx_word' id='word_1_247' title='bbox 1097 2129 1385 2179; x_wconf 89' lang='lat' dir='ltr'>praeceptum.</span> 
     </span>
     <span class='ocr_line' id='line_1_28' title="bbox 317 2194 2031 2252; baseline -0.003 -12"><span class='ocrx_word' id='word_1_248' title='bbox 317 2202 378 2240; x_wconf 90' lang='lat'>12.</span> <span class='ocrx_word' id='word_1_249' title='bbox 414 2200 476 2240; x_wconf 83' lang='lat'>13.</span> <span class='ocrx_word' id='word_1_250' title='bbox 509 2199 581 2240; x_wconf 67' lang='lat' dir='ltr'>illa</span> <span class='ocrx_word' id='word_1_251' title='bbox 613 2206 817 2247; x_wconf 74' lang='lat' dir='ltr'>memento,</span> <span class='ocrx_word' id='word_1_252' title='bbox 852 2198 902 2239; x_wconf 78' lang='lat' dir='ltr'>Ut</span> <span class='ocrx_word' id='word_1_253' title='bbox 930 2198 1220 2239; x_wconf 62' lang='lat' dir='ltr'>sucimeliorate.</span> <span class='ocrx_word' id='word_1_254' title='bbox 1282 2194 1441 2237; x_wconf 85' lang='lat' dir='ltr'>Crede:</span> <span class='ocrx_word' id='word_1_255' title='bbox 1481 2194 1620 2252; x_wconf 82' lang='lat' dir='ltr'>[quia]</span> <span class='ocrx_word' id='word_1_256' title='bbox 1655 2195 1850 2251; x_wconf 82' lang='lat' dir='ltr'>longiora</span> <span class='ocrx_word' id='word_1_257' title='bbox 1881 2210 1961 2237; x_wconf 86' lang='lat' dir='ltr'>oua</span> <span class='ocrx_word' id='word_1_258' title='bbox 1992 2203 2031 2236; x_wconf 88' lang='lat' dir='ltr'>et</span> 
     </span>
     <span class='ocr_line' id='line_1_29' title="bbox 202 2268 2030 2328; baseline -0.003 -13"><span class='ocrx_word' id='word_1_259' title='bbox 202 2273 375 2315; x_wconf 84' lang='lat' dir='ltr'>meliora</span> <span class='ocrx_word' id='word_1_260' title='bbox 406 2288 531 2328; x_wconf 85' lang='lat' dir='ltr'>quam</span> <span class='ocrx_word' id='word_1_261' title='bbox 565 2272 742 2314; x_wconf 85' lang='lat' dir='ltr'>rotunda</span> <span class='ocrx_word' id='word_1_262' title='bbox 774 2278 870 2313; x_wconf 86' lang='lat' dir='ltr'>sunt</span> <span class='ocrx_word' id='word_1_263' title='bbox 899 2278 939 2312; x_wconf 89' lang='lat' dir='ltr'>et</span> <span class='ocrx_word' id='word_1_264' title='bbox 969 2270 1189 2314; x_wconf 85' lang='lat' dir='ltr'>albidiora.</span> <span class='ocrx_word' id='word_1_265' title='bbox 1223 2278 1291 2311; x_wconf 81' lang='lat' dir='ltr'>aut</span> <span class='ocrx_word' id='word_1_266' title='bbox 1324 2270 1508 2319; x_wconf 88' lang='lat' dir='ltr'>fortiora,</span> <span class='ocrx_word' id='word_1_267' title='bbox 1540 2276 1608 2310; x_wconf 88' lang='lat' dir='ltr'>aut</span> <span class='ocrx_word' id='word_1_268' title='bbox 1641 2269 1826 2311; x_wconf 87' lang='lat' dir='ltr'>melioris</span> <span class='ocrx_word' id='word_1_269' title='bbox 1858 2268 2030 2325; x_wconf 85' lang='lat' dir='ltr'>saporis.</span> 
     </span>
     <span class='ocr_line' id='line_1_30' title="bbox 318 2344 1053 2401; baseline -0.004 -12"><span class='ocrx_word' id='word_1_270' title='bbox 318 2348 382 2389; x_wconf 87' lang='lat'>13.</span> <span class='ocrx_word' id='word_1_271' title='bbox 414 2349 516 2389; x_wconf 77' lang='lat' dir='ltr'>suci.</span> <span class='ocrx_word' id='word_1_272' title='bbox 576 2344 767 2401; x_wconf 86' lang='lat' dir='ltr'>Saporis,</span> <span class='ocrx_word' id='word_1_273' title='bbox 800 2345 921 2400; x_wconf 84' lang='lat' dir='ltr'>quasi</span> <span class='ocrx_word' id='word_1_274' title='bbox 953 2346 1053 2387; x_wconf 86' lang='lat' dir='ltr'>suci.</span> 
     </span>
    </p>
   </div>
   <div class='ocr_carea' id='block_1_3' title="bbox 202 2546 2033 2760">
    <p class='ocr_par' dir='ltr' id='par_1_3' title="bbox 202 2546 2033 2760">
     <span class='ocr_line' id='line_1_31' title="bbox 320 2546 2032 2592; baseline -0.003 -13"><span class='ocrx_word' id='word_1_275' title='bbox 320 2549 353 2589; x_wconf 89' lang='lat'>1)</span> <span class='ocrx_word' id='word_1_276' title='bbox 377 2560 447 2580; x_wconf 79' lang='grc' dir='ltr'>κινα</span> <span class='ocrx_word' id='word_1_277' title='bbox 471 2559 497 2592; x_wconf 83' lang='grc' dir='ltr'><strong>γ.</strong></span> <span class='ocrx_word' id='word_1_278' title='bbox 523 2549 602 2579; x_wconf 80' lang='lat' dir='ltr'>scire</span> <span class='ocrx_word' id='word_1_279' title='bbox 627 2558 651 2590; x_wconf 78' lang='grc' dir='ltr'><strong>γ.</strong></span> <span class='ocrx_word' id='word_1_280' title='bbox 678 2549 747 2578; x_wconf 83' lang='lat' dir='ltr'>rell.</span> <span class='ocrx_word' id='word_1_281' title='bbox 773 2548 880 2577; x_wconf 76' lang='lat' dir='ltr'>dicere.</span> <span class='ocrx_word' id='word_1_282' title='bbox 931 2548 965 2586; x_wconf 77' lang='lat'>2)</span> <span class='ocrx_word' id='word_1_283' title='bbox 992 2548 1081 2576; x_wconf 74' lang='lat' dir='ltr'>Alias</span> <span class='ocrx_word' id='word_1_284' title='bbox 1107 2556 1167 2576; x_wconf 88' lang='lat' dir='ltr'>om.</span> <span class='ocrx_word' id='word_1_285' title='bbox 1192 2557 1217 2589; x_wconf 64' lang='grc' dir='ltr'>γ.</span> <span class='ocrx_word' id='word_1_286' title='bbox 1264 2566 1267 2567; x_wconf 31' lang='lat'><em>⁷</em></span> <span class='ocrx_word' id='word_1_287' title='bbox 1312 2546 1462 2577; x_wconf 77' lang='lat' dir='ltr'>Socraten</span> <span class='ocrx_word' id='word_1_288' title='bbox 1487 2556 1512 2586; x_wconf 79' lang='grc' dir='ltr'><strong>γ.</strong></span> <span class='ocrx_word' id='word_1_289' title='bbox 1543 2562 1583 2566; x_wconf 44' lang='grc' dir='ltr'>-Ν</span> <span class='ocrx_word' id='word_1_290' title='bbox 1609 2546 1789 2576; x_wconf 81' lang='lat' dir='ltr'>doctrinam</span> <span class='ocrx_word' id='word_1_291' title='bbox 1814 2555 1841 2588; x_wconf 83' lang='grc' dir='ltr'><strong>γ.</strong></span> <span class='ocrx_word' id='word_1_292' title='bbox 1869 2546 1937 2575; x_wconf 86' lang='lat' dir='ltr'>rell.</span> <span class='ocrx_word' id='word_1_293' title='bbox 1963 2555 2032 2575; x_wconf 79' lang='lat' dir='ltr'>cau-</span> 
     </span>
     <span class='ocr_line' id='line_1_32' title="bbox 202 2601 2030 2647; baseline -0.003 -12"><span class='ocrx_word' id='word_1_294' title='bbox 202 2616 276 2638; x_wconf 78' lang='lat' dir='ltr'>sam.</span> <span class='ocrx_word' id='word_1_295' title='bbox 327 2608 362 2646; x_wconf 86' lang='lat'>3)</span> <span class='ocrx_word' id='word_1_296' title='bbox 387 2606 504 2635; x_wconf 75' lang='lat' dir='ltr'>trudico</span> <span class='ocrx_word' id='word_1_297' title='bbox 528 2615 554 2647; x_wconf 70' lang='grc' dir='ltr'>γ,</span> <span class='ocrx_word' id='word_1_298' title='bbox 583 2605 653 2635; x_wconf 84' lang='lat' dir='ltr'>rell.</span> <span class='ocrx_word' id='word_1_299' title='bbox 680 2606 787 2643; x_wconf 73' lang='lat' dir='ltr'>Lyceo.</span> <span class='ocrx_word' id='word_1_300' title='bbox 838 2605 872 2642; x_wconf 84' lang='lat'>5)</span> <span class='ocrx_word' id='word_1_301' title='bbox 900 2605 982 2634; x_wconf 88' lang='lat' dir='ltr'>enim</span> <span class='ocrx_word' id='word_1_302' title='bbox 1008 2615 1033 2646; x_wconf 84' lang='grc' dir='ltr'><strong>γ.</strong></span> <span class='ocrx_word' id='word_1_303' title='bbox 1060 2605 1129 2633; x_wconf 81' lang='lat' dir='ltr'>rell.</span> <span class='ocrx_word' id='word_1_304' title='bbox 1157 2614 1216 2633; x_wconf 83' lang='lat' dir='ltr'>om.</span> <span class='ocrx_word' id='word_1_305' title='bbox 1270 2601 1371 2641; x_wconf 29' lang='grc' dir='ltr'><strong>7ῐ-9)</strong></span> <span class='ocrx_word' id='word_1_306' title='bbox 1396 2603 1554 2632; x_wconf 81' lang='lat' dir='ltr'>Horatius</span> <span class='ocrx_word' id='word_1_307' title='bbox 1576 2619 1614 2624; x_wconf 90' lang='lat'>—-</span> <span class='ocrx_word' id='word_1_308' title='bbox 1636 2603 1795 2631; x_wconf 83' lang='lat' dir='ltr'>exciderit</span> <span class='ocrx_word' id='word_1_309' title='bbox 1820 2611 1847 2643; x_wconf 77' lang='grc' dir='ltr'><strong>γ.</strong></span> <span class='ocrx_word' id='word_1_310' title='bbox 1874 2603 1945 2632; x_wconf 86' lang='lat' dir='ltr'>rell.</span> <span class='ocrx_word' id='word_1_311' title='bbox 1971 2612 2030 2632; x_wconf 88' lang='lat' dir='ltr'>om.</span> 
     </span>
     <span class='ocr_line' id='line_1_33' title="bbox 209 2658 2033 2704; baseline -0.003 -11"><span class='ocrx_word' id='word_1_312' title='bbox 209 2663 264 2702; x_wconf 89' lang='grc'><strong>10)</strong></span> <span class='ocrx_word' id='word_1_313' title='bbox 291 2663 419 2701; x_wconf 77' lang='lat' dir='ltr'>grandis</span> <span class='ocrx_word' id='word_1_314' title='bbox 443 2664 527 2692; x_wconf 87' lang='lat' dir='ltr'>enim</span> <span class='ocrx_word' id='word_1_315' title='bbox 552 2663 622 2692; x_wconf 83' lang='lat' dir='ltr'>vult</span> <span class='ocrx_word' id='word_1_316' title='bbox 646 2671 716 2691; x_wconf 84' lang='lat' dir='ltr'>esse</span> <span class='ocrx_word' id='word_1_317' title='bbox 740 2671 767 2704; x_wconf 77' lang='grc' dir='ltr'><strong>γ.</strong></span> <span class='ocrx_word' id='word_1_318' title='bbox 792 2661 861 2690; x_wconf 88' lang='lat' dir='ltr'>rell.</span> <span class='ocrx_word' id='word_1_319' title='bbox 895 2661 1008 2699; x_wconf 71' lang='lat' dir='ltr'>gradus</span> <span class='ocrx_word' id='word_1_320' title='bbox 1034 2662 1118 2690; x_wconf 85' lang='lat' dir='ltr'>enim</span> <span class='ocrx_word' id='word_1_321' title='bbox 1146 2666 1205 2690; x_wconf 81' lang='lat' dir='ltr'>est.</span> <span class='ocrx_word' id='word_1_322' title='bbox 1276 2658 1329 2699; x_wconf 89' lang='lat'>11)</span> <span class='ocrx_word' id='word_1_323' title='bbox 1355 2659 1432 2689; x_wconf 72' lang='lat' dir='ltr'>Tres</span> <span class='ocrx_word' id='word_1_324' title='bbox 1471 2663 1543 2688; x_wconf 77' lang='lat' dir='ltr'>sunt</span> <span class='ocrx_word' id='word_1_325' title='bbox 1580 2659 1659 2698; x_wconf 91' lang='lat' dir='ltr'>phil.</span> <span class='ocrx_word' id='word_1_326' title='bbox 1699 2669 1748 2697; x_wconf 83' lang='lat' dir='ltr'>pa.</span> <span class='ocrx_word' id='word_1_327' title='bbox 1786 2669 1811 2700; x_wconf 77' lang='grc' dir='ltr'><strong>γ.</strong></span> <span class='ocrx_word' id='word_1_328' title='bbox 1849 2659 1918 2688; x_wconf 83' lang='lat' dir='ltr'>rell.</span> <span class='ocrx_word' id='word_1_329' title='bbox 1955 2658 2033 2688; x_wconf 84' lang='lat' dir='ltr'>Tres</span> 
     </span>
     <span class='ocr_line' id='line_1_34' title="bbox 207 2716 2032 2760; baseline -0.002 -12"><span class='ocrx_word' id='word_1_330' title='bbox 207 2721 285 2758; x_wconf 79' lang='lat' dir='ltr'>phil.</span> <span class='ocrx_word' id='word_1_331' title='bbox 314 2730 363 2758; x_wconf 85' lang='lat' dir='ltr'>pa.</span> <span class='ocrx_word' id='word_1_332' title='bbox 389 2724 474 2750; x_wconf 87' lang='lat' dir='ltr'>sunt.</span> <span class='ocrx_word' id='word_1_333' title='bbox 527 2720 581 2758; x_wconf 80' lang='lat'>13)</span> <span class='ocrx_word' id='word_1_334' title='bbox 611 2718 669 2753; x_wconf 73' lang='lat' dir='ltr'>Qui</span> <span class='ocrx_word' id='word_1_335' title='bbox 692 2728 724 2747; x_wconf 84' lang='lat' dir='ltr'>es</span> <span class='ocrx_word' id='word_1_336' title='bbox 749 2727 775 2760; x_wconf 83' lang='grc' dir='ltr'><strong>γ.</strong></span> <span class='ocrx_word' id='word_1_337' title='bbox 800 2719 870 2748; x_wconf 87' lang='lat' dir='ltr'>rell.</span> <span class='ocrx_word' id='word_1_338' title='bbox 899 2728 958 2747; x_wconf 89' lang='lat' dir='ltr'>om.</span> <span class='ocrx_word' id='word_1_339' title='bbox 989 2717 1061 2753; x_wconf 82' lang='lat' dir='ltr'>Qui.</span> <span class='ocrx_word' id='word_1_340' title='bbox 1114 2717 1168 2755; x_wconf 81' lang='lat'>14)</span> <span class='ocrx_word' id='word_1_341' title='bbox 1197 2717 1316 2746; x_wconf 72' lang='lat' dir='ltr'>scilicet</span> <span class='ocrx_word' id='word_1_342' title='bbox 1341 2716 1373 2745; x_wconf 74' lang='lat' dir='ltr'>in</span> <span class='ocrx_word' id='word_1_343' title='bbox 1398 2716 1439 2745; x_wconf 87' lang='lat' dir='ltr'>ad</span> <span class='ocrx_word' id='word_1_344' title='bbox 1465 2720 1527 2745; x_wconf 78' lang='lat' dir='ltr'>utr.</span> <span class='ocrx_word' id='word_1_345' title='bbox 1554 2719 1694 2753; x_wconf 62' lang='lat' dir='ltr'>paratus.</span> <span class='ocrx_word' id='word_1_346' title='bbox 1720 2726 1747 2757; x_wconf 72' lang='grc' dir='ltr'><strong>γ.</strong></span> <span class='ocrx_word' id='word_1_347' title='bbox 1766 2716 1834 2744; x_wconf 88' lang='lat' dir='ltr'>rell.</span> <span class='ocrx_word' id='word_1_348' title='bbox 1852 2725 1912 2745; x_wconf 91' lang='lat' dir='ltr'>om.</span> <span class='ocrx_word' id='word_1_349' title='bbox 1940 2716 1973 2744; x_wconf 86' lang='lat' dir='ltr'>in</span> <span class='ocrx_word' id='word_1_350' title='bbox 1992 2732 2032 2736; x_wconf 46' lang='lat' dir='ltr'>—a</span> 
     </span>
    </p>
   </div>
   <div class='ocr_carea' id='block_1_4' title="bbox 206 2772 2034 2932">
    <p class='ocr_par' dir='ltr' id='par_1_4' title="bbox 206 2772 2034 2932">
     <span class='ocr_line' id='line_1_35' title="bbox 206 2772 2032 2819; baseline -0.003 -14"><span class='ocrx_word' id='word_1_351' title='bbox 206 2777 413 2816; x_wconf 79' lang='lat' dir='ltr'>philosophia</span> <span class='ocrx_word' id='word_1_352' title='bbox 435 2787 462 2819; x_wconf 83' lang='grc' dir='ltr'><strong>γ.</strong></span> <span class='ocrx_word' id='word_1_353' title='bbox 487 2777 556 2808; x_wconf 85' lang='lat' dir='ltr'>rell.</span> <span class='ocrx_word' id='word_1_354' title='bbox 582 2786 642 2806; x_wconf 86' lang='lat' dir='ltr'>om.</span> <span class='ocrx_word' id='word_1_355' title='bbox 710 2775 765 2813; x_wconf 88' lang='grc'><strong>16)</strong></span> <span class='ocrx_word' id='word_1_356' title='bbox 791 2774 876 2810; x_wconf 87' lang='lat' dir='ltr'>Quin</span> <span class='ocrx_word' id='word_1_357' title='bbox 969 2774 1048 2803; x_wconf 87' lang='lat' dir='ltr'>mihi</span> <span class='ocrx_word' id='word_1_358' title='bbox 1075 2783 1100 2814; x_wconf 81' lang='grc' dir='ltr'><strong>γ.</strong></span> <span class='ocrx_word' id='word_1_359' title='bbox 1127 2774 1195 2803; x_wconf 87' lang='lat' dir='ltr'>rell.</span> <span class='ocrx_word' id='word_1_360' title='bbox 1223 2783 1283 2803; x_wconf 89' lang='lat' dir='ltr'>om.</span> <span class='ocrx_word' id='word_1_361' title='bbox 1322 2772 1418 2802; x_wconf 82' lang='lat' dir='ltr'>Certe</span> <span class='ocrx_word' id='word_1_362' title='bbox 1443 2772 1537 2802; x_wconf 73' lang='lat' dir='ltr'>catius</span> <span class='ocrx_word' id='word_1_363' title='bbox 1562 2773 1622 2801; x_wconf 87' lang='lat' dir='ltr'>hoc</span> <span class='ocrx_word' id='word_1_364' title='bbox 1648 2782 1688 2801; x_wconf 87' lang='lat' dir='ltr'>m.</span> <span class='ocrx_word' id='word_1_365' title='bbox 1726 2776 1795 2802; x_wconf 83' lang='lat' dir='ltr'>erat</span> <span class='ocrx_word' id='word_1_366' title='bbox 1830 2781 1935 2809; x_wconf 74' lang='lat' dir='ltr'>curae,</span> <span class='ocrx_word' id='word_1_367' title='bbox 1972 2781 2032 2801; x_wconf 88' lang='lat' dir='ltr'>om.</span> 
     </span>
     <span class='ocr_line' id='line_1_36' title="bbox 207 2827 2034 2875; baseline -0.003 -13"><span class='ocrx_word' id='word_1_368' title='bbox 207 2843 301 2864; x_wconf 83' lang='lat' dir='ltr'>nunc.</span> <span class='ocrx_word' id='word_1_369' title='bbox 327 2844 353 2875; x_wconf 76' lang='grc' dir='ltr'><strong>γ.</strong></span> <span class='ocrx_word' id='word_1_370' title='bbox 379 2833 488 2863; x_wconf 73' lang='lat' dir='ltr'>audire</span> <span class='ocrx_word' id='word_1_371' title='bbox 514 2843 551 2863; x_wconf 84' lang='lat' dir='ltr'>ea</span> <span class='ocrx_word' id='word_1_372' title='bbox 574 2842 600 2874; x_wconf 79' lang='grc' dir='ltr'><strong>γ.</strong></span> <span class='ocrx_word' id='word_1_373' title='bbox 627 2833 696 2862; x_wconf 88' lang='lat' dir='ltr'>rell.</span> <span class='ocrx_word' id='word_1_374' title='bbox 722 2830 871 2861; x_wconf 68' lang='lat' dir='ltr'>meditari.</span> <span class='ocrx_word' id='word_1_375' title='bbox 938 2830 993 2869; x_wconf 79' lang='lat'>19)</span> <span class='ocrx_word' id='word_1_376' title='bbox 1022 2830 1162 2859; x_wconf 68' lang='lat' dir='ltr'>Subtiles</span> <span class='ocrx_word' id='word_1_377' title='bbox 1188 2839 1214 2870; x_wconf 73' lang='grc' dir='ltr'><strong>γ.</strong></span> <span class='ocrx_word' id='word_1_378' title='bbox 1240 2829 1308 2858; x_wconf 86' lang='lat' dir='ltr'>rell.</span> <span class='ocrx_word' id='word_1_379' title='bbox 1337 2839 1397 2858; x_wconf 89' lang='lat' dir='ltr'>om.</span> <span class='ocrx_word' id='word_1_380' title='bbox 1423 2829 1505 2858; x_wconf 81' lang='lat' dir='ltr'>Haec</span> <span class='ocrx_word' id='word_1_381' title='bbox 1529 2829 1613 2858; x_wconf 88' lang='lat' dir='ltr'>libri.</span> <span class='ocrx_word' id='word_1_382' title='bbox 1641 2829 1729 2867; x_wconf 80' lang='lat' dir='ltr'>posui</span> <span class='ocrx_word' id='word_1_383' title='bbox 1758 2829 1830 2857; x_wconf 78' lang='lat' dir='ltr'>Hae.</span> <span class='ocrx_word' id='word_1_384' title='bbox 1882 2827 1938 2867; x_wconf 82' lang='grc'>20)</span> <span class='ocrx_word' id='word_1_385' title='bbox 1964 2828 2034 2857; x_wconf 88' lang='lat' dir='ltr'>Ede</span> 
     </span>
     <span class='ocr_line' id='line_1_37' title="bbox 209 2885 2033 2932; baseline -0.002 -13"><span class='ocrx_word' id='word_1_386' title='bbox 209 2907 248 2910; x_wconf 74' lang='lat'>—-</span> <span class='ocrx_word' id='word_1_387' title='bbox 275 2891 332 2919; x_wconf 85' lang='lat' dir='ltr'>ede</span> <span class='ocrx_word' id='word_1_388' title='bbox 357 2900 382 2932; x_wconf 80' lang='grc' dir='ltr'><strong>γ.</strong></span> <span class='ocrx_word' id='word_1_389' title='bbox 412 2891 481 2919; x_wconf 84' lang='lat' dir='ltr'>rell.</span> <span class='ocrx_word' id='word_1_390' title='bbox 509 2900 570 2919; x_wconf 88' lang='lat' dir='ltr'>om.</span> <span class='ocrx_word' id='word_1_391' title='bbox 636 2888 693 2928; x_wconf 83' lang='grc'><strong>21)</strong></span> <span class='ocrx_word' id='word_1_392' title='bbox 718 2888 788 2926; x_wconf 82' lang='lat' dir='ltr'>Ipse</span> <span class='ocrx_word' id='word_1_393' title='bbox 813 2887 857 2917; x_wconf 85' lang='lat' dir='ltr'>fh.</span> <span class='ocrx_word' id='word_1_394' title='bbox 886 2886 997 2916; x_wconf 62' lang='lat' dir='ltr'>Catius</span> <span class='ocrx_word' id='word_1_395' title='bbox 1025 2896 1049 2928; x_wconf 63' lang='lat' dir='ltr'>‘a&#39;-</span> <span class='ocrx_word' id='word_1_396' title='bbox 1071 2887 1138 2915; x_wconf 87' lang='lat' dir='ltr'>rell.</span> <span class='ocrx_word' id='word_1_397' title='bbox 1161 2897 1219 2915; x_wconf 68' lang='lat' dir='ltr'>om.</span> <span class='ocrx_word' id='word_1_398' title='bbox 1286 2886 1343 2924; x_wconf 80' lang='lat'>24)</span> <span class='ocrx_word' id='word_1_399' title='bbox 1370 2885 1488 2924; x_wconf 73' lang='lat' dir='ltr'>incepit</span> <span class='ocrx_word' id='word_1_400' title='bbox 1515 2886 1550 2915; x_wconf 82' lang='lat' dir='ltr'>C.</span> <span class='ocrx_word' id='word_1_401' title='bbox 1583 2904 1617 2906; x_wconf 31' lang='lat' dir='ltr'>j*</span> <span class='ocrx_word' id='word_1_402' title='bbox 1651 2886 1687 2915; x_wconf 77' lang='lat' dir='ltr'>ab</span> <span class='ocrx_word' id='word_1_403' title='bbox 1712 2897 1771 2916; x_wconf 82' lang='lat' dir='ltr'>om.</span> <span class='ocrx_word' id='word_1_404' title='bbox 1797 2895 1911 2927; x_wconf 67' lang='lat' dir='ltr'>·,¹.1nva.</span> <span class='ocrx_word' id='word_1_405' title='bbox 1936 2889 2033 2915; x_wconf 83' lang='lat' dir='ltr'>reete.</span> 
     </span>
    </p>
   </div>
   <div class='ocr_carea' id='block_1_5' title="bbox 210 2942 2080 2990">
    <p class='ocr_par' dir='ltr' id='par_1_5' title="bbox 210 2942 2080 2990">
     <span class='ocr_line' id='line_1_38' title="bbox 210 2942 2080 2990; baseline -0.004 -14"><span class='ocrx_word' id='word_1_406' title='bbox 210 2948 267 2986; x_wconf 81' lang='grc'>26)</span> <span class='ocrx_word' id='word_1_407' title='bbox 293 2947 404 2985; x_wconf 78' lang='lat' dir='ltr'>Longa</span> <span class='ocrx_word' id='word_1_408' title='bbox 438 2966 459 2967; x_wconf 31' lang='lat' dir='ltr'><em>ff</em></span> <span class='ocrx_word' id='word_1_409' title='bbox 475 2951 680 2985; x_wconf 85' lang='lat' dir='ltr'>praeceptum</span> <span class='ocrx_word' id='word_1_410' title='bbox 698 2955 724 2987; x_wconf 74' lang='grc' dir='ltr'><strong>γ.</strong></span> <span class='ocrx_word' id='word_1_411' title='bbox 743 2945 810 2974; x_wconf 86' lang='lat' dir='ltr'>rell.</span> <span class='ocrx_word' id='word_1_412' title='bbox 830 2954 892 2974; x_wconf 88' lang='lat' dir='ltr'>om.</span> <span class='ocrx_word' id='word_1_413' title='bbox 944 2944 1001 2982; x_wconf 76' lang='lat'>27)</span> <span class='ocrx_word' id='word_1_414' title='bbox 1029 2943 1131 2972; x_wconf 82' lang='lat' dir='ltr'>Credo</span> <span class='ocrx_word' id='word_1_415' title='bbox 1148 2953 1172 2984; x_wconf 59' lang='grc' dir='ltr'><strong>γ.</strong></span> <span class='ocrx_word' id='word_1_416' title='bbox 1193 2944 1261 2972; x_wconf 76' lang='lat' dir='ltr'>rell.</span> <span class='ocrx_word' id='word_1_417' title='bbox 1288 2942 1387 2972; x_wconf 80' lang='lat' dir='ltr'>Crede</span> <span class='ocrx_word' id='word_1_418' title='bbox 1404 2953 1464 2973; x_wconf 89' lang='lat' dir='ltr'>om.</span> <span class='ocrx_word' id='word_1_419' title='bbox 1484 2942 1518 2972; x_wconf 84' lang='lat' dir='ltr'>C.</span> <span class='ocrx_word' id='word_1_420' title='bbox 1546 2947 1675 2980; x_wconf 84' lang='lat' dir='ltr'>propter</span> <span class='ocrx_word' id='word_1_421' title='bbox 1693 2944 1752 2973; x_wconf 84' lang='lat' dir='ltr'>hoc</span> <span class='ocrx_word' id='word_1_422' title='bbox 1771 2944 1902 2972; x_wconf 83' lang='lat' dir='ltr'>uerbum</span> <span class='ocrx_word' id='word_1_423' title='bbox 1920 2943 2032 2972; x_wconf 83' lang='lat' dir='ltr'>lemma</span> <span class='ocrx_word' id='word_1_424' title='bbox 2070 2979 2080 2990; x_wconf 46' lang='grc' dir='ltr'>ι</span> 
     </span>
    </p>
   </div>
   <div class='ocr_carea' id='block_1_6' title="bbox 209 2997 2034 3156">
    <p class='ocr_par' dir='ltr' id='par_1_6' title="bbox 209 2997 2034 3156">
     <span class='ocr_line' id='line_1_39' title="bbox 215 2997 2032 3042; baseline -0.003 -10"><span class='ocrx_word' id='word_1_425' title='bbox 215 3004 251 3032; x_wconf 72' lang='lat' dir='ltr'>m</span> <span class='ocrx_word' id='word_1_426' title='bbox 273 3013 317 3033; x_wconf 78' lang='lat' dir='ltr'>su.</span> <span class='ocrx_word' id='word_1_427' title='bbox 342 3003 407 3033; x_wconf 81' lang='lat' dir='ltr'>mel.</span> <span class='ocrx_word' id='word_1_428' title='bbox 435 3004 638 3041; x_wconf 81' lang='lat' dir='ltr'>amplificaui.</span> <span class='ocrx_word' id='word_1_429' title='bbox 666 3003 742 3041; x_wconf 82' lang='lat' dir='ltr'>quia</span> <span class='ocrx_word' id='word_1_430' title='bbox 767 3011 826 3031; x_wconf 87' lang='lat' dir='ltr'>om.</span> <span class='ocrx_word' id='word_1_431' title='bbox 853 3010 877 3042; x_wconf 74' lang='grc' dir='ltr'><strong>γ.</strong></span> <span class='ocrx_word' id='word_1_432' title='bbox 906 3001 951 3030; x_wconf 75' lang='lat' dir='ltr'>uel</span> <span class='ocrx_word' id='word_1_433' title='bbox 974 3000 1127 3030; x_wconf 70' lang='lat' dir='ltr'>albidiora</span> <span class='ocrx_word' id='word_1_434' title='bbox 1154 3010 1178 3041; x_wconf 51' lang='grc' dir='ltr'>γ.</span> <span class='ocrx_word' id='word_1_435' title='bbox 1207 3005 1235 3029; x_wconf 69' lang='lat' dir='ltr'>ot</span> <span class='ocrx_word' id='word_1_436' title='bbox 1263 3002 1333 3029; x_wconf 70' lang='lat' dir='ltr'>mel.</span> <span class='ocrx_word' id='word_1_437' title='bbox 1361 3006 1435 3029; x_wconf 82' lang='lat' dir='ltr'>sunt</span> <span class='ocrx_word' id='word_1_438' title='bbox 1462 3005 1491 3029; x_wconf 85' lang='lat' dir='ltr'>et</span> <span class='ocrx_word' id='word_1_439' title='bbox 1518 2999 1699 3029; x_wconf 77' lang='lat' dir='ltr'>candidiora</span> <span class='ocrx_word' id='word_1_440' title='bbox 1725 3008 1819 3037; x_wconf 84' lang='lat' dir='ltr'>quam</span> <span class='ocrx_word' id='word_1_441' title='bbox 1844 3000 1983 3029; x_wconf 82' lang='lat' dir='ltr'>rotunda</span> <span class='ocrx_word' id='word_1_442' title='bbox 1996 2997 2032 3027; x_wconf 84' lang='lat' dir='ltr'>C.</span> 
     </span>
     <span class='ocr_line' id='line_1_40' title="bbox 209 3055 2034 3098; baseline -0.003 -8"><span class='ocrx_word' id='word_1_443' title='bbox 209 3062 339 3090; x_wconf 82' lang='lat' dir='ltr'>meliora</span> <span class='ocrx_word' id='word_1_444' title='bbox 365 3066 437 3090; x_wconf 71' lang='lat' dir='ltr'>sunt</span> <span class='ocrx_word' id='word_1_445' title='bbox 465 3062 550 3098; x_wconf 80' lang='lat' dir='ltr'>long.</span> <span class='ocrx_word' id='word_1_446' title='bbox 578 3070 637 3089; x_wconf 84' lang='lat' dir='ltr'>oua</span> <span class='ocrx_word' id='word_1_447' title='bbox 663 3070 766 3098; x_wconf 86' lang='lat' dir='ltr'>quam.</span> <span class='ocrx_word' id='word_1_448' title='bbox 794 3063 854 3088; x_wconf 84' lang='lat' dir='ltr'>rot.</span> <span class='ocrx_word' id='word_1_449' title='bbox 883 3063 910 3087; x_wconf 82' lang='lat' dir='ltr'>et</span> <span class='ocrx_word' id='word_1_450' title='bbox 939 3057 1057 3087; x_wconf 69' lang='lat' dir='ltr'>albiora</span> <span class='ocrx_word' id='word_1_451' title='bbox 1082 3062 1136 3087; x_wconf 81' lang='lat' dir='ltr'>aut</span> <span class='ocrx_word' id='word_1_452' title='bbox 1162 3059 1291 3086; x_wconf 69' lang='lat' dir='ltr'>fortiora.</span> <span class='ocrx_word' id='word_1_453' title='bbox 1330 3065 1381 3086; x_wconf 77' lang='lat' dir='ltr'>aur</span> <span class='ocrx_word' id='word_1_454' title='bbox 1421 3061 1491 3093; x_wconf 51' lang='lat' dir='ltr'>taut¹</span> <span class='ocrx_word' id='word_1_455' title='bbox 1517 3065 1576 3085; x_wconf 85' lang='lat' dir='ltr'>om.</span> <span class='ocrx_word' id='word_1_456' title='bbox 1605 3056 1694 3094; x_wconf 67' lang='lat' dir='ltr'>mvn)</span> <span class='ocrx_word' id='word_1_457' title='bbox 1733 3056 1875 3085; x_wconf 63' lang='lat' dir='ltr'>melioris·</span> <span class='ocrx_word' id='word_1_458' title='bbox 1913 3055 2034 3093; x_wconf 70' lang='lat' dir='ltr'>saporis</span> 
     </span>
     <span class='ocr_line' id='line_1_41' title="bbox 210 3111 2031 3156; baseline -0.004 -9"><span class='ocrx_word' id='word_1_459' title='bbox 210 3116 398 3156; x_wconf 82' lang='lat' dir='ltr'>G(Q)‚mva.</span> <span class='ocrx_word' id='word_1_460' title='bbox 428 3117 517 3146; x_wconf 72' lang='lat' dir='ltr'>sortia</span> <span class='ocrx_word' id='word_1_461' title='bbox 543 3121 593 3146; x_wconf 70' lang='lat' dir='ltr'>aut</span> <span class='ocrx_word' id='word_1_462' title='bbox 618 3117 759 3147; x_wconf 74' lang='lat' dir='ltr'>melioris</span> <span class='ocrx_word' id='word_1_463' title='bbox 786 3116 910 3154; x_wconf 79' lang='lat' dir='ltr'>saporis</span> <span class='ocrx_word' id='word_1_464' title='bbox 935 3125 951 3156; x_wconf 72' lang='grc' dir='ltr'>γ</span> <span class='ocrx_word' id='word_1_465' title='bbox 978 3116 1008 3143; x_wconf 86' lang='lat' dir='ltr'>iu</span> <span class='ocrx_word' id='word_1_466' title='bbox 1036 3115 1182 3152; x_wconf 84' lang='lat' dir='ltr'>margine</span> <span class='ocrx_word' id='word_1_467' title='bbox 1207 3124 1223 3142; x_wconf 78' lang='lat' dir='ltr'>a</span> <span class='ocrx_word' id='word_1_468' title='bbox 1257 3117 1262 3141; x_wconf 91' lang='grc'><strong>1</strong></span> <span class='ocrx_word' id='word_1_469' title='bbox 1295 3124 1334 3143; x_wconf 87' lang='lat' dir='ltr'>m.</span> <span class='ocrx_word' id='word_1_470' title='bbox 1365 3114 1402 3141; x_wconf 69' lang='lat' dir='ltr'>ad</span> <span class='ocrx_word' id='word_1_471' title='bbox 1430 3123 1457 3141; x_wconf 85' lang='lat' dir='ltr'>u.</span> <span class='ocrx_word' id='word_1_472' title='bbox 1485 3122 1606 3141; x_wconf 74' lang='lat' dir='ltr'>marem.</span> <span class='ocrx_word' id='word_1_473' title='bbox 1668 3112 1726 3150; x_wconf 86' lang='grc'>29)</span> <span class='ocrx_word' id='word_1_474' title='bbox 1754 3113 1818 3142; x_wconf 80' lang='lat' dir='ltr'>suci</span> <span class='ocrx_word' id='word_1_475' title='bbox 1914 3111 1979 3140; x_wconf 78' lang='lat' dir='ltr'>suci</span> <span class='ocrx_word' id='word_1_476' title='bbox 2005 3120 2031 3151; x_wconf 73' lang='grc' dir='ltr'><strong>γ.</strong></span> 
     </span>
    </p>
   </div>
   <div class='ocr_carea' id='block_1_7' title="bbox 210 3174 365 3203">
    <p class='ocr_par' dir='ltr' id='par_1_7' title="bbox 210 3174 365 3203">
     <span class='ocr_line' id='line_1_42' title="bbox 210 3174 365 3203; baseline 0 -2"><span class='ocrx_word' id='word_1_477' title='bbox 210 3174 278 3203; x_wconf 84' lang='lat' dir='ltr'>rell.</span> <span class='ocrx_word' id='word_1_478' title='bbox 305 3183 365 3203; x_wconf 89' lang='lat' dir='ltr'>om.</span> 
     </span>
    </p>
   </div>
   <div class='ocr_carea' id='block_1_8' title="bbox 2105 0 2143 335">
    <p class='ocr_par' dir='ltr' id='par_1_8' title="bbox 2105 0 2143 335">
     <span class='ocr_line' id='line_1_43' title="bbox 2105 0 2143 335; baseline 0 3077"><span class='ocrx_word' id='word_1_479' title='bbox 2105 0 2143 335; x_wconf 95' lang='lat' dir='ltr'> </span> 
     </span>
    </p>
   </div>
   <div class='ocr_carea' id='block_1_9' title="bbox 2114 1432 2117 2202">
    <p class='ocr_par' dir='ltr' id='par_1_9' title="bbox 2114 1432 2117 2202">
     <span class='ocr_line' id='line_1_44' title="bbox 2114 1432 2117 2202; baseline 0 0"><span class='ocrx_word' id='word_1_480' title='bbox 2114 1432 2117 2202; x_wconf 95' lang='lat' dir='ltr'> </span> 
     </span>
    </p>
   </div>
  </div>
 </body>
</html>
