2148 3412
784 102 833 133 IN
860 103 955 134 ART
980 102 1113 134 POET.
1790 94 1871 135 613

147 224 240 264 219.
272 223 490 279 Sorte'leqt's.
552 223 699 266 Sortes
730 225 941 276 dantibus,
974 241 1051 281 per
1082 241 1186 281 quas
1215 228 1355 268 futura
1385 235 1626 270 noscuntur.

147 297 246 353 [non
277 299 496 354 discrepuit
525 301 717 340 sementia
750 300 928 355 Delphis.
986 299 1038 340 Id
1069 306 1150 341 est:
1199 315 1306 355 quae
1337 308 1460 343 antea
1490 302 1604 344 utilis
1635 309 1737 353 erat,
1770 302 1872 344 talia

34 370 170 425 coepit
202 371 357 421 dicere,
390 371 534 426 qualia
564 371 608 413 in
639 372 797 427 templo
829 371 1045 428 Apollinis
1076 373 1306 431 dicuntur.]

147 442 262 500 [220.
296 445 480 486 Carmine
516 447 586 501 qui
628 448 794 500 lraqe’eo.
876 445 1025 495 Docet,
1072 448 1284 502 quomodo
1330 456 1490 490 mutata
1536 457 1597 492 est
1641 450 1872 506 disciplina

36 524 276 573 poetarum3
309 533 406 558 nam
438 518 601 573 primus
632 518 815 574 Thespis
846 520 1111 575 tragoediam
1143 521 1342 578 scripsit]

144 593 265 633 uilem
292 593 468 633 certauit
489 593 534 634 ob
557 593 729 634 hircum.
791 595 938 635 Hircus
966 593 1045 634 fuit
1074 595 1311 649 praemium
1342 597 1588 652 tragoediae
1611 597 1869 654 [tragoedo]‚

32 666 142 708 unde
173 672 213 706 et
243 665 464 721 tragoedia
493 666 606 707 dicta
637 673 716 715 est3
747 667 894 721 τράγος
925 667 1037 708 enim
1071 665 1238 710 Graece
1268 668 1411 710 hircus
1441 670 1689 724 adpellatur.
1759 670 1869 728 [Ille‚

33 739 104 795 qui
136 746 310 794 propter
339 739 503 781 hircum
550 740 720 795 scripsit
764 740 928 796 tragica
960 741 1162 792 carmina,
1208 742 1300 797 ipse
1331 743 1569 799 descripsit,
1615 745 1796 799 qualiter
1826 760 1870 787 se

32 813 188 855 habent
217 820 405 869 agrestes
438 812 615 871 Satyri]

147 888 241 928 221.
274 888 376 929 Mox
407 889 536 928 eliam.
594 887 692 930 Non
722 889 855 930 multo
886 896 981 943 post
1009 889 1078 930 uel
1110 889 1191 931 alio
1226 889 1316 946 [ille
1348 890 1530 948 aliquos]
1571 892 1757 934 carmine
1790 891 1870 934 Sa-

32 968 146 1018 tyros
176 961 354 1012 induxit,
387 961 459 1015 qui
490 961 593 1003 nudi
623 962 857 1018 pinguntur
890 962 1132 1020 [pergunt];
1170 979 1269 1005 nam
1292 964 1426 1015 docet,
1458 966 1569 1006 unde
1592 966 1645 1007 sit
1674 973 1773 1007 nata
1803 982 1870 1008 sa-

34 1045 136 1084 tura,
168 1050 218 1077 ex
249 1035 480 1091 tragoediis
512 1035 684 1078 scilicet.
747 1046 933 1092 agrestes.
967 1035 1149 1079 Seueros
1182 1038 1302 1094 [quia
1331 1038 1435 1079 uitia
1466 1039 1676 1097 carpant]

145 1110 314 1166 Satyros
335 1110 510 1151 nudauit
532 1108 586 1166 [et
608 1109 762 1166 asper]
821 1109 975 1152 Postea
1000 1111 1126 1152 etiam
1148 1118 1333 1153 saturam
1355 1112 1546 1153 adiunxit
1571 1113 1874 1170 [tragoediae]

32 1184 215 1226 nudauit.
246 1182 442 1239 Aperuit,
474 1183 648 1224 inuenit.
711 1182 918 1240 [Nudam‘t
948 1192 1101 1235 autem,
1148 1186 1261 1240 quod
1292 1185 1467 1228 liberius
1498 1186 1542 1228 in
1573 1201 1623 1228 ea
1654 1194 1691 1228 et
1724 1187 1871 1229 dican-

32 1265 99 1299 tur
129 1264 169 1298 et
198 1256 300 1298 fiant
330 1257 566 1314 pleraque]

146 1333 240 1373 221.
274 1332 369 1372 222.
401 1340 437 1373 et
468 1344 585 1386 asper
616 1331 817 1373 Incoloml
842 1333 1046 1386 θναιιίταίε
1077 1334 1208 1373 iocum
1241 1335 1458 1389 temptauit.
1536 1332 1752 1375 Carminis
1791 1334 1872 1375 sci-

32 1405 151 1455 licet3
184 1412 224 1447 et
254 1419 379 1460 asper
409 1404 636 1459 tragoedus
667 1404 725 1445 ita
756 1404 981 1446 admiscuit
1011 1405 1150 1447 iocum
1182 1407 1441 1462 tragoediae,
1487 1414 1530 1448 ut
1576 1415 1764 1449 seruaret
1808 1421 1873 1449 se-

32 1479 250 1522 ueritatem
281 1478 554 1527 incolomem3
598 1477 641 1518 id
674 1486 747 1528 est,
781 1478 976 1533 quamuis
1008 1486 1115 1520 esset
1147 1495 1284 1535 asper,
1331 1481 1392 1522 sic
1422 1481 1582 1523 iocatus
1613 1489 1673 1523 est
1704 1488 1873 1537 tragoe-

33 1554 110 1596 dus
141 1568 217 1609 per
249 1560 446 1603 saturam,
479 1560 523 1594 ut
554 1567 638 1594 non
670 1552 879 1593 amitteret
919 1553 1184 1608 grauitatem.
1257 1554 1389 1611 Asper
1420 1562 1560 1596 autem
1605 1570 1787 1606 seuerus,
1835 1563 1875 1597 et

1920 541 1937 570 5

1901 908 1938 939 10

1899 1276 1939 1307 15

32 1628 110 1670 hoc
142 1628 195 1669 ad
225 1627 416 1669 habitum
447 1627 617 1677 rettulit,
651 1627 750 1682 quia
781 1641 858 1682 pro
888 1627 1103 1682 proteruia
1136 1627 1372 1684 [proterua]
1406 1629 1614 1683 quaedam
1646 1629 1689 1670 in
1721 1629 1873 1672 saturis
1898 1644 1941 1675 20

33 1701 230 1744 dicuntur
261 1709 301 1743 et
332 1701 447 1742 fiunt.

146 1778 240 1817 222.
274 1776 369 1817 223.
403 1791 445 1817 eo
477 1775 583 1831 quod
598 1775 816 1817 Inlecebris
848 1783 947 1816 erat.
1007 1774 1108 1816 Ideo
1141 1775 1366 1817 admiscuit
1396 1777 1642 1832 tragoediae
1674 1785 1872 1829 saturam,

34 1858 77 1892 ut
106 1864 183 1905 per
214 1848 449 1890 inlecebras
480 1856 641 1890 teneret
672 1856 962 1903 spectatorem.
1023 1848 1164 1890 Antea
1193 1864 1279 1891 non
1314 1849 1543 1905 uoluptatis
1565 1866 1691 1892 causa
1713 1851 1874 1893 inuenti

34 1931 129 1966 sunt
158 1923 260 1973 ludi,
297 1923 370 1965 sed
401 1922 634 1979 religionis,
672 1922 715 1963 id
746 1930 820 1973 est,
867 1922 962 1965 ideo
994 1930 1178 1964 saturam
1226 1921 1467 1981 [Satyrum]
1514 1924 1741 1967 admiscuit
1785 1934 1873 1967 tra-

148 2099 182 2135 2)
207 2108 267 2129 non
291 2097 419 2136 discr-ep.
451 2114 488 2118 -
516 2098 669 2127 dicuntur
695 2106 756 2126 om.
782 2106 807 2137 γ.
857 2098 892 2135 4)
920 2095 1072 2126 Carmine
1097 2114 1138 2117 —
1166 2098 1297 2134 scripsit
1330 2107 1390 2127 om.
1416 2107 1443 2139 γ.
1472 2115 1509 2119 —
1538 2099 1806 2137 quemadmodum
1831 2099 1872 2130 N.

37 2156 71 2195 6)
97 2138 284 2195 tragoediae
309 2157 366 2197 TN.
395 2165 410 2184 1·
435 2153 646 2195 (tragoedie).
673 2154 837 2192 tragoedia
862 2164 891 2183 v.
919 2153 1101 2191 tragoedico
1124 2153 1209 2182 Med.
1238 2154 1389 2192 tragoedo
1414 2154 1559 2190 cath-Q.
1625 2156 1659 2194 7)
1687 2157 1801 2186 dictum
1825 2160 1874 2185 ta-

36 2215 100 2243 cite
119 2215 181 2245 ine.
207 2213 245 2249 Q.
274 2222 355 2242 omn.
383 2213 460 2242 libri
486 2212 581 2241 dicta.
599 2229 638 2232 ff
655 2211 714 2240 Ille
731 2229 765 2231 —
786 2210 896 2249 Satyri
922 2220 983 2240 om.
1009 2220 1034 2251 γ.
1103 2209 1158 2249 10)
1183 2210 1232 2239 uel
1254 2210 1315 2239 allo
1340 2221 1366 2253 γ.
1392 2215 1424 2240 ut
1448 2211 1524 2241 alios
1548 2213 1587 2241 N.
1605 2212 1654 2242 uel
1676 2213 1751 2242 alios
1776 2213 1874 2251 Med„

36 2280 59 2301 r.
85 2271 155 2300 rell.
181 2270 232 2300 ille
258 2271 393 2308 aliquos.
414 2270 494 2298 conf.
513 2269 581 2311 Βφε
611 2278 678 2297 mose
704 2268 800 2297 etiam.
828 2268 992 2296 sam-icam
1018 2268 1157 2296 scribere
1183 2268 1299 2305 coepit.
1354 2268 1408 2306 11)
1430 2268 1597 2307 pz'nymztur
1620 2268 1740 2311 -sNG,r.
1767 2279 1875 2309 pgun-

35 2332 103 2365 turg
129 2328 204 2357 hinc
231 2331 299 2357 orta
326 2331 375 2356 est
400 2326 536 2364 uulgata
556 2329 688 2364 peryunt
712 2325 797 2362 apud
823 2323 940 2359 cath.
968 2334 1027 2353 om.
1057 2323 1092 2353 C.
1113 2341 1154 2344 v*
1173 2325 1216 2353 sit
1242 2328 1320 2353 nata
1345 2334 1372 2365 γ.
1399 2325 1468 2356 rell.
1499 2329 1576 2354 nata
1602 2327 1654 2354 sit.
1682 2327 1797 2364 scripsi
1823 2336 1875 2356 sa-

36 2389 118 2422 tura,
146 2385 292 2423 quamuis
319 2392 429 2414 omnes
456 2387 568 2422 satyra
594 2385 757 2417 tueantur,
796 2380 922 2420 Satyris
949 2381 1087 2418 decepti.
1114 2381 1195 2410 conf.
1224 2380 1364 2410 Gramm.
1393 2380 1429 2410 C.
1459 2381 1493 2410 L.
1522 2381 1710 2411 Schneideri
1737 2382 1761 2411 I.
1791 2384 1818 2411 1.
1844 2392 1874 2420 p.

36 2443 88 2471 47.
115 2460 154 2463 ——
183 2441 340 2480 quomodo
366 2440 404 2470 N.
433 2440 501 2469 rell.
528 2440 623 2468 unde.
690 2439 745 2476 12)
774 2448 802 2476 q.
830 2448 859 2466 u.
885 2440 1021 2474 carpant
1048 2447 1108 2467 om.
1134 2446 1161 2479 γ.
1190 2442 1219 2467 et
1246 2447 1341 2476 asper
1366 2448 1427 2468 om.
1453 2447 1479 2479 γ.
1517 2442 1635 2477 satyros
1659 2439 1729 2468 mccl.
1759 2439 1875 2469 satt'ros

37 2499 174 2528 nudauit
199 2516 239 2519 Q
267 2498 432 2534 adiunxit,
458 2507 519 2526 om.
547 2501 630 2534 trag.
654 2504 682 2537 γ.
710 2495 729 2524 i.
755 2498 822 2532 post
847 2498 991 2533 satyram
1017 2494 1102 2523 adiu.
1129 2498 1214 2532 trag.
1242 2494 1280 2523 N.
1311 2513 1347 2515 —e
1376 2500 1509 2533 carpunt
1533 2499 1559 2524 et
1583 2495 1741 2524 denudant.
1780 2495 1813 2525 id
1835 2499 1879 2525 est

37 2561 147 2595 postea
172 2566 196 2585 r.
248 2556 304 2595 14)
331 2555 478 2593 Aperuit.
507 2553 636 2583 inuenit
660 2562 686 2594 γ.
706 2553 774 2582 rell.
795 2562 855 2581 om.
882 2550 965 2580 conf.
994 2550 1035 2579 C:
1064 2550 1209 2579 ‘nudauit
1238 2552 1396 2581 reuelauit
1415 2549 1474 2588 (z
1491 2551 1571 2593 Βφ),
1591 2553 1726 2581 inuenit.
1755 2552 1876 2582 Osten-

39 2614 87 2644 dit
111 2613 260 2653 Satyram
287 2621 328 2642 ex
355 2612 534 2650 tragoediis
559 2615 668 2640 natam
695 2618 773 2639 esse.
809 2609 953 2638 Nudauit
979 2613 1086 2637 autem
1111 2608 1191 2645 dicit,
1219 2608 1303 2646 quod
1328 2607 1382 2637 lib.
1412 2608 1445 2636 in
1470 2617 1507 2637 ea
1532 2609 1683 2647 pleraque
1710 2613 1741 2638 et
1768 2609 1876 2638 dican-

37 2673 90 2700 tur
114 2674 146 2700 et
171 2669 271 2699 fiant.'
295 2668 457 2709 grauitate.
485 2668 696 2706 Tragoediae.
724 2666 862 2696 nudauit
887 2670 993 2695 autem
1019 2665 1104 2704 quod
1130 2665 1186 2694 lib.
1212 2664 1244 2693 in
1270 2674 1307 2693 ea
1331 2668 1358 2693 et
1393 2663 1452 2702 (Ξ
1469 2664 1553 2693 Med.
1581 2663 1616 2694 C.
1643 2675 1671 2694 r:
1709 2669 1736 2694 et
1759 2666 1876 2695 ducan-

39 2727 105 2765 tur)
131 2736 157 2768 γ.
183 2726 254 2765 qm'a
279 2726 334 2754 lib.
362 2726 400 2754 N.
464 2726 519 2764 16)
546 2725 694 2754 incolomi
721 2733 748 2764 γ,
775 2728 809 2752 ut
834 2732 929 2759 supra
954 2723 993 2751 ad
1018 2721 1075 2758 ΙΙΙ,
1103 2722 1132 2757 5,
1163 2722 1214 2752 12.
1247 2722 1295 2759 14,
1327 2722 1363 2750 16
1392 2725 1451 2750 etc.
1479 2722 1561 2751 conf.
1588 2721 1618 2750 S.
1645 2722 1668 2757 Ι,
1698 2723 1727 2757 4,
1756 2723 1806 2750 98.
1833 2721 1876 2758 Π,

41 2785 70 2821 3,
100 2784 171 2813 192.
206 2783 244 2812 E.
270 2783 295 2819 I⁷
317 2784 367 2819 11,
391 2783 440 2811 17.
467 2780 500 2811 C.
528 2781 627 2817 1V‚5‚
645 2782 696 2810 27.
725 2797 763 2801 —
791 2779 936 2809 Carmini
958 2779 1084 2808 seilicet
1107 2788 1134 2820 γ.
1162 2778 1294 2808 carmini
1318 2778 1436 2807 similis
1462 2776 1496 2807 C.
1526 2777 1669 2807 carminis
1693 2777 1799 2806 slmilz’s
1823 2787 1874 2806 va.

40 2839 200 2870 Carminis
226 2856 267 2860 -ψ
293 2839 468 2869 admiscuit
493 2848 552 2868 om.
579 2848 603 2867 r.
672 2838 725 2875 17)
753 2841 785 2866 ut
814 2846 896 2866 seru.
924 2846 990 2865 seu.
1018 2837 1206 2865 incolomem
1230 2845 1256 2876 γ.
1284 2835 1352 2864 rell.
1390 2838 1425 2863 nt
1464 2843 1528 2863 sen.
1562 2844 1643 2863 seru.
1672 2835 1874 2864 incolumem.

42 2896 98 2935 20)
126 2906 181 2934 pro
208 2896 369 2934 proteruia
394 2906 420 2937 γ.
449 2896 515 2925 rell.
551 2899 709 2932 protei-aa.
749 2892 908 2931 proteruz'a
945 2892 1153 2932 (proteruitas
1179 2891 1246 2921 Cic.
1275 2892 1351 2920 Hor.
1381 2891 1527 2930 Terent.)
1565 2900 1680 2920 nomen
1717 2892 1875 2920 usitatum

40 2953 186 2983 Ausonio
213 2954 246 2982 in
271 2953 405 2981 Mosella
436 2954 496 2981 172
525 2955 554 2980 et
579 2952 612 2980 in
639 2951 777 2988 perioch.
806 2950 844 2978 22
873 2948 1038 2988 odyss.»
1070 2950 1102 2977 in
1129 2947 1275 2978 satiricos
1299 2958 1324 2989 γ,
1354 2948 1421 2976 rell.
1449 2948 1482 2976 in
1509 2947 1625 2986 satyris
1651 2947 1794 2987 (Satyris
1811 2947 1874 2987 fh).

42 3007 99 3048 22)
126 3008 208 3039 conf.
235 3008 305 3051 Βφε
342 3008 497 3038 incelebris
523 3009 541 3037 i.
570 3007 724 3045 ignobilis
752 3005 874 3044 (sit-ll).
909 3005 1061 3035 illecebris
1088 3005 1172 3034 libri.
1198 3014 1215 3046 γ
1240 3005 1337 3034 habet
1364 3003 1407 3033 ill.
1435 3008 1466 3033 et
1493 3003 1546 3033 inl.
1574 3021 1612 3024 -—
1642 3008 1785 3043 satyrum
1810 3006 1876 3041 (sa-

42 3069 146 3104 tyram
172 3065 222 3105 fh)
247 3065 333 3095 libri.
384 3064 440 3103 23)
467 3064 642 3094 inlecebras
667 3073 694 3105 γ.
745 3063 804 3102 24)
831 3063 962 3092 satiram
989 3072 1015 3103 γ.
1043 3060 1191 3100 Satyrum
1217 3060 1262 3090 fh.
1289 3060 1357 3090 rell.
1385 3064 1537 3100 satyram.
1564 3061 1646 3090 conf.
1665 3059 1704 3090 C:
1733 3061 1778 3089 ‘eo
1801 3060 1878 3099 quod

42 3121 114 3152 ideo
137 3121 323 3160 tragoediae
348 3121 519 3151 admiscuit
547 3121 684 3159 Sam-03,
711 3125 744 3150 ut
771 3120 908 3150 illiceret
932 3123 1164 3157 spectatorem:
1204 3122 1301 3148 antea
1325 3126 1464 3155 namque
1490 3127 1553 3149 non
1578 3117 1754 3156 uoluptatis
1781 3126 1877 3146 eausa
