2148 3412
118 935 160 968 10

116 1304 156 1336 15

111 2040 152 2071 25

191 134 272 174 510
818 144 924 178 ACR.
949 145 1011 177 ET
1035 145 1202 178 PORPH.
1228 145 1376 178 COMM.

189 282 351 309 sensus:
398 266 523 319 Quod
569 267 662 310 aliis
692 268 862 323 quidem
892 274 986 323 post
1015 275 1190 310 mortem
1221 269 1490 324 inpendimus
1534 269 1795 311 aedificando
1840 269 2009 324 templa,

189 341 472 382 consecrando
504 341 664 391 altaria,
697 357 823 397 super
852 356 959 396 quac
990 342 1224 383 iuramenta
1254 343 1559 397 persoluantur,
1605 342 1684 384 hoc
1721 342 1804 384 'tibi
1849 342 2011 384 uiuenti

189 414 467 469 inpendimus.
529 424 722 457 maturos.
781 414 895 457 Ante
926 415 1295 457 consecrationem.

301 489 365 528 16.
398 502 508 528 aras.
567 487 652 529 Per
672 487 882 545 (Super‘?)
907 504 1012 544 quas
1042 489 1182 530 iurare
1213 489 1414 530 debemus
1444 489 1512 530 uel
1540 489 1740 530 iuramus.

302 562 365 602 17.
399 561 466 604 Nil
482 563 682 603 oriturum
704 563 821 604 alias.
879 561 981 606 Alio
1002 569 1189 618 tempore
1211 562 1279 604 uel
1309 562 1414 604 loco.
1476 562 1580 619 [Nil‚
1611 562 1760 617 inquit,
1792 562 1874 604 alio
1905 568 2010 604 tem-

185 648 288 689 pore
318 641 403 675 tam
433 650 638 690 magnum
669 635 870 677 oriturum
903 651 981 678 nec
1011 643 1147 678 ortum
1178 636 1316 677 adhuc
1346 636 1573 691 quicquam
1604 635 1697 692 est.]

300 709 364 749 18.
396 709 474 750 Sed
505 717 596 750 tuus
625 709 690 751 hic
717 710 906 765 populus.
972 709 1177 765 Populus,
1223 709 1371 764 inquit,
1417 709 1633 750 Romanus
1663 709 1707 749 in
1737 709 1816 750 hac
1848 709 1936 750 sola
1965 724 2010 750 re

184 779 316 821 iustus
347 788 386 821 et
427 782 594 836 sapiens
640 790 713 832 est,
759 783 870 837 quod
901 789 941 824 te
972 784 1156 838 praefert
1186 783 1381 825 omnibus
1411 782 1589 824 ducibus
1619 782 1704 824 suis
1734 782 2011 838 omnibusque

187 851 378 902 Graecis,
409 855 482 896 sed
512 855 556 895 in
585 855 677 907 hoc,
708 856 821 910 quod
853 863 1017 898 caetera
1049 856 1171 914 [non]
1196 857 1324 899 simili
1345 857 1506 898 ratione
1533 872 1617 898 non
1638 856 1857 911 ponderat,
1889 856 2010 898 stulte

184 927 285 983 agit,
329 928 429 968 dum
472 929 613 969 onmia
656 944 767 970 noua
809 929 981 981 fastidit,
1028 945 1135 985 quae
1165 946 1190 972 a
1219 930 1355 986 poetis
1385 930 1637 980 scribuntur,
1676 936 1716 971 et
1745 945 1770 971 a
1799 929 2011 971 iudicibus

184 1001 405 1051 dictantur,
451 1002 495 1042 in
525 1008 685 1044 tantum
717 1003 945 1045 delectatus
974 1004 1201 1055 ueteribus,
1246 1011 1291 1045 ut
1320 1004 1457 1060 legem
1488 1003 1737 1053 Romanam,
1784 1018 1891 1057 quae
1925 1003 2007 1060 [in]

182 1073 276 1115 XII
297 1075 449 1116 tabulis
471 1075 719 1125 continetur,
751 1083 790 1117 et
818 1077 990 1118 foedera
1020 1077 1096 1119 sub
1118 1078 1302 1132 antiquis
1332 1077 1507 1133 regibus
1538 1077 1661 1125 facta,
1696 1076 1765 1118 uel
1795 1091 1902 1131 quae
1922 1076 2009 1118 Ro-

183 1148 297 1189 mani
328 1149 517 1190 fecerunt
546 1164 640 1191 cum
672 1148 857 1199 Sabinis,
905 1150 966 1207 [et
993 1150 1124 1193 libros
1155 1151 1328 1192 annales
1358 1151 1416 1192 ita
1446 1166 1523 1206 pro
1554 1165 1655 1192 uero
1691 1157 1842 1200 teneat,
1890 1150 2011 1205 quasi

183 1223 218 1264 si
238 1222 387 1264 Musae
418 1223 581 1264 locutae
611 1223 693 1265 sint
722 1223 766 1264 in
789 1223 959 1266 Albano
990 1225 1149 1282 monte]
1187 1225 1255 1266 uel
1286 1240 1380 1266 cum
1412 1224 1505 1266 aliis
1536 1224 1732 1280 gentibus
1752 1223 1883 1265 libros
1904 1238 2009 1278 quo-

184 1311 264 1351 que
295 1296 479 1347 annales,
511 1297 583 1338 ubi
604 1298 697 1338 iura
716 1298 961 1352 pontificum
983 1298 1319 1347 continebantur,
1351 1305 1390 1339 et
1421 1298 1593 1353 antiqua
1614 1297 1830 1339 uolumina
1850 1304 2007 1346 uatum,

182 1370 226 1410 id
247 1377 320 1420 est,
353 1370 498 1419 Ennii,
528 1370 720 1421 Homeri,
751 1371 917 1420 Naeuii,
952 1372 1145 1423 Pacuuii,
1169 1372 1306 1422 Accii,
1330 1372 1513 1422 Afranii,
1535 1371 1725 1412 Terentii
1747 1371 2008 1427 aliorumque

183 1444 279 1500 (ita)
310 1460 388 1500 pro
417 1459 517 1486 uero
549 1452 699 1495 teneat,
732 1445 852 1500 quasi
881 1445 1032 1488 Musae
1064 1461 1113 1487 ea
1143 1446 1306 1488 locutae
1337 1446 1419 1487 sint
1449 1445 1492 1486 in
1523 1452 1662 1487 monte
1692 1443 1876 1486 Albano.

294 1520 423 1560 iustus
453 1520 494 1560 in
526 1534 617 1561 uno.
679 1518 853 1561 Sensus:
902 1518 989 1561 Sed
1032 1527 1126 1561 tuus
1156 1519 1338 1575 populus
1369 1520 1448 1560 hoc
1478 1525 1638 1560 tantum
1684 1518 1790 1560 bene
1836 1518 2006 1568 iudicat,

181 1592 293 1646 quod
323 1598 362 1633 te
393 1592 587 1634 omnibus
617 1593 813 1648 praefert.

296 1668 359 1706 19.
390 1667 657 1720 anteferenda
719 1665 860 1708 Ordo:
892 1667 1178 1710 Praeferendo
1209 1667 1310 1721 (sic)
1342 1675 1381 1709 te
1413 1668 1589 1709 caeteris
1619 1667 1663 1708 in
1692 1682 1776 1709 uno
1806 1666 1950 1708 iustus.

293 1742 359 1781 21.
391 1742 592 1782 Aestimat.
650 1740 824 1782 Nullum
855 1748 1023 1796 poetam
1053 1741 1268 1783 nouellum
1299 1741 1401 1783 dicit
1432 1755 1522 1783 esse
1556 1742 1725 1783 bonum.

293 1815 358 1855 23.
390 1814 458 1855 Sic
487 1815 584 1868 faut.
642 1813 694 1854 In
724 1821 897 1855 tantum.

293 1887 459 1928 tabulas.
520 1885 641 1939 Quae
672 1887 838 1929 tabulae
869 1895 1044 1942 peccata
1074 1888 1280 1930 cohibent.

293 1962 358 2002 25.
391 1976 481 2002 cum
512 1964 584 2016 ray.
607 1970 778 2017 aequata
801 1963 971 2004 Sabinis.
1031 1962 1262 2018 Postquam
1298 1963 1410 2004 enim
1442 1961 1593 2004 Sabini
1624 1976 1771 2018 pacem
1803 1976 1897 2003 cum
1918 1961 2004 2003 Ro-

179 2034 315 2075 manis
344 2034 544 2085 fecerunt,
579 2035 749 2076 foedera
780 2035 990 2077 amicitiae
1021 2036 1347 2091 descripserunt,
1392 2037 1553 2092 (cum‘?)
1585 2036 1736 2091 quibus
1767 2035 2005 2090 aequabant

179 2107 459 2149 condiciones.

293 2303 325 2341 1)
351 2307 423 2341 post
448 2307 539 2335 mort.
566 2304 626 2347 Βφ.
654 2314 710 2342 per
735 2314 795 2334 mo.
821 2314 848 2346 γ.
914 2304 947 2343 2)
975 2306 1181 2334 iuramentum
1205 2305 1401 2343 persoluatur
1426 2306 1488 2348 Βφ.
1553 2306 1589 2346 3)
1615 2306 1703 2335 Ante
1732 2314 1818 2335 conS.
1856 2305 1905 2346 ⁴5b.
1930 2305 2000 2334 rell.

176 2370 235 2389 om.
285 2360 320 2398 4)
347 2370 429 2390 aras.
456 2370 511 2398 per
538 2379 577 2381 „—
603 2371 677 2399 quas
714 2362 853 2391 iuramus
889 2362 926 2403 γΙ)
965 2362 1042 2400 (om.
1080 2372 1158 2400 quas
1193 2362 1280 2400 alt.).
1346 2361 1381 2401 5)
1406 2362 1482 2392 Alio
1508 2381 1549 2384 ῌ
1574 2363 1642 2392 loco
1679 2363 1728 2404 γΙ).
1765 2363 1833 2391 rell.
1871 2372 1931 2391 om.
1959 2379 2001 2383 —

175 2417 230 2446 Nil
256 2434 297 2437 —
324 2420 373 2446 est
399 2427 458 2446 om.
485 2418 534 2459 «sb.
598 2418 632 2456 7)
658 2418 734 2456 Pop.
760 2428 836 2447 rom.
865 2419 930 2456 inq.
957 2419 986 2447 b.
1014 2435 1055 2438 —
1081 2419 1148 2447 sola
1172 2427 1205 2448 re
1229 2419 1330 2460 Tbssrp.
1357 2419 1426 2448 rell.
1464 2429 1498 2448 re
1534 2429 1578 2448 so.
1634 2419 1668 2457 9)
1694 2428 1758 2448 non
1783 2428 1842 2448 om.
1868 2419 1917 2459 Tb.
1943 2428 2002 2448 non

175 2474 332 2510 ponderat
369 2477 428 2502 stu.
457 2491 496 2494 Η
523 2475 569 2503 ait
607 2474 687 2517 γΒφ.
751 2473 805 2513 10)
831 2484 911 2512 quae
948 2485 965 2503 a
993 2474 1140 2504 iudicibus
1175 2475 1339 2505 dictantur
1374 2476 1460 2518 bsscp.
1498 2477 1632 2505 ducibus
1669 2485 1694 2516 γ.
1733 2475 1802 2504 rell.
1832 2485 1892 2504 om.
1942 2475 2000 2514 11)
2051 2486 2056 2491 ¹

175 2531 207 2559 in
245 2540 304 2559 om.
341 2540 368 2572 γ.
407 2531 441 2560 in
476 2535 603 2560 tantum
642 2531 798 2561 delectans
833 2532 914 2574 γΒφ.
953 2533 1035 2561 conf.
1064 2531 1106 2561 C:
1134 2550 1175 2553 --
1205 2533 1392 2569 ‘uete1·ibus‚
1419 2537 1455 2562 ut
1479 2532 1555 2571 Iessos
1583 2533 1633 2562 12.
1665 2532 1832 2562 tabularum
1867 2536 1898 2562 et
1934 2532 1999 2561 foe-

174 2587 249 2616 dera
273 2597 338 2617 cum
362 2591 429 2617 ant.
456 2597 522 2626 reg.
548 2588 634 2617 facta
658 2598 728 2617 cum
754 2589 878 2618 sabinis
905 2593 937 2618 et
962 2589 994 2617 li.
1021 2590 1173 2625 annffleis,
1201 2590 1247 2618 ita
1273 2590 1572 2629 ueritatiffhabeant
1597 2598 1746 2626 consona,
1772 2589 1863 2627 quasi
1887 2588 2000 2618 Musae

173 2653 207 2673 ea
232 2644 393 2674 cecinerint
424 2645 457 2673 in
474 2644 549 2674 Alb.
575 2645 705 2675 monte‘.
757 2645 811 2683 12)
839 2654 905 2682 reg.
932 2646 1031 2683 antiq.
1058 2646 1087 2674 b.
1114 2646 1172 2674 sub
1198 2655 1263 2684 reg.
1290 2646 1434 2675 ueteribus
1458 2646 1520 2688 Βφ.
1572 2647 1627 2684 13)
1654 2646 1689 2675 b:
1718 2646 1839 2674 sabinis
1864 2645 1914 2675 uel
1934 2655 2000 2674 cum

172 2701 241 2730 aliis
265 2702 352 2731 etiam
373 2701 506 2740 flentibus
531 2702 626 2730 libras
655 2701 732 2740 (sic)
760 2711 886 2740 quoque
911 2703 1044 2731 annales
1070 2703 1114 2731 ibi
1141 2703 1209 2732 iura
1227 2713 1256 2740 p.
1276 2713 1300 2732 c.
1320 2704 1417 2758 etiassl
1442 2703 1575 2740 antiqua
1600 2703 1764 2732 uolumina
1789 2702 1909 2731 uatum’
1937 2705 1996 2731 etc.

171 2762 203 2787 et
230 2759 327 2787 libros
343 2775 379 2779 —
397 2762 504 2787 monte
529 2758 664 2793 vcath.
731 2758 786 2796 14)
814 2759 840 2787 si
866 2758 927 2787 ct'h.
954 2759 1023 2787 rell.
1050 2768 1108 2788 om.
1126 2761 1239 2789 —uel
1258 2777 1297 2780 ——
1316 2763 1422 2789 monte
1446 2760 1561 2789 albano
1585 2760 1623 2801 ·sb
1649 2759 1729 2799 (alb.
1757 2759 1893 2796 monte),
1927 2768 2008 2788 cum.

171 2815 245 2843 aliis
270 2815 357 2843 etiam
380 2820 466 2853 gent.
492 2815 553 2858 Βφ.
620 2812 675 2855 16)
702 2815 814 2844 hennii
839 2824 865 2855 γ.
892 2815 1009 2843 somnii
1035 2814 1111 2854 (sie)
1138 2817 1166 2845 b.
1206 2817 1288 2845 neuii
1313 2817 1362 2858 γὶ).
1390 2833 1429 2837 ψ-
1455 2817 1534 2846 accii
1560 2817 1590 2846 b.
1627 2817 1705 2845 actii
1729 2815 1813 2858 γΒφ.
1850 2814 2016 2854 affi·z'cani·

173 2872 201 2899 b.
238 2872 369 2901 terencii
394 2873 423 2902 b.
449 2872 490 2901 al.
515 2871 557 2901 ita
589 2881 645 2909 pro
680 2881 756 2901 uero
792 2872 876 2914 bsstp.
915 2872 960 2901 ita
996 2882 1057 2901 om.
1084 2883 1110 2913 γ.
1179 2874 1232 2912 17)
1257 2877 1389 2902 teneant
1411 2873 1512 2915 *be<?·
1540 2891 1579 2893 -—
1605 2882 1712 2902 musae
1737 2882 1773 2901 ea
1796 2873 1846 2915 yb.
1873 2873 1938 2901 sint
1961 2881 1997 2900 ea

173 2927 234 2968 Βφ.
262 2929 329 2958 rell.
357 2938 418 2957 om.
456 2938 516 2958 mo.
553 2929 616 2957 alb.
643 2937 668 2969 γ.
695 2928 764 2957 rell.
802 2929 864 2957 alb.
890 2932 1006 2959 monte.
1069 2931 1123 2969 18)
1150 2930 1268 2960 Sensus
1293 2948 1335 2951 —
1362 2931 1502 2968 praefert
1526 2930 1563 2971 *sb
1601 2928 1641 2969 (S.
1669 2939 1780 2958 sensus
1806 2946 1847 2950 -—-
1874 2930 1931 2958 hoc
1955 2933 1997 2958 est

172 3001 215 3005 —
242 2984 294 3021 qai
317 2988 349 3014 te
373 2995 399 3013 o,
427 2985 534 3023 prof),
561 2986 614 3023 qui
639 2985 747 3014 addit:
785 2994 856 3014 nam
882 2986 914 3014 iu
940 2986 1013 3015 aliis
1039 2990 1133 3023 errat,
1170 2991 1205 3017 ut
1231 2986 1267 3023 G,
1297 2996 1390 3025 quem
1416 2987 1569 3016 conferas.
1634 2986 1690 3025 20)
1718 2986 1813 3029 Ordo.
1836 2985 1937 3024 praef.
1962 2988 1995 3015 te

173 3044 230 3069 cet.
258 3041 290 3068 in
317 3050 345 3069 u.
372 3041 476 3070 iustus
502 3051 527 3082 γ.
553 3042 623 3072 rell.
650 3051 711 3071 om.
760 3042 817 3080 21)
844 3042 973 3071 Nullum
999 3059 1041 3063 —
1066 3043 1182 3072 bonum
1207 3053 1232 3084 γ.
1260 3044 1329 3073 rell.
1355 3053 1415 3073 om.
1479 3041 1539 3082 22)
1564 3042 1601 3071 In
1626 3045 1752 3072 tantum
1784 3052 1810 3084 γ.
1837 3043 1906 3071 rell.
1932 3052 1992 3072 om.

175 3096 232 3134 23)
259 3095 348 3131 Quae
372 3114 411 3117 —-
439 3098 587 3127 cohibent
611 3107 638 3139 γ.
665 3098 733 3127 rell.
760 3108 820 3128 om.
887 3099 943 3137 25)
968 3098 1114 3128 fecerunt
1137 3109 1162 3140 γ.
1188 3100 1258 3128 rell.
1286 3101 1436 3130 inierunt.
1464 3116 1505 3120 —
1531 3098 1629 3129 deser.
1655 3099 1736 3141 γΒφ.
1762 3099 1832 3128 reli.
1875 3108 1990 3129 consor.

174 3170 214 3177 .-
241 3153 354 3191 quibus
379 3163 424 3192 eq.
451 3155 682 3185 conditionibus
707 3164 733 3198 γ.
759 3156 841 3185 conf.
857 3153 898 3184 C:
926 3154 1055 3185 Sabinis.
1081 3165 1146 3185 cum
1170 3165 1199 3195 q.
1228 3155 1437 3186 conditiones.
1464 3156 1533 3184 rell.
1559 3165 1619 3185 om.

2100 820 2108 1086 ἷ

2098 1131 2105 1252 ἕ
