2148 3412
770 106 820 138 IN
843 106 990 140 EPIST.
1015 107 1059 147 ΙΙ,
1088 111 1116 140 1.
1765 101 1845 142 531

132 228 197 269 76.
232 228 430 283 Inclz'qnor
461 229 671 284 quicquam
702 230 950 286 reprehendi.
1011 231 1161 273 Deest:
1194 232 1239 273 in
1269 233 1374 275 meis
1405 233 1676 276 carminibus.

130 302 194 342 78.
228 301 308 343 Nec
339 302 495 342 ueniam
526 304 647 359 antiq.
669 304 830 344 sedhon.
855 313 891 345 et
907 319 971 359 pr.
1000 308 1123 361 posci.
1184 305 1285 347 Nec.
1318 305 1414 348 Non
1447 307 1626 360 <solumP
1663 307 1845 350 Hirsch—

15 374 214 418 felderus:
247 373 350 424 Nec,
381 389 465 415 non
486 375 663 431 modo),
715 383 759 417 ut
790 377 862 417 sit:
902 392 985 418 non
1016 379 1140 420 modo
1170 380 1351 429 ueniam,
1384 381 1457 421 sed
1488 381 1613 422 etiam
1644 382 1844 424 honorem

17 447 200 502 antiquis
231 447 349 503 posci
380 447 518 489 uideo.
589 454 713 505 posci.
761 448 1111 493 Subaudiendum
1158 459 1218 494 est
1264 453 1414 495 iterum
1459 456 1658 509 o'ndz'ynor,
1703 463 1748 497 ut
1792 456 1846 498 sit

16 535 192 576 zeugma
223 536 247 561 a
277 521 506 576 superiore,
539 529 610 563 aut
640 522 757 564 deest
786 524 914 574 uideo,
947 531 992 566 ut
1023 525 1075 566 sit
1107 525 1300 581 ἔκλειψις.

128 595 192 635 79.
225 595 355 644 Recte,
387 609 508 636 necne
542 610 645 637 croc.
673 597 764 652 slor-
790 598 973 652 peramb4
1005 599 1132 640 Attae.
1207 599 1318 649 Alta,
1366 606 1602 655 togatorum
1650 603 1842 658 scriptor,

16 667 86 724 qui
114 667 158 708 in
187 667 342 718 fabula,
391 682 498 723 quae
528 668 773 710 inscribitur
803 664 1046 713 Materterae
1092 671 1240 726 (Atta-e
1270 672 1503 714 Mater-tera
1548 672 1601 716 O.
1633 674 1842 718 Ribbeck.

16 740 177 784 Comm.
209 740 321 782 Latt.
352 742 505 797 fragm.
536 757 577 797 p.
612 743 727 797 138),
773 743 832 784 ita
876 744 1025 786 florum
1057 759 1214 801 genera
1245 754 1473 797 enumerat,
1520 754 1562 788 ut
1594 748 1682 790 sine
1714 750 1842 791 dubio

12 815 380 871 reprehendendus
412 814 466 856 sit
495 814 547 857 ob
579 815 753 857 nimiam
784 817 1094 872 loquacitatem.

122 889 188 930 80.
221 890 259 930 si
286 889 470 937 dubitem,
504 890 685 931 clament.
744 890 847 933 Plus
878 891 996 942 dixit,
1030 907 1156 947 quam
1188 892 1222 934 si
1255 892 1412 934 diceret
1443 895 1744 950 reprehendam.

123 963 188 1004 80.
221 963 286 1004 81.
321 963 670 1019 clamentperz'isse
688 965 788 1020 pud.
814 965 958 1007 Cameli
970 981 1010 1022 p.
1027 975 1176 1022 patres.
1238 966 1334 1008 Non
1368 969 1517 1018 dicant,
1551 969 1623 1010 sed
1648 970 1839 1020 clament3

12 1041 52 1078 et
72 1035 177 1077 bene
192 1045 344 1092 patres,
378 1036 530 1091 quibus
552 1037 640 1078 sola
671 1038 900 1092 antiquitas
930 1039 1081 1094 placet.
1142 1039 1213 1080 An
1240 1049 1390 1097 patres,
1427 1041 1507 1083 hoc
1538 1049 1611 1090 est,
1645 1046 1841 1086 senatus?

120 1111 186 1152 81.
219 1125 264 1151 ea
297 1125 387 1152 cum
417 1111 706 1167 reprehendere
739 1127 871 1154 coner.
932 1113 1234 1169 Reprehendere
1268 1129 1400 1164 coner,
1433 1115 1581 1169 inquit,
1613 1132 1698 1158 non
1729 1118 1841 1159 enim

8 1183 324 1239 reprehendam.
398 1183 596 1240 Aesopus
627 1192 764 1226 autem
797 1192 837 1227 et
865 1185 1044 1228 Roscius
1075 1187 1345 1229 famosissimi
1377 1190 1691 1231 comoediarum
1723 1199 1837 1233 acto-

9 1272 74 1299 res
116 1258 302 1307 fuerunt3
344 1273 393 1299 ac
438 1273 515 1313 per
544 1259 623 1300 hoc
669 1259 849 1300 ostendit
896 1260 1041 1301 stultos
1071 1261 1262 1302 homines
1296 1261 1440 1318 [esse]‚
1473 1263 1544 1317 qui
1575 1278 1659 1304 non
1689 1265 1839 1306 merito

9 1345 57 1373 ac
85 1331 237 1373 uirtute
270 1331 373 1388 (stili
385 1332 422 1388 P)
454 1331 532 1382 fisi,
566 1333 641 1373 sed
671 1333 960 1375 tantummodo
992 1348 1266 1388 personarum
1298 1335 1545 1377 auctoritate
1576 1346 1836 1380 moueantur.

118 1406 184 1447 83.
219 1406 284 1447 uel
313 1407 406 1462 quia
436 1406 495 1447 nil
525 1414 690 1448 rectum.
751 1406 848 1448 Hoc
878 1407 1029 1448 uitium
1061 1407 1284 1463 superbiae
1316 1415 1388 1449 est.

118 1479 184 1520 84.
223 1479 288 1520 Vel
318 1480 413 1535 quia
444 1487 559 1535 turpe
584 1488 730 1536 putant
756 1495 904 1536 parere
924 1481 1161 1523 minoribus.
1222 1480 1358 1524 Nobis
1389 1482 1563 1534 scilicet,
1596 1491 1636 1525 et
1665 1485 1745 1527 hoc
1775 1485 1839 1526 ui-

8 1552 105 1594 tium
138 1552 261 1608 parui
292 1552 466 1608 pudoris
498 1559 570 1594 est.

119 1626 204 1683 [85.
230 1628 435 1683 perdenda
465 1629 600 1681 fateri.
659 1626 776 1669 Male
807 1628 919 1670 docti
950 1628 1062 1669 enim
1085 1629 1328 1671 dicerentur
1348 1631 1364 1685 Η
1387 1630 1633 1687 imberbes]
1692 1632 1836 1674 Inber-
1864 1644 1871 1654 ⁴

9 1700 81 1743 bes.
144 1699 253 1742 Cum
286 1708 422 1742 essent
453 1701 586 1756 pueri.
642 1703 849 1758 perdenda
880 1704 1013 1757 fateri.
1074 1702 1191 1744 Male
1223 1704 1334 1745 dicta
1366 1704 1519 1745 dicere.

117 1776 182 1817 86.
215 1775 304 1816 Iam
335 1775 490 1816 Saliare
521 1775 676 1817 Numae
708 1791 880 1817 carmen.
942 1775 1068 1829 Quod
1102 1776 1231 1819 Saliis
1265 1777 1405 1819 Numa
1450 1777 1541 1833 ipse
1587 1779 1838 1834 conscripsit

7 1847 50 1890 in
80 1849 247 1905 templis
279 1849 527 1890 canendum.

119 2041 151 2079 1)
177 2040 215 2070 Icl
237 2044 286 2070 est
311 2038 398 2069 vafh.
449 2037 484 2078 2)
510 2038 641 2068 Lemma
667 2040 699 2068 in
725 2039 774 2069 M:
800 2039 864 2069 Nec
888 2040 1016 2069 ueniam
1033 2022 1139 2078 posci.
1175 2041 1239 2070 Nec
1262 2051 1320 2070 non
1337 2040 1399 2070 MR
1424 2045 1454 2070 et
1480 2042 1549 2070 rell.
1575 2041 1663 2071 libri.
1691 2042 1765 2071 Non
1790 2052 1836 2072 so-

6 2096 63 2127 lam
78 2097 193 2128 Acron.
219 2098 286 2127 Nec
303 2097 388 2126 modo
407 2096 444 2132 Q.
495 2097 529 2136 3)
556 2097 732 2135 antiquitus
745 2095 870 2126 MR2G.
898 2097 967 2126 rell.
994 2097 1143 2136 antiquis.
1158 2115 1200 2118 -—-
1214 2098 1313 2136 posci.
1339 2102 1371 2126 ut
1395 2098 1591 2127 audiendum
1617 2098 1678 2127 MR
1704 2099 1836 2136 (iterum

8 2155 78 2194 est).
104 2155 192 2193 posci
217 2154 413 2184 audiendum
440 2158 488 2183 est
515 2152 574 2183 2G.
626 2153 661 2192 5)
689 2150 804 2196 εκλιψη
822 2153 863 2185 M.
891 2150 1012 2196 ἔλλιῴις
1027 2153 1064 2184 G.
1091 2154 1213 2192 eclipsis
1236 2165 1267 2183 v.
1294 2155 1427 2193 eclypsis
1453 2164 1480 2184 a.
1506 2155 1575 2185 rell.
1602 2151 1750 2197 ἔκλειψις.
1800 2155 1837 2195 6)

7 2211 46 2241 ad
70 2215 254 2250 togatarum
281 2211 449 2249 scriptores
474 2220 554 2249 quae
578 2210 647 2239 MR.
686 2211 725 2239 ad
751 2214 819 2249 tog.
845 2211 1027 2248 scriptorem
1051 2212 1106 2249 qui
1134 2210 1249 2248 2G7va.
1288 2213 1423 2249 scriptor
1447 2215 1490 2241 est
1513 2211 1633 2249 Qsm't
1656 2211 1730 2241 Aer.
1757 2211 1836 2242 Atta

6 2271 70 2307 tog.
95 2269 242 2306 scriptor,
269 2278 330 2298 om.
356 2266 480 2306 estqui,
507 2267 541 2296 in
566 2267 690 2296 Fabula
713 2267 757 2296 fh.
785 2268 817 2296 in
843 2266 984 2296 fabulam
1015 2277 1065 2297 va.
1132 2267 1166 2307 7)
1193 2271 1296 2297 mater
1331 2272 1420 2297 terae
1457 2268 1500 2298 M.
1539 2269 1606 2297 rell.
1643 2272 1835 2298 materterae

8 2322 214 2367 (Materterae
240 2324 334 2363 th).
360 2324 407 2353 De
434 2325 493 2353 hoc
520 2325 643 2353 scholio
669 2325 750 2353 conf.
776 2324 934 2353 Diintzer.
961 2324 1015 2361 IV,
1043 2325 1118 2354 244.
1170 2322 1225 2365 10)
1252 2325 1504 2363 reprehendenda
1531 2326 1664 2354 clamant
1686 2335 1726 2354 va
1753 2326 1834 2364 (cla-

7 2381 92 2420 mat).
143 2383 198 2421 11)
226 2386 258 2411 et
282 2383 370 2411 bene.
397 2381 510 2410 Patres
535 2390 605 2410 num
629 2381 743 2419 quibus
771 2381 839 2410 sola
860 2391 943 2419 pura
967 2381 1068 2419 antiq.
1093 2381 1138 2411 fh.
1166 2382 1233 2411 sola
1250 2391 1337 2420 para
1362 2386 1426 2411 ant.
1453 2382 1539 2410 vafh.
1601 2382 1656 2419 13)
1685 2381 1834 2412 Alterum

5 2448 86 2478 repr.
110 2449 200 2469 coner
224 2449 284 2469 om.
299 2438 449 2474 MR2‚va.
477 2437 593 2474 Coner⁷
620 2439 697 2476 inq„
724 2447 806 2475 repr.
833 2438 878 2466 fh.
905 2447 968 2467 non
993 2438 1070 2467 em'm
1093 2439 1326 2477 reprehendam
1351 2438 1421 2468 MR.
1448 2439 1516 2467 rell.
1544 2448 1602 2467 om.
1631 2439 1725 2467 enim.
1779 2440 1833 2478 14)

8 2500 112 2527 autem
138 2507 198 2526 om.
224 2496 269 2526 fh.
322 2495 378 2534 15)
407 2499 530 2524 actores
557 2504 616 2524 om.
643 2494 770 2536 MRBrsp.
791 2512 832 2514 —
851 2503 921 2528 esse
946 2505 1005 2524 om.
1034 2495 1105 2525 MR.
1153 2494 1184 2533 †)
1210 2496 1249 2524 In
1275 2496 1335 2525 1100
1361 2496 1429 2525 cod.
1457 2495 1533 2524 inde
1558 2504 1576 2523 a
1600 2496 1708 2524 uerbis
1734 2495 1835 2524 stultos

6 2552 130 2583 homines
153 2563 255 2592 usque
280 2554 318 2581 ad
345 2563 374 2581 u.
404 2553 465 2581 137
493 2551 659 2590 (Impetrat)
694 2552 809 2581 lacuna
834 2556 892 2580 est.
921 2552 1038 2581 stultos
1065 2562 1136 2582 esse
1160 2552 1264 2581 multos
1288 2553 1437 2581 homines
1464 2551 1509 2581 fh.
1537 2555 1568 2581 et
1593 2561 1643 2586 va,
1682 2553 1736 2589 qui
1774 2561 1833 2581 0111.

6 2619 71 2642 esse.
98 2611 219 2640 uirtute
232 2609 290 2648 fisi
314 2619 396 2639 omn.
421 2609 507 2638 libri.
541 2608 624 2638 conf.
652 2618 681 2637 u.
710 2609 750 2637 88
777 2608 900 2638 uirtute
924 2608 995 2646 stili,
1033 2609 1118 2647 quod
1144 2610 1250 2646 posuit
1277 2608 1315 2644 Q.
1384 2610 1438 2647 16)
1464 2612 1653 2638 moneantur
1678 2608 1720 2636 M.
1746 2618 1834 2637 uene-

5 2671 115 2697 rantur
140 2668 170 2697 2.
238 2666 293 2705 17)
318 2666 388 2695 Hoc
412 2666 509 2695 schol.
537 2675 597 2695 om.
626 2665 668 2697 M,
706 2668 789 2694 teste
815 2664 922 2694 Halm.
989 2664 1046 2704 19)
1065 2665 1164 2703 parui
1188 2666 1320 2703 pudoris
1351 2664 1526 2703 MR2G,va.
1554 2665 1574 2694 i.
1600 2674 1626 2695 e.
1653 2665 1773 2702 pusilli,
1800 2667 1836 2693 ut

6 2723 81 2755 Hor.
106 2724 137 2755 S.
164 2724 188 2762 Ι,
214 2725 245 2762 4,
276 2725 330 2753 17;
357 2724 467 2762 pusilli
493 2723 602 2752 animi.
640 2722 724 2751 Hinc
750 2730 852 2760 neque
873 2721 1002 2760 puerilis
1030 2721 1098 2761 (fh)
1127 2732 1228 2761 neque
1248 2722 1347 2760 praui
1372 2721 1431 2760 (Q)
1468 2722 1657 2759 probamus:
1693 2720 1835 2758 prauita-

7 2785 60 2811 tem
75 2781 205 2820 pudoris
229 2782 352 2819 ignoro.
379 2784 411 2809 et
434 2780 494 2809 1100
519 2780 578 2808 uit.
604 2788 653 2816 pa.
678 2787 731 2816 pu.
758 2782 807 2808 est
831 2778 874 2807 M.
900 2779 970 2808 rell.
998 2782 1029 2808 et
1054 2779 1111 2808 hoc
1137 2783 1185 2808 est
1210 2780 1268 2808 uit.
1297 2788 1325 2816 p.
1346 2788 1374 2816 p.
1401 2777 1483 2807 conf.
1503 2777 1572 2819 Βφε
1599 2787 1617 2806 a
1642 2778 1736 2806 nobis
1764 2778 1833 2806 scil.

8 2837 184 2868 iunioribus
210 2839 345 2867 discere.
412 2835 469 2875 21)
497 2840 605 2865 essent
631 2836 720 2873 pueri
757 2835 917 2865 maledicti
945 2836 1089 2865 dicerent
1114 2835 1179 2865 MG
1206 2840 1236 2865 et
1264 2836 1293 2870 2,
1332 2836 1386 2873 qui
1423 2834 1570 2863 maledici
1606 2834 1712 2863 habet.
1750 2834 1835 2863 Male

7 2893 86 2925 docti
111 2896 196 2925 enim
223 2895 406 2923 dicerentur
431 2893 590 2922 imberbes
616 2892 693 2922 vafh
721 2896 751 2921 et
778 2891 816 2929 Q,
843 2893 896 2930 qui
922 2893 1147 2930 conqueritur:
1165 2928 1167 2930 q
1184 2892 1255 2922 ‘Sed
1282 2901 1320 2920 ne
1347 2901 1388 2921 ex
1413 2891 1465 2920 his
1490 2890 1618 2928 quidem
1644 2900 1754 2920 uerum
1779 2891 1834 2920 ad-

8 2955 131 2982 secutus
157 2952 249 2981 sum.⁷
275 2950 436 2989 Equidem
462 2949 595 2979 difficile
621 2949 679 2978 hoc
706 2949 804 2978 schol.
833 2950 878 2978 sic
905 2950 1084 2978 sanandum
1112 2959 1181 2978 esse
1207 2952 1283 2987 puto
1306 2950 1339 2978 1:
1367 2947 1526 2976 ‘Imber-hes.
1555 2946 1634 2977 Cum
1653 2951 1759 2977 essent
1777 2958 1834 2986 pu-

9 3008 63 3037 eri'
87 3008 122 3046 (i.
150 3018 176 3038 e.
202 3017 265 3037 non
292 3011 384 3037 erant
408 3005 564 3045 barbati).
590 3006 659 3048 sz:
700 3006 732 3034 in
759 3015 816 3034 sua
842 3005 994 3035 infantia.
1025 3005 1067 3035 C:
1107 3007 1138 3035 in
1177 3014 1233 3034 sua
1269 3005 1416 3041 pueritia.
1455 3005 1491 3033 2:
1532 3004 1696 3041 ‘perdenda
1719 3004 1833 3043 fateri.

8 3062 178 3095 Maledicta
203 3065 330 3094 dicere.'
378 3064 488 3093 Alium
516 3072 645 3092 sensum
670 3062 801 3100 praebet
827 3072 886 3092 em.
910 3062 1111 3092 Hochederi:
1144 3062 1180 3091 Si
1205 3065 1314 3091 essent
1339 3061 1440 3098 pueri,
1467 3061 1547 3089 male
1574 3061 1663 3090 dicta
1689 3061 1832 3090 dicerem.

9 3121 86 3150 conf.
110 3121 268 3152 Dtintzer.
294 3121 349 3159 IV⁷
376 3121 451 3150 247.
501 3120 558 3159 22)
584 3119 676 3155 Quod
702 3118 810 3157 (codd.
839 3122 870 3149 et
895 3119 929 3159 a)
954 3129 1014 3149 om.
1040 3119 1086 3148 fh.
1125 3118 1255 3157 quidem
1280 3127 1310 3147 v.
1348 3127 1471 3147 numma
1502 3127 1523 3146 v
1560 3117 1611 3155 (in
1647 3118 1720 3147 lem.
1758 3127 1834 3147 1111111

1490 3182 1541 3207 34*

1867 908 1908 939 10

1866 1274 1907 1305 15
