2148 3412
814 123 864 156 IN
887 123 1032 157 EPIST.
1057 123 1101 164 Π,
1130 126 1158 155 1.
1819 113 1899 154 519

191 247 282 287 164.
318 246 554 302 Temptauit.
611 245 768 288 Poetae
798 246 980 289 Romani
1013 247 1134 304 [non]
1167 247 1266 289 satis
1311 247 1466 289 audent
1510 247 1637 289 altam
1681 248 1902 289 materiam

78 319 431 374 conprehendere,
464 319 537 360 sed
567 327 731 375 turpem
763 327 911 375 putant
943 319 1152 376 [longam]
1185 320 1378 370 lituram3
1425 327 1465 362 et
1508 321 1612 362 haec
1657 328 1717 362 est
1762 336 1900 372 causa,

77 407 150 433 cur
179 392 351 448 ingenia
381 392 491 433 bona
521 392 772 434 Latinorum
804 394 858 434 ad
887 394 1118 448 perfectum
1149 393 1293 434 uenire
1323 408 1405 434 non
1444 402 1630 449 possunt.

190 467 283 506 167.
314 467 463 507 inscite.
522 464 852 508 Aduerbialiter.

189 539 282 580 168.
320 539 519 586 Creditur,
552 555 603 580 ex
634 541 757 581 mettio
789 542 883 596 quia
914 554 977 580 res
1006 554 1088 580 arc.
1149 538 1442 594 Hyperbaton.
1490 539 1690 582 Creditur
1734 554 1900 582 comoe-

77 611 147 652 dia
188 611 409 653 minimum
454 612 610 654 habere
654 612 831 663 sudoris,
877 612 976 666 quia
1020 626 1086 654 res
1134 611 1334 668 [quaeris‚
1381 613 1433 654 de
1465 613 1635 670 quibus]
1683 628 1733 655 ex
1763 614 1902 655 medio

79 692 267 726 accersn.

189 759 282 799 169.
314 758 484 800 Smlorz's
504 760 722 800 minimum.
784 757 1000 810 Quoniam
1032 757 1084 798 de
1115 757 1407 800 communibus
1438 758 1562 800 rebus
1594 759 1811 801 comoedia
1841 759 1902 801 lo-

83 831 236 886 quitur,
268 838 311 872 ut
342 831 384 872 in
417 838 505 872 arte
536 831 702 886 poetica
732 846 783 872 ex
813 838 911 873 noto
941 831 1082 872 fictum
1114 845 1284 872 carmen
1316 846 1480 886 sequar.

190 906 282 946 169.
318 906 408 946 170.
443 906 640 947 comoedia
674 914 783 947 tanto
817 906 915 947 Plus
946 906 1087 946 oneris.
1148 904 1231 946 Vel
1263 912 1417 959 quanto
1458 905 1563 946 nulli
1607 906 1756 960 parcit,
1803 906 1903 961 quia

79 978 267 1020 omnium
297 978 401 1019 uitia
432 978 579 1033 carpit.

189 1052 281 1093 170.
314 1053 406 1092 171.
439 1052 598 1108 adspice
623 1052 793 1093 Plautus
826 1052 915 1102 Quo
939 1059 1074 1108 pacto.
1148 1050 1356 1093 Hortatur
1385 1051 1598 1102 lectorem,
1644 1059 1689 1093 ut
1719 1052 1904 1094 studiose

79 1125 328 1175 consideret,
379 1139 461 1179 quo
505 1125 632 1166 modo
663 1124 837 1166 Plautus
873 1125 1082 1166 discurrat
1111 1139 1187 1180 per
1219 1125 1478 1166 comoediam
1526 1125 1820 1181 (disputando)
1853 1126 1905 1167 de

76 1199 230 1254 pueris,
264 1197 451 1253 ephebis,
492 1205 532 1239 et
567 1198 618 1238 de
649 1197 853 1253 patribus,
891 1198 935 1239 id
966 1205 1039 1248 est,
1075 1198 1126 1239 de
1158 1197 1327 1240 senibus
1361 1198 1418 1254 [et
1451 1199 1808 1252 quemadmodum
1839 1206 1904 1240 tu-

76 1279 185 1314 tetur
217 1278 357 1325 partes
387 1271 748 1329 uniuscuiusque]

191 1347 284 1387 172.
317 1346 465 1387 lenonis
496 1354 541 1387 ut
569 1346 687 1387 insist.
744 1344 796 1385 Id
832 1350 910 1386 est:
958 1344 1312 1399 quemadmodum
1349 1350 1503 1386 tutetur
1533 1352 1675 1400 partes
1706 1345 1906 1388 concilia-

77 1419 179 1461 toris
210 1419 359 1474 stupri,
393 1418 465 1473 qui
494 1418 667 1474 proprie
699 1419 785 1460 leno
816 1418 981 1459 dicitur.

191 1494 284 1535 175.
318 1492 442 1534 Gestit
472 1493 573 1534 enim
602 1506 771 1533 numum
800 1493 840 1533 in
873 1492 1026 1533 loculos
1057 1492 1154 1533 dem.
1225 1491 1370 1547 Magis
1415 1490 1527 1532 enim
1572 1491 1735 1533 lucrum
1781 1507 1907 1547 quam

77 1567 244 1608 laudem
274 1566 366 1607 uult
396 1566 576 1621 adipisci
608 1581 659 1607 ex
690 1580 765 1607 sua
797 1565 1026 1615 comoedia,
1059 1579 1108 1606 ac
1138 1579 1214 1619 per
1244 1564 1324 1606 hoc
1355 1578 1437 1605 non
1459 1564 1644 1614 honeste,
1675 1572 1719 1606 ut
1741 1565 1907 1606 deceret

81 1640 302 1697 [doceret]
361 1640 489 1681 Multi
521 1640 658 1696 (quise)
692 1639 879 1681 carmina
909 1637 1109 1688 scribunt,
1154 1653 1240 1679 non
1271 1644 1432 1688 curant,
1477 1638 1579 1692 quid
1617 1638 1783 1680 eueniat
1814 1638 1908 1694 (qui

81 1714 349 1771 deueniant),
388 1720 614 1769 postquam
643 1713 807 1754 lucrum
837 1712 936 1753 inde
966 1711 1245 1768 perceperint.

192 1789 285 1829 177.
323 1789 450 1838 Quem
482 1788 572 1829 tulit
603 1788 656 1828 ad
686 1801 859 1828 scenam.
921 1785 1093 1827 Transit
1138 1785 1192 1825 ad
1237 1783 1468 1840 gloriosum
1513 1791 1694 1839 poetam,
1741 1785 1827 1839 qui,
1874 1785 1909 1827 si

77 1877 162 1904 non
190 1861 397 1909 laudetur,
428 1868 468 1901 et
499 1860 686 1901 animuin
720 1867 760 1900 et
790 1867 923 1900 artem
944 1859 1091 1908 abicit;
1124 1858 1209 1912 qui,
1241 1857 1406 1899 laudari
1438 1872 1481 1899 se
1510 1857 1673 1908 uidens,
1705 1858 1750 1898 fit
1779 1866 1909 1900 teme-

79 1935 212 1977 rarius
251 1949 301 1977 ac
346 1934 551 1982 tumescit,
598 1939 875 1988 spectatorem
920 1946 1022 1973 uero
1066 1932 1225 1973 lentum
1271 1932 1325 1973 ad
1369 1931 1627 1973 laudandum
1672 1946 1715 1973 se
1760 1932 1908 1974 uidens

79 2009 277 2051 tristatur.

196 2166 228 2205 1)
255 2174 318 2195 non
343 2173 402 2195 om.
429 2163 476 2205 γΙ).
504 2180 543 2183 --
571 2162 652 2192 satis
678 2162 751 2191 aud.
778 2162 834 2191 alt.
859 2162 907 2204 γὶ).
934 2161 1004 2191 rell.
1030 2170 1075 2191 sa.
1104 2161 1162 2191 alt.
1189 2161 1263 2190 aud.
1328 2161 1362 2200 2)
1389 2160 1519 2198 longam
1545 2170 1606 2190 om.
1632 2161 1680 2202 ·sb.
1718 2160 1853 2190 litteram
1877 2162 1909 2190 b.

83 2221 117 2261 3)
143 2222 227 2252 bona
244 2223 292 2263 Tb.
311 2221 382 2250 rell.
401 2230 463 2251 om.
487 2220 718 2250 —latinorum
736 2219 776 2248 ad
794 2219 871 2256 perf.
897 2228 929 2248 u.
957 2227 986 2247 n.
1012 2221 1149 2256 possunt
1173 2219 1222 2259 γί).
1248 2218 1318 2247 rell.
1346 2217 1535 2247 Latinorum
1560 2227 1622 2247 non
1648 2227 1697 2254 po.
1726 2217 1765 2246 ad
1791 2226 1912 2246 summa

82 2279 260 2317 peruenire,
287 2279 364 2316 quia
388 2277 511 2307 scilicet.
527 2276 626 2305 stulte
651 2276 854 2310 erubescunt,
881 2278 912 2304 et
934 2275 1053 2304 timent
1079 2275 1262 2311 emendare,
1292 2278 1324 2303 et
1349 2274 1449 2312 polire
1475 2275 1574 2311 longa
1599 2274 1695 2303 litura
1721 2274 1805 2311 quod
1832 2274 1912 2303 scri-

82 2339 226 2374 pserunt.
254 2335 337 2364 conf.
362 2334 432 2377 Βφε
460 2334 492 2363 ⁴1.
519 2336 612 2371 poete
638 2333 762 2362 romani
786 2341 902 2370 semper
926 2332 998 2361 aud.
1034 2332 1091 2360 alt.
1129 2334 1208 2361 mat.
1245 2340 1363 2369 compr.
1391 2349 1429 2351 -—
1458 2331 1507 2359 lit.
1532 2331 1651 2369 [onmem
1676 2348 1717 2350 -—-
1744 2331 1808 2368 ing.
1837 2329 1913 2359 bona

84 2391 155 2422 Lat.
181 2393 221 2421 ad
246 2391 326 2430 perf.
352 2401 382 2420 u.
408 2400 440 2421 n.
466 2389 604 2428 possint,
641 2390 714 2428 quia
750 2388 903 2418 uidelicet
929 2392 989 2417 stu.
1016 2388 1105 2417 erub.
1133 2406 1174 2408 —
1201 2387 1424 2425 scripserunt.⁷
1462 2385 1486 2416 C
1511 2387 1593 2415 nihil
1618 2387 1715 2415 habet
1741 2387 1822 2415 uisi:
1851 2390 1913 2415 ten-

83 2449 165 2479 tauit.
193 2449 327 2487 populus
352 2448 524 2477 Romanus.
550 2447 659 2485 glossa
685 2446 719 2475 in
744 2446 813 2488 Βφε
840 2444 999 2483 temptauit.
1028 2445 1049 2474 i.
1077 2445 1224 2482 populus.
1288 2444 1323 2482 4)
1350 2443 1493 2472 inscitiae
1518 2443 1558 2472 at.
1586 2443 1718 2472 inscitae
1743 2443 1913 2472 aduerbia-

83 2505 160 2535 liter
184 2515 212 2548 γ.
250 2505 360 2534 inscite
383 2505 415 2534 a}
439 2503 579 2533 inssciae.
606 2503 735 2532 indocte
761 2502 994 2531 aduerbialiter
1018 2502 1048 2531 b.
1074 2501 1143 2530 rell.
1171 2511 1233 2530 om.
1299 2501 1333 2539 5)
1360 2500 1544 2538 Yperbaton
1580 2500 1643 2540 ‘fb-²
1683 2498 1847 2529 ‘Creditur
1871 2516 1914 2519 —

85 2561 221 2599 sudoris,
246 2561 317 2600 quia
340 2570 388 2590 res
413 2561 551 2590 arcessit
576 2568 619 2589 ex
643 2559 759 2589 medio.
778 2555 961 2600 ’ὺπέρβατον
986 2557 1031 2587 fh.
1063 2557 1286 2597 Hyperbaton.
1314 2556 1406 2586 Cred.
1434 2567 1501 2586 vca.
1541 2555 1689 2585 Creditur
1716 2573 1757 2576 -—
1784 2565 1825 2585 ex
1850 2564 1914 2585 me-

87 2617 148 2647 dio.
173 2618 319 2657 Hyperb.
357 2621 399 2647 est
423 2616 462 2653 Q.
528 2617 562 2655 6)
589 2617 698 2654 querio
725 2616 764 2644 (le
789 2616 905 2653 quibus
929 2615 979 2656 Tb.
1046 2615 1079 2653 7)
1105 2615 1238 2644 accersit
1262 2615 1310 2655 γῑ).
1347 2615 1476 2643 accessit
1500 2613 1672 2656 Beavcafh.
1710 2613 1849 2642 arcessit
1875 2611 1913 2647 Q.

86 2674 161 2703 uide
185 2684 216 2705 u.
243 2675 317 2705 228.
381 2674 416 2713 8)
445 2673 603 2708 Quoniam
641 2671 730 2710 (quia
758 2670 799 2710 C)
829 2689 867 2692 *-
894 2680 1009 2710 sequar
1032 2670 1098 2712 770.
1124 2671 1193 2700 rell.
1219 2680 1279 2701 om.
1317 2670 1398 2701 conf.
1424 2670 1540 2708 Porph.
1577 2674 1609 2699 et
1633 2669 1685 2711 Bp
1712 2668 1806 2698 infra.
1858 2669 1914 2707 10)

86 2729 144 2761 Vel
169 2740 195 2773 γ.
223 2731 244 2760 i.
271 2731 334 2774 Βφ.
360 2730 430 2760 reu.
457 2740 517 2760 om.
545 2732 666 2768 quanto
691 2746 732 2749 ᾖ
758 2729 863 2766 carpit
887 2728 980 2770 γΒῦφ
1007 2728 1076 2757 rell.
1103 2737 1165 2757 om.
1193 2728 1273 2757 conf.
1299 2727 1370 2769 Βφε
1398 2745 1435 2747 κ-
1466 2727 1534 2756 ‘sed
1570 2730 1660 2755 tanto
1695 2726 1769 2763 plus
1805 2725 1913 2755 honeri

89 2790 137 2817 est
161 2787 380 2823 audientibus,
418 2790 538 2824 quanto
565 2786 645 2815 nulli
671 2786 784 2823 parcit,
823 2785 897 2814 dum
923 2784 1049 2822 publice
1074 2784 1158 2814 uitia
1183 2784 1296 2813 notat.'
1365 2784 1419 2823 12)
1446 2783 1603 2812 Hortatur
1631 2782 1702 2824 γΡιφ
1729 2786 1759 2811 et
1786 2781 1822 2818 C,
1860 2783 1915 2820 qui

88 2844 186 2874 habet
211 2848 284 2882 post
301 2843 456 2882 patr-thus:
496 2844 608 2879 seruis,
646 2842 788 2880 singulis
813 2841 957 2879 personis
984 2849 1057 2870 suas
1081 2841 1202 2878 parteis
1226 2840 1408 2869 tribuendo.
1447 2839 1523 2868 inde
1561 2842 1631 2868 orta
1667 2843 1715 2868 est
1750 2839 1844 2868 lectio
1880 2839 1915 2868 in

88 2900 231 2935 vcath:
258 2899 402 2929 Horatius
428 2901 502 2929 lect.
526 2903 629 2928 monet.
682 2898 736 2937 13)
764 2898 960 2936 disputando
985 2907 1045 2927 om.
1070 2906 1096 2939 γ.
1124 2896 1236 2926 effebis
1254 2896 1317 2938 Βφ.
1343 2899 1374 2925 et
1400 2906 1460 2925 0111.
1486 2895 1565 2937 γΒφ.
1594 2896 1613 2924 i.
1641 2895 1679 2924 de
1698 2895 1830 2924 senibus
1849 2895 1913 2937 Βφ.

89 2957 158 2987 rell.
185 2967 244 2987 om.
271 2960 375 2987 totum
402 2957 501 2986 schol.
527 2966 587 2985 om.
612 2956 642 2985 b.
670 2959 701 2984 et
727 2972 766 2975 >w
794 2955 890 2984 unius
918 2972 955 2975 »—
984 2955 1139 2992 cuiusque
1163 2963 1183 2982 v
1208 2952 1385 2991 (imutentur
1410 2962 1439 2989 p.
1464 2952 1586 2991 unusc.)
1620 2951 1733 2987 cath.
1758 2952 1827 2981 rell.
1854 2961 1914 2981 om.

93 3014 149 3054 16)
175 3015 196 3043 i.
223 3031 264 3034 -
290 3014 409 3043 dicitur
432 3023 460 3055 γ.
484 3013 553 3044 rell.
580 3022 640 3042 0111.
706 3011 762 3051 18)
789 3012 868 3041 lucr.
895 3020 924 3049 q.
949 3011 1037 3040 laud..
1064 3011 1127 3040 uult
1151 3010 1236 3047 affip.
1262 3018 1289 3050 ῃ.
1315 3008 1381 3038 rell.
1408 3007 1456 3046 (et
1480 3008 1549 3049 Βφ)
1576 3008 1652 3037 lucr.
1680 3008 1797 3047 quaerit
1821 3017 1915 3046 quam

91 3069 176 3100 laud.
203 3070 290 3109 adip.
356 3070 411 3109 19)
438 3070 561 3100 deceret
583 3068 646 3111 Βφ.
672 3069 742 3098 rell.
769 3069 902 3099 doceret.
967 3069 1023 3108 20)
1050 3068 1193 3098 scribunt
1217 3066 1298 3108 γΒφ.
1323 3066 1394 3095 rell.
1422 3064 1593 3095 scribentes.
1621 3069 1759 3095 curantes
1783 3065 1848 3108 Βφ.
1873 3082 1915 3087 —

93 3127 223 3158 eueniat
245 3136 271 3169 γ.
298 3126 448 3157 eueniant
469 3126 530 3168 Βφ.
556 3125 626 3156 rell.
656 3124 695 3155 de
720 3125 759 3154 iis
785 3126 851 3156 fiat.
871 3124 1075 3164 perceperint
1093 3122 1167 3162 (unt
1191 3123 1286 3162 corr.)
1304 3121 1384 3164 γΒφ.
1411 3122 1480 3152 rell.
1506 3126 1699 3161 aeceperunt.
1749 3122 1806 3162 23)
1834 3122 1914 3153 abic.

1950 552 1968 582 υἱ

1932 919 1970 950 10

1932 1285 1972 1317 15

1932 1650 1975 1683 20

1936 2019 1976 2050 25
