2148 3412
828 187 876 218 IN
903 187 1039 221 sumu.
1066 188 1092 225 1,
1119 192 1149 219 3.
1847 177 1898 218 69

186 309 253 349 46.
284 309 350 349 47.
381 317 426 350 ut
456 310 666 351 abor-ciuus
694 310 773 364 suit
802 311 893 351 olim
924 310 1129 366 Sisyphus.
1203 308 1343 351 Marci
1373 309 1551 352 Antonii
1582 311 1791 352 triumuiri
1822 326 1900 366 pu-

77 381 191 423 milio
221 381 348 423 fuisse
379 381 532 423 dieitur
561 383 671 423 intra
701 382 940 437 bipedalem
973 390 1186 433 staturam,
1219 383 1391 439 ingenio
1422 392 1562 426 tamen
1592 385 1731 426 uiuax.

188 457 254 496 47.
285 457 351 497 48.
384 456 490 497 hunc
529 458 677 498 Varum
708 457 860 498 dz'slorl.
894 472 1001 498 crur.
1073 458 1167 499 Vari
1193 457 1460 513 appellantur
1480 458 1706 500 introrsum
1737 458 1902 499 retortis

77 528 268 584 pedibus.

187 603 303 643 illum
334 603 450 644 Ball).
468 606 683 645 Scaurum.
742 604 892 645 Scauri
911 611 1018 654 sunt,
1050 604 1122 657 qui
1144 610 1331 645 extantes
1353 605 1457 646 talos
1478 605 1645 646 habent.
1707 604 1904 647 Suauiter

78 683 214 716 autern
245 675 350 716 dixit
392 676 557 718 balbutit
588 677 812 723 Scaurum:
858 677 917 718 sio
955 677 1067 718 enim
1109 677 1371 719 blandientes
1406 678 1635 719 infantibus
1672 679 1903 734 infringere

77 749 266 804 linguam
298 748 444 800 solent,
475 756 520 790 ut
552 750 671 804 quasi
702 764 772 792 eos
803 750 1028 792 imitentur.

187 823 253 863 49.
279 838 398 879 parc.
419 823 456 864 Ιι.
477 838 516 864 u.
538 825 567 878 s.
592 824 628 865 d.
687 823 773 865 Hie
804 824 888 865 iam
919 824 1163 875 ostenditur,
1196 825 1338 879 qualia
1368 825 1597 866 amicorum
1629 826 1731 867 uitia
1762 825 1905 866 existi-

78 909 193 937 mare
225 903 265 937 et
294 897 510 952 appellare
541 897 781 940 debeamus.

190 971 368 1012 50—52.
400 970 454 1012 Ac
484 980 540 1013 es!
571 980 670 1013 truc.
704 981 819 1029 atque
854 973 950 1014 Plus
981 986 1105 1027 aequo
1137 973 1235 1013 liber
1266 973 1435 1028 simplex¹
1463 973 1518 1027 fo.
1550 973 1638 1014 hab.
1700 972 1905 1029 Simplices

78 1042 205 1099 uulgo
236 1058 314 1099 pro
344 1045 573 1086 mansuetis
604 1061 653 1087 ae
682 1045 882 1087 modestis
913 1045 1069 1087 dicunt.
1130 1045 1215 1087 Hie
1247 1047 1463 1102 simplicem
1501 1046 1615 1095 dieit,
1663 1046 1748 1101 qui,
1795 1046 1906 1101 quod

78 1116 227 1158 sentiat
257 1117 309 1158 de
340 1117 488 1168 amieo,
520 1118 655 1160 libera
684 1119 830 1175 lingua
862 1119 1115 1174 pronuntiet.

191 1192 256 1233 53.
293 1191 468 1233 caldior.
529 1190 720 1234 Calidior
751 1193 804 1233 ad
834 1192 1100 1234 irascendum
1132 1192 1306 1234 honesto
1336 1193 1505 1234 nomine
1537 1208 1629 1234 acer
1660 1194 1835 1235 dicatur.

191 1266 256 1306 55.
287 1273 328 1306 at
346 1279 418 1307 uos
438 1266 530 1307 uz'rt.
552 1267 578 1306 τ’.
598 1267 622 1307 τ’.
682 1265 733 1306 Id
756 1272 835 1307 est:
868 1266 1045 1321 maligni
1067 1266 1171 1307 adeo
1202 1266 1363 1322 ingenii
1387 1282 1541 1316 sumus,
1577 1274 1620 1308 ut
1642 1282 1725 1308 non
1747 1274 1907 1308 tantum

79 1337 181 1379 uitia
211 1337 442 1380 amicorum
472 1353 555 1380 non
586 1345 791 1394 tegamus,
837 1339 909 1380 sed
941 1338 1065 1380 etiam
1097 1339 1242 1381 laudes
1282 1340 1396 1395 ipsas
1436 1340 1545 1381 male
1584 1341 1908 1396 interpretantes

81 1411 308 1467 culpemus.

193 1486 257 1527 56.
290 1494 406 1542 atque
436 1488 530 1527 sinc.
564 1502 596 1528 c.
639 1503 678 1528 u.
718 1488 957 1528 incrustare.
1024 1485 1289 1541 Allegorioos
1329 1487 1408 1529 hoe
1449 1487 1615 1529 dicitur.
1675 1488 1913 1530 Iucrustari

81 1567 217 1601 autem
248 1574 324 1600 uas
355 1559 522 1609 dieitur,
554 1574 648 1600 eum
679 1559 820 1613 aliquo
850 1560 1002 1601 uitioso
1034 1574 1132 1601 suco
1163 1560 1355 1601 inlinitur
1385 1568 1509 1615 atque
1540 1561 1796 1615 inquinatur,
1835 1576 1909 1602 se—

83 1632 263 1674 cundum
285 1633 396 1687 quod
418 1640 457 1673 et
478 1634 653 1674 Lucilius
672 1633 716 1674 in
733 1632 810 1673 III.
831 1631 1064 1674 Satirarum
1087 1636 1099 1683 (
1107 1632 1267 1675 XVIII
1288 1634 1401 1688 apud
1418 1633 1520 1675 Aer.
1537 1633 1710 1684 XVIII,
1730 1635 1753 1675 3
1773 1632 1910 1690 Gerl.)

82 1706 157 1748 ait:
189 1721 280 1748 uam
309 1707 385 1747 mel
415 1707 640 1761 regyz'ouibus
669 1708 763 1755 illis,
793 1709 1041 1749 'incrustatus
1074 1708 1183 1748 cale'oe
1213 1715 1322 1757 ruta,
1355 1708 1496 1757 caulis,
1528 1707 1708 1749 habetur.

194 1781 259 1822 58.
290 1780 353 1821 illa·
384 1781 519 1831 Turdo
549 1796 660 1837 coqu.
692 1782 844 1836 Pe'uqui
872 1782 1024 1822 damus.
1087 1779 1228 1837 [Ordo
1249 1787 1332 1822 est:
1365 1780 1423 1820 illi
1458 1781 1609 1835 Pz'uquz'
1641 1782 1677 1822 T
1676 1782 1777 1822 ardo
1809 1795 1910 1836 eog-

82 1868 234 1896 nomen
264 1852 430 1909 damus]
453 1853 504 1894 Id
525 1861 598 1905 est,
631 1869 775 1896 sensus
807 1855 913 1910 (Hie
934 1861 993 1897 est
1015 1855 1222 1906 sensus?):
1255 1861 1447 1895 naturam
1468 1854 1511 1894 in
1533 1854 1681 1895 uitium
1702 1861 1911 1895 uertentes

83 1943 160 1983 pro
182 1929 334 1983 Pz'nquz'
366 1929 549 1969 Tardum
579 1927 770 1970 dicimus.

195 2002 376 2058 nullique
406 2002 511 2043 malo
544 2003 612 2043 lat.
643 2003 751 2044 obdit
780 2018 843 2057 ap.
905 2002 1024 2043 obdit
1054 2015 1165 2042 nuno
1196 2001 1311 2042 obicit
1341 2007 1465 2055 atque
1496 2002 1603 2056 offert
1634 2000 1854 2056 signifieat.

198 2076 263 2116 67.
299 2076 431 2126 Quam
463 2083 603 2117 temere
623 2077 665 2117 in
685 2090 809 2117 uosm.
832 2076 904 2130 leq.
927 2090 1038 2117 saue.
1058 2076 1149 2129 iniq.
1207 2074 1258 2114 Id
1289 2081 1372 2115 est:
1404 2080 1560 2115 temere
1592 2074 1716 2115 nimis
1748 2074 1913 2130 agimus

86 2148 146 2190 sie
176 2148 409 2190 iudicantes
439 2148 491 2190 de
522 2148 669 2190 amieis
699 2149 866 2199 nostris,
914 2149 1013 2202 quia
1043 2147 1250 2203 incipiunt
1283 2154 1322 2188 et¹
1352 2147 1414 2188 illi
1444 2147 1496 2188 de
1527 2147 1649 2189 nobis
1680 2147 1914 2189 iudicantes

87 2222 263 2264 eandem
293 2222 433 2278 legem
464 2222 727 2265 constituere.

204 2345 236 2384 1)
262 2344 424 2374 abortibus
456 2343 477 2373 f.
512 2354 539 2374 o.
572 2343 690 2383 sisyf'ns
721 2343 754 2372 M
780 2344 920 2382 (Halm.)
948 2361 988 2364 Δ·
1015 2343 1125 2373 antoni
1149 2342 1191 2371 M.
1248 2343 1281 2381 2)
1309 2342 1457 2379 bipedam
1483 2341 1516 2370 P..
1541 2341 1679 2380 piclalem
1705 2342 1738 2371 M
1764 2341 1914 2381 (Halm)

91 2402 125 2441 3)
150 2401 242 2431 Nune
266 2401 386 2431 Varum
411 2411 441 2430 v.
467 2401 546 2430 Hinc
577 2400 653 2430 Vari
676 2400 711 2430 fh
739 2401 813 2439 (ort.
839 2409 880 2429 ex
906 2400 1009 2439 hunc).
1074 2400 1112 2439 4)
1138 2399 1281 2428 cruribus
1307 2398 1396 2427 vasli.
1430 2398 1497 2429 rell,
1533 2399 1678 2436 pedibus.
1745 2399 1778 2436 ὃ)
1806 2397 1916 2427 Scauri

90 2458 229 2488 dicuntur
252 2457 340 2488 vasli.
367 2461 504 2487 extentos
527 2458 608 2487 talos
634 2457 670 2486 R.
719 2458 754 2496 6)
780 2457 925 2486 balbuttit
949 2456 991 2485 M.
1021 2474 1059 2477 —
1087 2456 1238 2495 influgere
1263 2454 1357 2492 M‚fh.
1384 2454 1466 2485 conf.
1493 2454 1564 2483 Aer.
1613 2455 1648 2492 8)
1676 2455 1855 2484 ostenditur
1872 2454 1916 2491 M,

90 2516 178 2545 vafh.
204 2515 344 2545 ostendit
366 2512 568 2553 RA2(G‘.>Q).
628 2513 681 2551 11)
711 2511 781 2542 Cum
805 2514 858 2542 hic
883 2514 976 2550 simp.
1003 2513 1039 2541 R.
1065 2512 1128 2542 Cur
1153 2513 1205 2541 hie
1232 2513 1324 2549 simp.
1344 2510 1488 2547 M.‘2G‚v.
1515 2511 1583 2540 rell.
1611 2520 1671 2540 om.
1694 2509 1763 2539 Cam
1789 2508 1916 2548 (eum‘?)

93 2575 124 2602 et
152 2570 220 2601 Cur.
238 2571 319 2610 quod
335 2571 412 2610 quid
427 2571 493 2601 afh.
517 2572 586 2601 rell.
614 2569 669 2608 qui
692 2570 783 2608 quod.
835 2570 890 2608 12)
917 2569 1130 2608 promintiant
1157 2569 1193 2607 (n
1221 2568 1334 2606 expu.)
1360 2568 1396 2596 R.
1416 2568 1484 2597 rell.
1503 2568 1690 2605 pronuntiet.
1718 2567 1802 2596 Huic
1819 2567 1918 2596 uerbo

93 2629 216 2659 scribae
240 2629 273 2658 in
297 2627 388 2658 MRG
413 2629 475 2658 duo
501 2628 622 2657 scholia
648 2636 734 2665 seqq.
760 2626 892 2656 confusa
917 2630 949 2655 et
985 2626 1138 2654 mutilata
1162 2628 1356 2662 posueruut:
1395 2624 1438 2653 ‘et
1475 2624 1599 2661 ingenii
1638 2633 1745 2652 sumus
1783 2626 1817 2652 ut
1856 2632 1919 2652 non

92 2688 216 2715 tantum
240 2685 321 2714 uitia
344 2686 518 2715 amicorum
544 2694 605 2713 non
632 2687 778 2722 tegamus
803 2683 859 2712 sed
886 2683 981 2712 etiam
1008 2679 1021 2723 ΙΙ
1052 2686 1083 2711 et
1108 2682 1241 2711 honesto
1268 2680 1395 2709 nomine
1422 2689 1493 2709 acer
1518 2680 1664 2709 dicatur!
1713 2679 1796 2708 Hinc
1822 2679 1920 2708 uerba

97 2740 217 2771 Caldior
241 2760 281 2763 —-
307 2741 498 2771 irascendum
523 2741 723 2775 exciderunt,
760 2749 834 2778 pars
860 2748 934 2777 ergo
960 2739 1086 2775 scholii,
1125 2747 1187 2767 non
1213 2742 1311 2767 totum
1337 2736 1435 2766 schol.
1462 2740 1497 2764 ut
1523 2735 1550 2770 Q
1579 2736 1673 2764 refert
1701 2744 1731 2772 p.
1758 2734 1919 2764 XXXVII.

98 2797 154 2837 17)
179 2799 339 2828 incurtare
363 2797 433 2827 AG.
465 2815 499 2817 ⁷—
528 2797 684 2826 luem-tari
712 2795 805 2826 A2G.
858 2796 911 2833 18)
940 2795 1124 2833 inquinatur
1148 2793 1326 2823 cuttemMR.
1381 2792 1432 2830 19)
1459 2791 1504 2820 ΙΙΙ
1531 2791 1700 2820 satirarum
1726 2791 1758 2819 M
1785 2791 1921 2829 (Halm,

96 2864 176 2884 corr.
202 2860 298 2885 satur.
324 2855 351 2891 Q
375 2855 394 2884 l.
421 2853 457 2893 l.)
483 2851 542 2883 ΙΙΙ0
567 2858 743 2892 satyrarum
768 2853 804 2881 R.
830 2852 874 2881 III
913 2848 986 2887 (ΙΙΙΟ
1012 2852 1046 2890 2)
1084 2854 1262 2880 saturarum
1300 2849 1362 2878 Α2.
1400 2849 1458 2877 mel
1484 2846 1727 2886 MRA2G(Q)v.
1767 2847 1818 2876 uel
1855 2847 1921 2876 afh.

97 2912 177 2941 conf.
202 2910 277 2941 Aer.
304 2914 373 2941 ruta
396 2921 479 2941 omn.
506 2911 567 2939 mei
592 2910 679 2939 libri.
705 2903 784 2952 ῥύτη
811 2907 980 2950 (πήγανον)
1006 2907 1090 2937 Plin.
1119 2906 1204 2941 XIX.
1226 2907 1254 2935 7.
1283 2905 1407 2935 Colum.
1434 2904 1488 2940 XI,
1515 2904 1544 2933 3.
1570 2903 1662 2932 Varr.
1690 2902 1724 2932 L.
1744 2902 1778 2931 L.
1797 2902 1851 2939 IV,
1869 2903 1921 2931 21.

98 2971 170 2997 ruta
194 2968 281 2997 calix
306 2968 451 3004 habetur,
479 2977 538 2996 om.
566 2966 674 3003 caulis,
700 2965 737 2994 R.
787 2965 843 3003 20)
872 2966 1053 2994 int-artatus
1078 2962 1169 2992 Aeo.
1214 2980 1220 2981 .
1247 2962 1340 2990 habet
1364 2960 1425 2989 Ae.
1475 2961 1532 2998 21)
1560 2959 1647 2989 Ordo
1674 2978 1703 2979 ff
1721 2960 1833 2988 damus
1860 2969 1921 2988 om.

98 3023 169 3053 MR.
233 3025 290 3063 22)
316 3023 353 3053 ld
377 3028 425 3053 est
450 3023 599 3057 Mlz2u,v
626 3021 719 3060 (ide).
747 3021 783 3050 Id
810 3025 877 3057 est;
905 3030 1018 3049 sensus
1045 3019 1090 3048 fh.
1116 3023 1143 3047 ct
1167 3023 1214 3048 est
1241 3028 1326 3047 sens.
1353 3027 1370 3045 a
1396 3016 1434 3052 Q.
1462 3016 1650 3054 Legendum
1676 3019 1724 3044 est
1749 3015 1796 3044 hic
1821 3023 1844 3045 s,
1870 3014 1923 3043 isle

101 3084 142 3110 est
163 3090 273 3110 seusus.
296 3079 459 3119 propinqui
482 3080 511 3108 h.
572 3077 629 3117 24)
654 3087 712 3107 uon
736 3079 832 3107 obicit
857 3077 891 3105 M
916 3075 1053 3114 (Halm.)
1080 3075 1107 3103 R
1132 3084 1201 3103 cum
1227 3083 1317 3103 cruce
1343 3073 1436 3110 signo
1462 3072 1680 3101 correctionis.
1706 3080 1763 3100 uon
1789 3074 1820 3099 et
1845 3079 1923 3099 nunc

100 3145 194 3175 saepe
218 3135 467 3167 confunduntur.
494 3135 547 3164 adi
573 3135 723 3164 indicem.
772 3134 829 3171 ⁶25)
856 3133 892 3162 Id
911 3137 1032 3163 temere
1048 3131 1081 3160 M
1099 3130 1250 3169 (Halm).
1276 3129 1312 3158 Id
1338 3133 1388 3158 est
1411 3126 1564 3168 R<G?Q).
1592 3128 1753 3157 sancimus
1769 3130 1786 3155 e
1805 3131 1922 3157 temere

102 3201 132 3223 v.
156 3193 193 3223 Id
218 3197 268 3223 est
291 3202 350 3223 om.
375 3192 439 3222 afh.
489 3191 545 3230 26)
573 3191 613 3221 de
637 3200 697 3221 am.
723 3200 773 3221 no.
801 3190 867 3219 iud.
894 3190 923 3218 2.
974 3187 1031 3227 27)
1058 3191 1158 3217 const.
1187 3185 1278 3215 eand.
1305 3184 1368 3222 leg.
1397 3185 1426 3213 2.

1936 982 1973 1014 10
