2148 3412
846 121 896 152 IN
920 120 1065 155 EPIST.
1091 122 1136 162 11,
1162 126 1191 155 2.
1852 116 1933 158 547

215 243 280 284 14.
317 244 461 294 Quz'm's
487 244 614 298 ferret
643 245 758 286 idem.
818 243 916 287 Hoc
947 245 1081 289 solent
1110 261 1342 304 mangones
1372 248 1525 291 dicere.

213 318 394 358 cessauit.
453 315 490 357 F
493 317 703 373 ugitiuum
733 318 982 373 simpliciter
1012 327 1052 362 et
1081 320 1294 363 lenissime
1327 323 1558 365 confitetur.

214 390 278 431 15.
309 390 360 431 In
390 391 513 432 scalis
545 391 659 433 Iatait
697 400 873 434 memens-
897 394 1107 449 pendentis
1137 396 1326 438 habenae.
1403 396 1501 439 Non
1546 398 1666 440 Iatw't
1709 400 1753 441 in
1797 401 1931 450 scalis,

99 462 172 505 sed
203 471 378 506 meluens
408 464 586 506 habenae
614 466 821 521 pendentis
850 467 893 508 in
923 467 1051 518 scalis,
1083 469 1313 511 secundum
1343 484 1502 512 morem
1523 470 1825 524 Romanorum,
1857 474 1930 528 qui

98 551 240 579 seruos
272 536 407 596 [suos]
440 553 664 593 suspensos
694 539 748 580 ad
779 539 918 582 trabes
947 540 1237 596 flagellabant3
1270 551 1311 584 et
1339 544 1382 584 in
1414 544 1554 586 media
1583 546 1708 588 domo
1729 547 1784 588 ad
1805 547 1927 589 timo-

96 624 184 652 rem
215 611 504 653 incutiendum
534 612 701 654 habena
731 613 955 668 pendebat.

210 686 274 726 17.
298 700 458 742 paenae
490 700 671 729 securas.
734 685 848 740 Quia
891 687 1120 744 fugitiuum
1166 703 1256 732 esse
1301 691 1516 734 confessus
1561 699 1635 744 est,
1681 708 1766 736 non
1811 702 1930 750 potes

97 773 278 815 paenam
308 759 534 815 requirere.

206 833 272 874 23.
310 834 419 885 Quid
448 842 531 876 tam
555 835 724 891 profeci.
784 833 1105 878 Exclamatiue:
1151 836 1251 879 dum
1282 853 1347 880 me
1378 853 1661 896 expui-garon]
1704 840 1783 883 tibi
1828 857 1928 884 con-

95 907 282 950 scientia.

205 996 358 1024 mecum
387 982 577 1037 facientia
608 983 714 1024 iura.
773 981 872 1024 Hoc
902 988 984 1024 est:
1015 997 1094 1039 pro
1123 998 1190 1026 me
1220 985 1432 1027 facientia.

205 1056 270 1097 26.
303 1056 474 1098 Luculli
489 1057 613 1098 miles.
672 1055 770 1098 Hoc
801 1057 995 1113 exemplo
1026 1058 1220 1110 ostendit,
1253 1074 1296 1101 se
1327 1060 1512 1116 primum
1534 1061 1757 1117 dispendio
1780 1064 1841 1105 rei
1862 1065 1925 1106 fa-

90 1129 267 1172 miliaris
288 1136 492 1180 coactum,
515 1136 608 1184 post
637 1129 862 1171 inuitatum
883 1129 1004 1172 donis
1034 1131 1088 1172 ad
1119 1132 1388 1175 scribendum
1429 1135 1495 1188 (——
1525 1135 1579 1176 da
1612 1137 1800 1178 carmina
1819 1137 1923 1193 Βφ).

89 1203 248 1246 Actum
279 1211 341 1246 est
370 1203 494 1254 bello,
527 1203 640 1260 quod
670 1203 801 1260 gessit
829 1202 1037 1246 Lucullus
1069 1206 1215 1248 consul
1255 1221 1350 1249 cum
1381 1207 1631 1250 Mithridate
1676 1224 1776 1266 rege
1806 1210 1921 1253 Pon-

89 1277 185 1328 tico,
221 1277 339 1320 cuius
369 1277 524 1320 milites
568 1277 754 1333 primum
799 1278 992 1332 (quidem
1022 1278 1112 1335 Βφ)
1160 1281 1409 1323 necessitate
1454 1282 1647 1338 conpulsi
1693 1292 1922 1340 coeperunt

88 1352 300 1408 praedari,
338 1358 483 1408 postea
505 1366 605 1393 uero
637 1351 758 1393 donis
790 1358 830 1392 et
860 1352 1105 1395 muneribus
1137 1361 1230 1396 sunt
1262 1344 1493 1410 prouocati.
1575 1355 1662 1408 Qui
1694 1372 1790 1399 cum
1819 1374 1924 1414 qua-

89 1427 186 1468 dam
215 1432 337 1468 nocte
369 1425 613 1476 dormirent,
646 1425 817 1481 saginas
840 1425 1068 1484 [sarcinas]
1102 1442 1245 1470 eorum
1277 1435 1318 1470 et
1346 1428 1502 1471 uiatica
1523 1430 1665 1472 onmia
1685 1432 1923 1487 perdidere.

87 1499 210 1542 Tunc
233 1499 366 1542 coacti
386 1499 567 1542 uiriliter
598 1506 899 1556 expugnarunt.
929 1500 1145 1556 quoddam
1177 1502 1452 1557 praesidium,
1493 1503 1567 1546 ubi
1589 1512 1708 1546 erant
1738 1506 1925 1548 thesauri

86 1572 360 1616 Mithridatis.

198 1650 264 1690 27.
295 1648 348 1690 ad
377 1663 518 1690 assem.
590 1646 688 1690 Non
718 1654 764 1689 ut
792 1662 916 1704 usque
947 1649 1002 1691 ad
1031 1664 1161 1691 assem
1190 1658 1382 1700 sterteret,
1425 1651 1498 1693 sed
1541 1666 1666 1708 usqae
1703 1654 1757 1696 aa
1796 1669 1924 1698 assem

79 1724 312 1780 perdiderit.

199 1799 265 1839 28.
298 1805 333 1839 et
362 1798 442 1838 sibi.
503 1795 617 1849 Quia
647 1795 893 1853 perdiderat.
922 1811 1000 1853 per
1029 1797 1358 1855 neglegentiam.

198 1872 264 1913 28.
296 1872 362 1913 29.
396 1881 428 1913 et
457 1871 562 1913 hosti
588 1872 740 1914 Iratus.
803 1869 891 1924 Qui
919 1871 1061 1926 rapuit
1089 1886 1166 1927 per
1195 1871 1453 1914 uiolentiam.

197 1946 264 1987 32.
297 1946 410 1987 (lonis
441 1953 614 1987 ornatur
641 1946 823 1988 lzoaeslz's.
883 1943 1057 1988 Scilicet
1099 1945 1355 1988 militaribus
1399 1948 1656 1990 ornamentis
1696 1954 1737 1990 et
1766 1949 1919 1992 nihilo-

86 2018 224 2061 minus
257 2018 481 2076 [pecuniae
512 2018 654 2076 bonis]
688 2019 880 2074 pecunia.

197 2094 262 2134 37.
295 2107 371 2149 qao
402 2095 547 2135 uirtus.
606 2091 729 2134 Haec
760 2099 856 2135 sunt
884 2092 1017 2135 uerba
1046 2092 1220 2135 Luculli
1246 2094 1301 2135 ad
1330 2094 1507 2137 militem
1539 2110 1671 2138 suum.

198 2168 264 2209 39.
297 2169 562 2224 quantumuis.
621 2165 859 2223 Responsio
889 2167 1035 2210 militis
1065 2166 1238 2209 Luculli
1267 2168 1373 2210 haec
1404 2176 1477 2211 est.

195 2243 385 2285 rusticus.
445 2240 532 2294 Qui
561 2242 723 2283 iactura
754 2256 895 2284 rerum
918 2257 1087 2283 suarum
1108 2241 1233 2293 dolet,
1279 2249 1323 2284 ut
1353 2243 1432 2284 hae
1462 2243 1745 2293 restituantur,
1793 2260 1919 2287 causa

83 2316 280 2372 praedae,
314 2331 578 2373 quocumque
609 2316 794 2366 iusseris,
825 2315 914 2358 ibit.
972 2314 1061 2357 Nos
1082 2315 1167 2357 iam
1188 2316 1288 2358 satis
1308 2316 1535 2366 habemus3
1570 2324 1609 2359 et
1639 2324 1785 2360 ornate
1817 2334 1915 2361 con-

83 2398 205 2446 parat
233 2406 277 2434 se
306 2391 431 2433 militi
461 2390 561 2433 satis
591 2389 777 2441 habenti,
810 2396 849 2431 et
878 2389 991 2431 nolle
1023 2404 1066 2431 se
1096 2396 1271 2445 propter
1299 2389 1461 2433 lucrum
1494 2391 1682 2433 carmina
1703 2392 1830 2434 alicui
1851 2393 1915 2434 di-

199 2520 231 2559 1)
256 2519 294 2549 Id
320 2523 384 2550 est:
404 2519 513 2549 nullus
530 2528 647 2557 mango
672 2522 738 2548 tam
756 2518 947 2557 simpliciter
964 2517 1023 2547 tibi
1042 2517 1236 2556 loqueretur.
1263 2518 1354 2549 Dicit
1380 2519 1466 2549 enim
1484 2528 1598 2559 ynam-(so,
1625 2521 1715 2559 quasi
1740 2530 1831 2551 mana
1847 2507 1913 2561 abo.

27 2582 29 2584 ’
82 2575 145 2618 Βφ.
194 2573 230 2617 2)
248 2576 438 2615 Fugitiuum
458 2575 580 2614 (autem
594 2575 633 2615 C)
654 2576 757 2614 simpl.
780 2578 811 2605 et
828 2575 892 2604 len.
912 2573 952 2604 cf.
972 2573 1084 2612 2,vaC.
1102 2574 1174 2604 rell.
1191 2573 1303 2614 Simpl.
1322 2579 1354 2606 et
1371 2576 1433 2606 len.
1454 2576 1493 2606 cf.
1511 2576 1577 2615 fug.
1627 2576 1663 2615 4)
1678 2595 1719 2598 —
1735 2579 1789 2616 qui
1808 2587 1916 2610 seruos

83 2642 158 2664 suos
176 2633 218 2664 acl
229 2634 346 2674 qradra-
362 2635 500 2664 habenis
519 2635 539 2663 i.
558 2634 636 2664 loris
653 2633 772 2672 ligatos
789 2632 1010 2670 flagellabant.
1040 2631 1157 2662 iccirco
1174 2633 1207 2662 in
1224 2633 1333 2662 media
1350 2633 1442 2663 domo
1459 2642 1477 2662 a
1495 2634 1649 2672 gradibus
1667 2635 1708 2663 ad
1724 2635 1793 2664 tim.
1813 2636 1916 2666 seruis

82 2690 145 2720 inc.
162 2690 307 2721 habenae
322 2691 506 2729 pendebant
522 2689 558 2720 C.
579 2690 707 2719 habena
724 2689 910 2727 pendebant
926 2699 946 2718 v
963 2688 1038 2718 Bos.
1059 2688 1113 2718 45.
1164 2687 1199 2728 5)
1226 2690 1331 2719 trabes
1349 2690 1377 2719 2.
1396 2690 1465 2720 rell.
1484 2690 1607 2720 trabem.
1658 2692 1692 2731 7)
1720 2690 1804 2726 Quia
1819 2709 1859 2713 —
1874 2693 1913 2722 cf.

83 2750 133 2777 est
156 2747 231 2785 b,C.
257 2748 326 2778 rell.
354 2757 415 2778 om.
441 2748 740 2786 non—requirere
759 2748 788 2776 2.
820 2746 890 2775 rell.
917 2755 977 2775 om.
1028 2743 1063 2785 9)
1089 2755 1171 2776 omn.
1196 2745 1272 2775 libri
1297 2745 1380 2775 (lum.
1406 2751 1479 2784 post
1504 2746 1664 2777 Ritterum
1683 2747 1710 2783 Q
1728 2757 1803 2778 cam.
1856 2748 1913 2787 12)

83 2805 262 2843 exemplam
286 2805 316 2834 b.
341 2805 412 2835 rell.
450 2805 607 2842 exemplo.
674 2803 729 2842 13)
757 2813 805 2833 co.
831 2812 861 2832 se
885 2802 949 2845 Βφ.
1002 2802 1056 2842 15)
1083 2812 1150 2841 cep.
1180 2802 1210 2831 2.
1277 2804 1333 2838 16)
1362 2802 1423 2838 Qui
1448 2802 1517 2833 dam
1541 2813 1609 2833 vca.
1647 2804 1709 2840 Qui
1734 2814 1764 2844 q.
1792 2814 1823 2834 n.
1850 2814 1917 2835 eum

83 2860 176 2900 (dum
188 2861 256 2905 Βφ)
294 2863 392 2892 dorm.
421 2863 450 2891 2.
485 2865 580 2892 nocte
618 2861 758 2900 quadam
784 2860 984 2890 dormientes
1010 2858 1043 2890 C.
1072 2877 1111 2881 --
1139 2859 1266 2900 sarsinas
1290 2860 1377 2903 3302,
1403 2869 1472 2889 vca.
1500 2865 1531 2891 et
1555 2860 1630 2892 Bas.
1657 2861 1709 2891 45.
1736 2862 1819 2891 conf.
1844 2862 1914 2892 qu.

81 2918 137 2957 IV,
164 2920 216 2949 67.
240 2919 338 2958 Apul.
363 2918 441 2949 Met.
466 2919 514 2949 IV
538 2929 569 2957 p.
598 2919 660 2948 148
687 2918 771 2947 Elm.
798 2917 889 2955 Prop.
915 2917 970 2955 IV,
999 2918 1028 2955 8,
1057 2918 1109 2947 25.
1136 2918 1207 2947 rell.
1247 2918 1403 2947 sarcinas.
1428 2916 1571 2947 Martial.
1597 2917 1638 2955 ΙΙ,
1668 2919 1718 2956 11,
1748 2919 1798 2948 18.
1823 2918 1913 2950 Varr.

82 2975 118 3006 R.
144 2975 180 3006 R.
206 2976 233 3014 I7
262 2978 290 3006 1.
316 2976 452 3006 Phaedr.
479 2975 537 3013 ΠΙ,
566 2976 616 3013 20,
645 2976 674 3005 5.
736 2973 793 3013 17)
822 2975 931 3004 omnia
958 2976 986 3004 2.
1013 2975 1085 3005 rell.
1112 2985 1173 3005 om.
1201 2974 1281 3004 conf.
1309 2973 1409 3003 schol.
1437 2972 1473 3002 C.
1536 2974 1591 3012 18)
1618 2974 1739 3004 mitrid.
1768 2975 1829 3013 2,a.
1855 2977 1915 3006 mi-

82 3033 159 3073 tryd.
185 3043 216 3064 v.
282 3033 337 3072 19)
365 3032 407 3070 Οε
435 3033 477 3063 ad
500 3041 606 3062 assem.
634 3035 714 3071 ‘sup.
740 3041 851 3070 usque,
877 3032 911 3061 id
937 3035 997 3069 est⁷
1026 3036 1085 3061 tota
1109 3032 1230 3062 az'atz'ca’
1257 3036 1318 3060 etc.
1345 3030 1416 3060 Non
1441 3033 1472 3060 ut
1494 3040 1595 3069 usque
1623 3031 1712 3061 2vca.
1739 3031 1814 3063 Non
1838 3033 1917 3072 quod

82 3098 182 3129 usque
206 3089 252 3119 fh.
278 3093 315 3119 ut
339 3099 398 3120 om.
427 3089 464 3125 Q.
491 3107 534 3110 ——
560 3093 689 3119 steterat
713 3099 743 3119 v.
768 3089 843 3120 Bas.
870 3089 922 3121 45.
948 3092 1094 3119 sterteret
1118 3090 1146 3119 2.
1166 3089 1236 3119 rell.
1262 3090 1420 3118 sterterat.
1469 3086 1527 3126 21)
1554 3088 1683 3126 perdere
1701 3092 1823 3127 poterat
1844 3099 1913 3120 vca.

83 3146 141 3187 22)
168 3145 251 3183 Quia
267 3155 335 3188 rap.
362 3155 412 3177 va.
431 3147 500 3193 rell:
526 3145 599 3183 Qui.
650 3146 707 3187 24)
732 3146 869 3185 pecunia
896 3146 924 3176 2.
951 3147 1089 3185 pecunia
1113 3145 1188 3176 bona
1212 3155 1281 3176 voa.
1307 3144 1376 3175 rell.
1403 3154 1470 3183 pec.
1496 3145 1600 3175 bonis.
1651 3144 1709 3187 27)
1734 3146 1812 3177 haee
1827 3146 1913 3177 libri.

1589 3210 1641 3237 35*

1954 927 1994 958 10

1951 1295 1992 1326 15

1942 2403 1984 2434 30
