2148 3412
193 130 275 172 514
828 136 932 170 Aca.
957 136 1017 168 ET
1041 135 1209 169 PORPH.
1236 135 1384 169 COMM.

305 265 370 304 71.
406 263 606 305 Orbilium
628 262 782 303 dictare.
841 259 927 301 Per
961 259 1181 301 transitum
1219 259 1352 315 carpit
1385 258 1598 301 Orbilium
1632 259 1721 301 ludi
1753 259 2015 316 magistrum.

192 337 424 392 Eleganter
454 342 594 376 autem
625 334 819 382 ostendit,
850 333 916 374 ucl
947 332 1133 374 librariis
1163 338 1325 374 ueteres
1356 332 1486 374 libros
1515 332 1785 374 necessarios.

306 411 370 450 74.
403 409 449 450 Se?
475 423 632 450 uersus.
711 407 763 448 Id
793 412 867 457 est,
914 412 1087 462 propter
1116 421 1245 447 unum
1275 420 1444 447 uersum
1475 405 1543 447 uel
1574 406 1678 447 duos
1708 412 1838 447 totum
1869 420 2020 462 poema

191 483 376 539 pretium
407 482 519 524 facit.

126 567 143 595 5
306 557 371 597 75.
404 555 615 610 uendilque
641 569 796 611 poema.
874 551 1140 594 Laudatione
1172 552 1422 593 conmendat
1460 558 1506 593 ut
1541 565 1680 594 rerum
1720 551 1869 593 uilium
1905 566 2021 594 uen-

193 630 363 671 ditores.

307 703 372 743 76.
405 701 606 755 Indiqnor
637 715 700 756 qu.
725 713 831 755 repr.
890 698 941 739 In
973 697 1171 752 antiquis,
1202 698 1351 753 inquit,
1385 697 1420 740 si
1450 697 1677 753 aliquando
1709 697 1901 753 (aliquod
1930 704 2023 740 car-

192 776 338 829 menP)
384 775 651 816 inhonestum
681 773 878 822 uiderint,
925 772 1063 827 potius
1093 771 1264 812 laudant
1297 786 1423 826 quam
1454 771 1697 826 dampnant,
1742 786 1881 813 meum
1922 786 2023 814 uero

196 849 386 906 [carmen
418 848 550 904 quod]
584 862 839 903 quamquam
869 846 1089 887 honestum
1114 844 1212 902 [est]
1236 851 1410 900 propter
1438 844 1667 886 nouitatem
1698 845 2023 900 reprehendunt.

133 933 172 964 10
317 924 380 964 78.
413 923 495 964 Nec
518 923 672 963 uem'am
693 923 810 976 antiq.
870 918 1013 960 Etiam
1043 918 1142 960 hinc
1171 917 1384 973 indignor,
1421 918 1533 973 quod
1563 918 1747 973 antiquis
1777 933 1861 960 non
1892 918 2025 960 solum

194 1004 392 1052 poscatur
422 995 559 1043 uenia,
592 995 666 1036 sed
697 994 823 1035 etiam
853 992 1043 1048 praemia
1074 991 1325 1032 deferantur.

307 1070 371 1110 79.
432 1068 560 1110 Attae.
619 1067 800 1121 Antiqui
830 1072 989 1121 poetae.
1049 1063 1146 1106 Hoc
1176 1070 1255 1106 est:
1288 1064 1332 1105 in
1363 1078 1532 1106 scenam
1553 1070 1722 1120 recepta
1744 1063 1809 1115 sit,
1839 1064 1913 1106 ubi
1941 1065 2018 1107 flo-

193 1158 260 1185 res
291 1149 561 1198 sparguntur,
597 1140 665 1182 uel
697 1140 796 1195 quia
826 1145 888 1180 est
916 1138 1045 1180 Attae
1075 1137 1232 1188 fabula,
1278 1152 1384 1192 quae
1416 1136 1647 1179 Matertera
1676 1137 1932 1189 inscribitur,
1978 1138 2024 1179 in

195 1232 278 1272 qua
322 1216 446 1257 flores
491 1220 719 1256 enumerat.
798 1212 912 1269 [Atta
942 1218 1174 1268 togatarum
1204 1211 1386 1266 scriptor
1414 1211 1484 1252 uel
1514 1211 1828 1268 tragoediarum
1857 1211 1926 1253 uel
1957 1227 2027 1254 co-

132 1300 171 1332 15
197 1289 459 1332 moediarum
504 1288 583 1329 fuit
628 1287 834 1341 antiquuS,
883 1286 954 1341 qui
994 1286 1037 1326 in
1069 1285 1154 1327 suis
1185 1284 1308 1327 dictis
1339 1285 1397 1326 ita
1425 1285 1576 1327 florum
1607 1300 1764 1341 genera
1794 1285 1947 1341 repetit
1989 1291 2030 1327 et

195 1370 387 1405 numerat
418 1363 655 1418 (enumerat
684 1359 878 1415 Porph.),
909 1366 955 1400 ut
984 1359 1074 1401 sine
1105 1358 1365 1401 dubitatione
1396 1359 1768 1414 reprehendendus
1789 1358 1843 1400 sit
1876 1358 1929 1401 ob
1964 1358 2029 1400 ni-

195 1437 325 1478 miam
355 1433 685 1491 loquacitatem]

311 1511 376 1551 84.
421 1510 482 1551 Vel
512 1510 604 1565 qaia
636 1516 752 1564 turpe
776 1515 937 1563 putant.
996 1505 1115 1547 Dicit
1144 1505 1305 1547 idcirco
1336 1519 1456 1546 senes
1487 1504 1673 1547 iuniores
1703 1504 1933 1562 despicere,
1963 1505 2032 1548 uel

199 1584 298 1639 quia
328 1582 488 1631 nolunt,
536 1588 576 1622 et
606 1588 728 1636 turpe
759 1580 927 1622 uidetur
958 1579 1018 1621 eis
1049 1579 1286 1620 iunioribus
1316 1578 1502 1626 obedire,
1547 1578 1616 1619 uel
1649 1577 1802 1637 [quia],
1848 1579 1960 1634 quod
1989 1579 2033 1621 in

132 1667 173 1699 ‘20
198 1657 378 1699 infantia
411 1655 662 1705 didicerunt,
696 1669 837 1696 secum
868 1667 1035 1708 semper
1064 1653 1245 1693 retinere
1275 1651 1418 1692 uelint.

312 1731 378 1773 86.
409 1730 494 1770 Iam
542 1729 704 1770 Saliare
742 1729 901 1770 Numae
942 1740 1117 1768 carmen.
1189 1724 1331 1766 Numa
1376 1723 1542 1766 Saliare
1587 1739 1756 1767 carmen
1802 1726 2033 1781 conposuit,

199 1804 311 1860 quod
334 1802 441 1844 Salii
473 1802 712 1843 cantabant.
775 1801 883 1842 Salat·
910 1799 1173 1848 dicebantur,
1205 1798 1278 1853 qui
1309 1799 1422 1840 circa
1453 1814 1548 1841 aras
1580 1799 1768 1841 saliendo
1798 1800 2033 1842 cantabant.

313 1878 378 1918 88.
410 1876 586 1930 lnqem'z‘s
617 1889 699 1916 non
728 1875 795 1916 ille
825 1875 940 1929 fauet
965 1874 1022 1929 pl.
1097 1871 1195 1914 Non
1240 1878 1414 1921 tantum,
1460 1872 1611 1927 inquit,
1655 1873 1799 1915 laudat
1843 1874 2036 1929 antiquos

202 1949 446 2008 [quantum]
481 1964 574 1990 cum
607 1962 763 1998 amore,
802 1954 1002 2002 quantum
1034 1962 1110 1989 nos
1143 1953 1184 1988 et
1212 1953 1356 1988 nostra
1385 1947 1598 2003 uituperat
1629 1962 1721 1989 cum
1752 1947 1926 1996 inuidia,
1969 1947 2035 1988 di-

134 2034 175 2065 25
203 2038 314 2074 cens,
347 2038 391 2065 se
421 2023 474 2064 de
503 2022 718 2064 ueteribus
750 2021 870 2070 scire,
903 2021 1015 2076 quod
1046 2036 1143 2070 non,
1176 2020 1335 2062 scilicet
1365 2035 1490 2071 nunc,
1523 2027 1643 2063 esset.

340 2234 372 2273 1)
398 2235 459 2264 Per
485 2252 523 2255 ›—
551 2233 751 2263 necessarios
777 2242 804 2274 γ.
832 2231 917 2263 conf.
945 2231 979 2261 C.
1006 2232 1076 2262 rell.
1104 2241 1165 2262 om.
1230 2232 1265 2271 3)
1293 2232 1314 2262 i.
1342 2249 1381 2253 ——
1408 2232 1485 2262 facit
1511 2241 1538 2273 γ.
1564 2233 1632 2262 rell.
1660 2242 1721 2262 om.
1760 2233 1840 2262 conf.
1866 2232 1935 2275 Βφε
1973 2241 2029 2270 pro

201 2302 264 2321 uno
291 2301 385 2321 uersu
410 2291 463 2320 uel
488 2291 612 2320 duobus
638 2293 740 2320 totum
767 2298 880 2327 poema
904 2290 1079 2327 pretiosum
1104 2288 1178 2318 fuit.
1242 2290 1276 2327 5)
1303 2288 1506 2318 Laudatione
1533 2306 1573 2309 —
1599 2289 1786 2319 uenditores
1822 2298 1849 2330 γ.
1876 2289 1944 2318 rell.
1971 2299 2032 2319 om.

201 2348 284 2379 conf.
311 2350 348 2378 b:
377 2347 494 2377 Iniuite.
533 2346 670 2375 Laudat.
708 2346 922 2375 laudationem
946 2355 971 2374 c.
998 2356 1028 2375 u.
1054 2355 1077 2375 r.
1104 2355 1134 2375 u.
1161 2355 1192 2374 u.
1258 2344 1292 2383 7)
1321 2345 1429 2383 inquit
1456 2345 1538 2388 γΒφ.
1564 2345 1634 2375 rell.
1662 2355 1721 2376 om.
1748 2363 1788 2366 β
1815 2345 1984 2384 aliquando
2009 2354 2035 2386 γ.

200 2405 311 2444 aliquit
333 2405 396 2447 Βφ.
423 2405 492 2434 rell.
519 2403 646 2442 aliquid.
674 2402 863 2441 reppererint
879 2402 942 2445 Βφ.
960 2403 1028 2431 rell.
1047 2403 1202 2431 uiderint.
1258 2401 1292 2439 8)
1320 2402 1471 2431 damnent
1495 2401 1576 2444 γΒφ.
1602 2402 1672 2431 rell.
1696 2402 1858 2431 damnant.
1909 2402 1943 2440 9)
1970 2411 2037 2432 car-

200 2472 272 2492 men
290 2462 373 2501 quod
392 2471 451 2490 om.
470 2469 497 2502 γ.
516 2468 709 2498 quamquam
734 2459 812 2487 hon.
839 2468 886 2496 pr.
912 2459 994 2500 γΒφ.
1023 2459 1093 2488 rell.
1120 2468 1224 2489 meum
1249 2467 1324 2488 uero
1350 2468 1445 2488 earm.
1474 2459 1555 2495 qnod
1581 2459 1654 2487 hon.
1680 2462 1722 2487 est
1745 2467 1790 2496 pr.
1842 2459 1897 2496 10)
1923 2458 1991 2488 hinc
2008 2467 2034 2500 γ.

200 2520 270 2549 rell.
298 2519 361 2547 hoc.
414 2516 470 2555 11)
497 2526 584 2555 pose.
610 2525 682 2545 uen.
708 2525 734 2557 γ.
753 2515 822 2545 rell.
849 2525 922 2544 uen.
949 2524 1033 2553 pose.
1049 2533 1088 2536 ——
1106 2516 1162 2545 sed
1188 2516 1285 2544 etiam
1310 2525 1356 2553 pr.
1383 2514 1447 2544 def.
1474 2524 1500 2557 γ.
1527 2515 1564 2544 cf.·
1581 2514 1616 2544 C.
1643 2515 1698 2544 sed
1717 2512 1822 2544 &iam
1846 2515 1941 2544 uenia
1966 2524 2038 2552 pre-

201 2577 280 2606 cium
297 2575 419 2604 feratur
436 2584 464 2603 v.
484 2574 539 2603 sed
557 2573 640 2602 ultra
656 2572 775 2602 ueniam
791 2573 933 2609 precium
952 2571 1050 2608 (pret.
1070 2572 1111 2610 Q)
1130 2571 1253 2602 feratur
1270 2571 1384 2606 cath.
1437 2572 1491 2609 12)
1519 2572 1662 2601 scholion
1679 2571 1801 2609 Antiqui
1818 2588 1852 2591 --—
1870 2575 2037 2601 enumerat

201 2642 217 2673 γ
232 2636 263 2662 et
277 2632 305 2667 b,
333 2632 386 2669 qui
404 2631 521 2660 habet:
540 2630 609 2659 Hoc
626 2633 674 2659 est
695 2648 729 2649 W
749 2632 916 2658 enumerat
933 2629 1059 2667 antiqui
1084 2632 1207 2666 poetae.
1275 2629 1329 2667 13)
1355 2628 1408 2658 uel
1437 2628 1512 2665 quia
1541 2631 1591 2657 est
1614 2630 1681 2656 ante
1704 2627 1815 2656 fabula
1839 2636 1920 2665 quae
1943 2631 2039 2657 mater

202 2693 285 2717 terra
303 2689 395 2717 inser.
421 2696 447 2729 γ.
476 2690 541 2716 atte
566 2687 628 2716 fab.
655 2695 713 2724 que
737 2690 918 2715 mmor-terra
943 2686 972 2713 b.
999 2685 1038 2714 cf.
1066 2684 1102 2716 C.
1154 2684 1210 2724 14)
1236 2684 1315 2714 Atta
1329 2703 1368 2705 ——
1384 2685 1612 2723 loquacitatem
1629 2683 1763 2718 vcath.
1791 2683 1830 2712 cf.
1850 2684 1918 2727 Basa:
1947 2684 2038 2714 ‘Atta

199 2746 354 2786 gjothorum
381 2745 520 2782 scriptor
544 2744 755 2773 comediarum
783 2744 859 2782 (om.
887 2747 969 2780 trag.
996 2742 1077 2780 uel.)
1105 2743 1167 2772 fuit
1192 2743 1344 2781 antiquus
1371 2742 1426 2780 qui
1440 2760 1480 2761 j*
1497 2742 1566 2770 sine
1591 2739 1677 2770 <lubio
1708 2739 1974 2778 refihendendum
1998 2741 2037 2770 ob

203 2812 234 2831 n.
262 2803 293 2832 19
346 2802 402 2840 18)
430 2802 540 2830 iccirco
564 2800 652 2830 vcfh.
705 2800 760 2838 19)
788 2800 861 2838 quia
887 2809 947 2828 om.
973 2809 999 2841 γ.
1062 2799 1118 2837 21)
1145 2799 1249 2828 Numa
1274 2817 1315 2820 »-
1343 2799 1520 2828 cantabant
1545 2799 1576 2827 b.
1603 2796 1684 2827 conf.
1711 2807 1745 2837 *st
1773 2797 1897 2827 ‘saliare
1920 2790 2048 2826 numae(

203 2859 286 2896 quod
310 2858 337 2886 si
361 2858 431 2886 salii
458 2857 642 2887 cantabant.
670 2857 743 2886 salii
770 2874 812 2877 -«
838 2855 972 2885 ccmemlo
996 2855 1165 2885 saliebant.‘
1192 2856 1257 2897 Βφι
1285 2854 1432 2885 ‘Carmen
1459 2855 1542 2893 quod
1568 2863 1665 2883 numa
1691 2855 1870 2883 canendum
1896 2853 2039 2884 instituit

203 2924 218 2943 a
247 2915 417 2943 saliaribus
443 2915 476 2943 in
502 2914 621 2952 templo
646 2914 781 2943 martis.'
807 2912 890 2942 conf.
917 2913 1047 2949 longius
1075 2912 1175 2941 schol.
1202 2912 1287 2950 apud
1306 2911 1330 2941 C
1351 2911 1569 2950 (—saliendo
1594 2911 1832 2949 canebant—).
1882 2910 1939 2949 23)
1965 2910 2038 2940 Non

205 2988 213 2991 Α
240 2988 243 2991 -
275 2980 356 2999 nuno
385 2975 468 3000 esset
494 2971 557 3012 Βφ.
585 2971 703 3008 uulgo:
732 2970 811 2999 ‘Non
837 2973 901 2998 tan.
927 2969 991 2997 lau.
1020 2969 1183 3007 antiquos,
1221 2974 1375 3007 quantum
1402 2978 1472 2998 cum
1509 2977 1590 2997 more
1625 2977 1683 2998 nos
1717 2972 1890 3005 nostraque
1928 2966 2037 3006 (Hor.)

205 3028 264 3056 uit.
291 3031 316 3055 et
341 3027 414 3064 (om.
442 3028 486 3068 γ.)
521 3037 590 3056 <rum
618 3028 682 3056 inu.
710 3026 783 3056 dicit
807 3044 847 3046 w*
875 3026 966 3063 scire,
995 3026 1078 3064 quod
1103 3025 1218 3054 nescit)
1244 3026 1402 3056 Diintzer.
1422 3025 1477 3063 IV,
1500 3025 1561 3054 248
1589 3026 1669 3055 coni.
1697 3028 1851 3063 quantum
1878 3033 1948 3054 cum
1971 3023 2039 3053 odio

207 3092 264 3112 nos
290 3087 350 3112 etc.
378 3101 417 3103 a«
444 3084 546 3121 inquit
572 3093 597 3125 γ.
628 3084 697 3113 rell.
728 3093 788 3113 om.
850 3082 906 3121 25)
934 3082 985 3124 Βφ
1010 3086 1083 3120 post
1108 3086 1180 3111 esset
1204 3083 1343 3112 habent:
1372 3083 1402 3111 ιἰ.
1429 3082 1505 3120 quid
1530 3081 1569 3111 ad
1596 3098 1637 3102 —
1662 3081 1800 3111 nouum.’
1827 3080 1907 3110 conf.
1933 3078 1969 3110 C.
1996 3079 2038 3109 ad

206 3149 237 3169 u.
265 3140 321 3168 87:
353 3139 437 3172 Quod
461 3149 580 3169 mecum.
606 3141 660 3181 qui
686 3141 767 3171 dicit
793 3149 842 3170 me
867 3140 995 3170 nescire
1021 3139 1104 3178 quod
1130 3139 1198 3177 ipse
1224 3139 1350 3170 nescit.'
