2148 3412
152 971 189 1002 lO

151 1338 187 1368 15

145 2068 186 2100 25

216 168 266 207 70
843 172 949 206 ACR.
979 173 1037 204 ET
1064 171 1229 203 I'ORPH.
1256 169 1403 203 COMM.

328 301 392 341 68.
426 313 518 340 nom
549 298 656 338 uitiis
684 311 797 338 nemo
827 298 909 338 sine
939 311 1050 338 naso.
1083 303 1160 351 opt.
1190 295 1255 335 ille
1287 302 1354 336 est.
1392 294 1476 344 Qui
1506 294 1602 335 min.
1638 306 1729 347 urq.
1801 289 1936 332 Nemo
1966 296 2041 340 est,

213 373 361 427 inquit,
394 372 465 427 qui
496 385 580 412 non
610 369 712 411 uitia
743 369 786 410 in
808 383 850 411 se
871 368 1036 410 habeat.
1076 367 1274 422 Denique
1294 366 1401 408 bene
1422 373 1496 417 est,
1528 366 1563 408 si
1584 379 1721 421 pauca
1741 363 1907 414 habeat,
1938 377 2042 418 quo-

213 447 327 487 niam
358 454 403 487 ut
435 444 549 486 nulla
579 442 745 493 habeat,
778 442 869 484 fieri
900 457 983 484 non
1014 448 1161 497 potest.

327 520 392 560 69.
426 519 490 559 70.
522 519 676 558 amicus
708 517 744 558 d.
775 531 815 557 u.
847 532 904 558 ae.
937 531 966 557 e.
999 532 1031 557 c.
1062 531 1112 557 m.
1145 531 1176 556 c.
1208 529 1248 555 u.
1280 515 1313 555 b.
1384 512 1504 555 Ordo
1543 519 1584 553 et
1622 526 1767 554 sensus
1807 518 1886 554 est:
1933 508 2044 553 Cum

215 592 328 633 uitiis
349 591 452 633 meis
473 605 567 632 mea
587 590 697 632 bona
719 597 960 645 conpenset.
1021 587 1095 630 Sic
1116 603 1218 644 ergo
1240 602 1290 629 ex
1312 602 1374 638 eo,
1407 587 1519 642 quod
1540 593 1601 629 est
1622 586 1738 636 bona,
1768 600 1846 641 per
1864 585 2044 641 figuram

215 665 416 721 syllepsin
448 665 556 706 bonis
587 663 858 705 adsumimus.

328 741 391 779 72.
425 740 559 779 amare?
586 738 631 779 Se·
661 738 786 779 uolet.-
832 737 906 777 hac
937 736 1018 791 leqe
1047 737 1089 776 in
1122 737 1276 777 trutina
1300 749 1396 791 pon.
1439 735 1584 775 eadem.
1658 731 1928 789 Allegoricos
1966 730 2045 773 hoo

215 811 444 867 significat:
479 810 565 863 Qui
597 810 787 866 ignoscet
816 809 930 851 uitiis
960 808 1078 859 meis,
1110 807 1374 864 indulgentia
1404 806 1601 863 (digna?)
1633 812 1673 847 et
1702 820 1782 862 ego
1811 805 1915 847 uitia
1934 804 2047 847 illius

215 884 458 926 aestimabo.

330 960 394 1000 73.
432 960 517 1009 Oui
543 973 591 999 ne
623 959 702 999 tub.
726 973 768 1013 p.
800 973 833 998 o.
866 972 900 997 (ι.
927 972 969 1012 p.
1000 957 1024 997 i.
1056 969 1096 996 u.
1128 957 1151 996 τ’.
1225 954 1349 996 Haec
1393 953 1597 1010 allegoria
1633 953 1689 994 ad
1725 952 2046 1009 praecedentem

215 1047 382 1074 sensum
413 1039 452 1073 et
483 1031 536 1072 ad
568 1030 800 1072 subiectum
831 1029 1024 1085 pertinet.

329 1106 392 1147 76.
428 1107 603 1160 Denique
634 1113 828 1160 quatenus
860 1104 995 1144 excidi
1018 1117 1107 1158 pen.
1139 1104 1209 1143 uit.
1239 1103 1324 1144 irae
1356 1110 1395 1143 et
1426 1101 1601 1156 reliqua.
1673 1102 1863 1157 Denique,
1895 1098 2045 1154 inquit,

213 1180 247 1222 si
278 1194 361 1221 non
392 1186 510 1233 potes
541 1176 806 1219 dissimulare
838 1176 941 1217 uitia
972 1175 1216 1225 amicorum,
1249 1176 1396 1217 saltem
1426 1175 1527 1216 talia
1548 1174 1621 1216 illa
1642 1174 1873 1224 aestimato,
1906 1172 2047 1228 qualia

213 1260 328 1301 sunt3
361 1251 447 1293 noli
479 1266 527 1292 ea
558 1250 821 1305 malignitate
853 1256 922 1290 tua
953 1264 1122 1305 augere.
1185 1248 1353 1290 Deinde
1384 1249 1482 1290 hine
1513 1248 1716 1304 paulatim
1738 1247 1955 1290 descendit
1983 1261 2046 1297 e0‚

214 1334 257 1367 ut
287 1326 489 1366 aduersus
521 1322 686 1365 Stoicos
718 1323 914 1378 disputet,
948 1322 1019 1377 qui
1050 1322 1208 1372 dicunt,
1245 1330 1419 1378 peccata
1449 1322 1590 1364 omnia
1620 1322 1741 1379 paria
1771 1336 1874 1372 esse,
1921 1329 1961 1362 et
1990 1320 2046 1362 si-

211 1398 328 1440 milia
360 1407 397 1439 et
431 1398 617 1439 animum
649 1396 925 1452 spectandum
956 1396 1184 1451 peccantis,
1223 1411 1306 1437 non
1339 1395 1613 1450 quantitatem
1645 1396 1718 1446 rei,
1760 1395 1804 1436 in
1835 1410 1918 1450 qua
1947 1408 2046 1450 pec-

213 1481 352 1514 catum
383 1478 455 1513 est.

326 1547 390 1586 82.
426 1546 602 1586 Labeone
633 1545 655 1585 i.
679 1545 701 1584 ί.
731 1557 762 1584 s.
796 1544 832 1585 d.
905 1542 1080 1584 Marcus
1110 1541 1321 1584 Antistius
1352 1543 1479 1585 Labeo
1510 1542 1745 1598 praetorius
1780 1541 1884 1584 iuris
1921 1541 2047 1584 etiam

212 1619 371 1673 peritus
402 1632 561 1659 memor
591 1616 810 1666 libertatis,
857 1616 900 1656 in
932 1631 1015 1671 qua
1045 1622 1166 1658 natus
1198 1624 1298 1667 erat,
1336 1616 1467 1657 multa
1505 1615 1806 1658 contumaciter
1845 1615 2048 1657 aduersus

215 1690 444 1733 Caesarem
475 1690 627 1732 dixisse
660 1698 699 1731 et
728 1689 877 1732 fecisse
909 1689 1074 1740 dicitur,
1122 1697 1295 1745 propter
1335 1689 1448 1744 quod
1484 1689 1688 1731 Horatius
1724 1703 1837 1730 nunc
1871 1688 2047 1731 adulans

213 1764 410 1821 Augusto
440 1764 633 1805 insanum
667 1778 761 1804 eum
793 1763 907 1804 dicit.

327 1839 393 1880 86.
425 1839 542 1879 odisti
569 1846 605 1878 et
629 1838 736 1892 fuqz's
768 1845 812 1878 ut
841 1838 1045 1879 Rusonem
1076 1838 1159 1878 deb.
1191 1838 1307 1878 aeris.
1368 1835 1574 1879 Octauius
1604 1838 1715 1879 Ruso
1753 1836 1929 1878 acerbus
1958 1836 2047 1879 foe-

212 1918 380 1953 nerator
410 1910 536 1952 fuisse
568 1910 758 1960 traditur,
792 1909 903 1950 idem
935 1910 1115 1965 scriptor
1145 1909 1427 1961 historiarum,
1460 1910 1513 1951 ad
1536 1925 1639 1965 quas
1661 1910 1893 1952 audiendas
1913 1909 2046 1966 signi-

211 1986 308 2027 ficat
338 1984 505 2026 solitum
534 1983 662 2025 fuisse
693 1997 845 2039 cogere
877 1983 1087 2025 debitores
1119 1998 1228 2033 suos,
1261 1984 1413 2038 quibus
1443 1983 1603 2025 scilicet
1623 1983 1723 2025 talia
1743 1984 1890 2026 audire
1910 1998 2047 2040 paena

213 2058 465 2114 grauissima
496 2064 605 2106 erat3
639 2058 718 2099 hoc
749 2057 860 2098 enim
892 2056 1104 2112 significat
1127 2066 1316 2113 porrecto
1347 2058 1499 2113 iuqulo.

326 2133 391 2173 90.
425 2132 490 2172 91.
523 2144 706 2172 mensaue
739 2131 924 2172 catillum.
961 2131 1141 2173 Euam'rz'
1168 2146 1275 2173 man.
1309 2133 1449 2173 tritum
1480 2132 1628 2173 deiecit.
1661 2132 1707 2173 ob
1739 2131 1828 2173 h.r.
1890 2131 1973 2181 Qui
2000 2131 2046 2173 de

205 2206 390 2261 personis
412 2205 650 2247 Horatianis
681 2205 945 2260 scripserunt,
977 2204 1105 2255 aiunt,
1140 2205 1384 2247 Euandrum
1404 2205 1515 2246 hunc
1537 2203 1789 2246 caelatorem
1810 2218 1859 2246 ac
1880 2203 2045 2259 plasten

327 2439 360 2476 2)
387 2439 441 2476 qui
468 2440 501 2467 in
527 2448 561 2468 se
587 2439 644 2468 uit.
672 2448 735 2468 non
761 2439 850 2469 vafh.
879 2439 1085 2477 —Denique
1113 2457 1151 2459 —-
1178 2442 1285 2476 potest
1310 2437 1531 2477 MRA2G(Q).
1558 2448 1620 2469 om.
1647 2438 1712 2469 afh.
1739 2440 1798 2470 uit.
1825 2449 1890 2470 non
1914 2440 2043 2471 habeat.

213 2494 297 2523 Fieri
323 2504 386 2524 non
412 2500 528 2533 potest.
554 2505 584 2524 v.
611 2496 637 2524 si
663 2504 765 2533 pauca
789 2496 907 2525 habeat
932 2495 964 2524 M
989 2495 1112 2533 (Halm.
1140 2494 1168 2530 Q
1186 2505 1215 2533 p.
1234 2494 1391 2524 XXXIII:
1418 2505 1478 2525 non
1502 2495 1647 2534 habeat).
1673 2500 1705 2525 ut
1729 2505 1830 2534 pauca
1854 2496 1890 2528 R.
1938 2496 1974 2535 5)
1993 2495 2046 2526 Sic

213 2559 273 2579 om.
303 2551 330 2579 2.
359 2551 395 2580 Si
417 2551 450 2580 M
476 2550 626 2589 (Halm)
694 2551 728 2590 6)
755 2551 895 2589 silempsc'
918 2551 952 2580 M
980 2550 1130 2590 (Halm.)
1157 2552 1290 2590 syllepsi
1316 2561 1343 2579 v.
1372 2551 1540 2590 syllepsim
1565 2562 1592 2581 a.
1624 2548 1779 2594 σύλληψιν
1811 2552 1857 2582 fh.
1888 2553 2044 2592 syllepsin

213 2605 246 2634 R.
275 2607 409 2646 syllepsi
425 2606 464 2637 G.
482 2625 521 2628 κ
537 2617 651 2636 assum.
678 2607 769 2637 vafh.
821 2609 854 2646 8)
882 2608 1087 2645 indulgentia
1113 2607 1204 2647 (liqna
1216 2607 1254 2637 R.
1280 2608 1370 2637 bene.
1396 2609 1464 2637 rell.
1491 2618 1551 2638 om.
1577 2609 1686 2647 digna.
1713 2608 1793 2639 conf.
1819 2609 1895 2638 Tac.
1914 2608 1993 2647 Agr.
2014 2609 2043 2638 5.

214 2663 248 2700 9)
274 2663 459 2693 existimabo
486 2664 515 2692 2.
541 2664 719 2693 ae.eti1nabo
745 2664 781 2692 R.
850 2663 905 2702 10)
935 2663 997 2698 Qui
1024 2673 1062 2693 ne
1087 2664 1155 2692 tub.
1181 2663 1215 2692 M
1240 2663 1362 2703 (Halm.
1390 2664 1417 2700 Q
1441 2675 1472 2703 p.
1498 2665 1665 2695 XXXVII:
1696 2664 1779 2700 Quin
1804 2669 1835 2695 et
1859 2665 1934 2705 ab.)
1986 2665 2041 2704 13)

213 2719 343 2747 aestimo
368 2719 401 2748 M
427 2718 623 2758 (aestimff).
662 2720 732 2749 rell.
766 2721 942 2749 aestimato.
981 2720 1047 2749 sint
1084 2719 1148 2749 afh.
1217 2721 1272 2759 14)
1299 2720 1435 2759 Denique
1459 2721 1533 2750 hinc
1556 2721 1593 2750 R.
1619 2721 1740 2751 Dehinc
1766 2722 1794 2751 2.
1819 2722 1911 2752 bene.
1939 2738 1979 2743 —-
2007 2731 2043 2752 eo

213 2774 298 2804 desc.
324 2792 366 2795 ῃ
393 2784 463 2804 esse
488 2775 577 2812 paria
602 2792 644 2795 —
669 2776 835 2813 peccantis
862 2779 961 2813 spect.
990 2776 1019 2806 2.
1087 2775 1143 2813 18)
1169 2775 1337 2805 Antisteus
1363 2775 1436 2815 (212²)
1463 2777 1509 2807 fh.
1543 2777 1627 2807 conf.
1654 2777 1739 2807 Plin.
1764 2778 1894 2816 XXXV,
1920 2779 1952 2808 4.
1978 2778 2042 2808 Dio

214 2829 294 2866 LIV,
324 2832 372 2859 15.
400 2832 473 2859 lac.
502 2832 541 2860 A.
567 2831 623 2866 ΙΙΙ,
653 2832 703 2862 75.
730 2833 819 2861 Suet.
848 2832 920 2862 Oct.
948 2833 1000 2861 45.
1028 2850 1067 2852 *ἡ
1094 2833 1271 2870 praetorius
1298 2843 1359 2862 om.
1390 2835 1418 2862 2.
1456 2839 1558 2871 praet.
1595 2835 1690 2863 etiam
1730 2834 1809 2864 iuris
1846 2834 1967 2873 peritus
2004 2835 2042 2864 R.

215 2886 271 2924 20)
298 2890 328 2915 et
354 2887 422 2915 (lix.
451 2888 479 2915 2.
509 2905 547 2907 υ
573 2897 656 2917 nunc
682 2898 743 2918 om.
770 2888 804 2916 M
829 2887 980 2928 (Halm).
1007 2889 1074 2917 hor.
1101 2898 1185 2917 nunc
1210 2888 1247 2917 R.
1315 2890 1371 2928 21)
1398 2891 1476 2920 dicit
1501 2890 1535 2919 M
1559 2890 1710 2928 (Halm)
1743 2889 1812 2920 rell.
1838 2891 1932 2921 dixit.
1982 2890 2040 2929 22)

212 2951 373 2971 rossouem
398 2942 459 2971 MR
485 2944 516 2971 in
542 2944 614 2972 lem.
643 2962 683 2964 κ-
710 2944 807 2973 druso
834 2944 867 2972 in
893 2944 992 2974 schol.
1010 2943 1110 2972 MRA.
1137 2954 1280 2974 rus-onem
1360 2955 1432 2975 ruso
1460 2947 1542 2988 ‘2ss2?-
1573 2950 1608 2976 ut
1635 2947 1714 2984 plur.
1740 2951 1821 2977 uett.
1847 2946 1940 2976 codd.
1964 2946 2041 2976 Hor.

212 3007 374 3027 russonem
402 3015 441 3018 *ἡ
469 2998 584 3027 drusus
616 3008 645 3027 v.
671 3009 695 3028 r.
729 2999 779 3037 (in
805 3000 896 3038 lem.)
923 3018 963 3020 ἡ
997 3000 1113 3029 drusus
1146 2999 1195 3037 (in
1229 3001 1343 3040 schol.)
1375 3011 1404 3031 a.
1438 3003 1608 3032 Drusonem
1642 3002 1747 3042 (lem.)
1774 3021 1815 3024 ff
1840 3003 1961 3032 Drusus
1992 3002 2041 3040 (in

214 3054 326 3092 schol.)
355 3070 393 3073 ——
420 3053 572 3092 Rzgfonem
599 3056 631 3084 in
656 3055 732 3084 Hor.
762 3074 798 3075 ψ
826 3055 873 3084 fh.
901 3056 983 3086 conf.
1009 3056 1081 3086 Aer.
1108 3066 1237 3086 aceruus
1265 3057 1298 3086 M
1323 3067 1408 3087 more
1435 3068 1501 3088 suo.
1564 3059 1620 3096 24)
1646 3059 1757 3088 audire
1782 3059 1918 3102 MBgoRl
1946 3057 2040 3097 (G?Q

214 3119 285 3145 om..
325 3109 397 3138 add.
438 3111 527 3139 suad.
555 3120 583 3148 p.
609 3111 792 3150 XXXVIII)
831 3116 862 3141 et
899 3112 986 3142 vafh.
1028 3112 1096 3142 illas
1133 3113 1206 3141 aud.
1239 3122 1268 3142 a.
1295 3113 1359 3144 alia
1382 3115 1428 3144 t‘h.
1455 3115 1523 3144 rell.
1551 3114 1634 3144 talia.
1661 3123 1750 3153 grau.
1776 3123 1878 3154 poena
1903 3116 1932 3146 2.
1982 3114 2039 3154 27)

213 3167 367 3196 orationis
392 3166 433 3195 M.
460 3183 501 3187 -—
528 3167 583 3196 cel.
609 3167 652 3197 M.
679 3172 706 3197 et
730 3168 819 3199 vasli.
846 3168 937 3198 codd.
963 3179 1008 3198 ac.
