2148 3412
160 923 201 956 10

158 1289 199 1322 15

157 1656 198 1687 20

157 2023 199 2054 25

229 122 310 164 526
861 129 966 163 Aca.
992 129 1052 162 ET
1077 128 1245 162 PORPH.
1271 128 1419 162 coMM.

341 258 378 297 3.
410 257 450 296 in
474 255 640 311 publica
663 254 853 296 commoda
868 268 1039 310 peccem.
1114 252 1198 294 Per
1227 253 1306 294 hoe
1335 252 1549 307 pulchrior
1579 258 1640 294 cst
1669 251 1780 302 laus3
1817 258 1857 294 et
1886 252 2046 294 ineerta

228 329 437 370 distinctio
469 336 541 377 est,
574 343 628 368 an
659 327 832 368 emendes
863 328 903 368 in
928 327 1093 383 publica
1123 327 1327 376 coumodu,
1359 342 1412 368 an
1437 342 1607 383 peccem.

338 403 377 441 4.
408 416 548 443 morer.
607 400 806 442 Vanitate
845 414 1049 454 occupem
1093 407 1341 455 teneamque
1373 406 1425 450 te,
1472 399 1589 441 cuius
1629 413 1750 440 omne
1795 404 1959 453 tempus
2003 397 2046 439 in

226 474 396 530 publiea
426 473 632 515 conmoda
661 472 991 515 consumendum
1021 479 1093 514 est.
2100 477 2106 563 Ι

341 550 377 590 5.
409 548 606 590 Romulus
641 555 676 588 ει
709 548 835 588 Liber.
893 546 1089 587 Laudata
1131 546 1282 587 uirtute
1313 543 1510 587 Caesaris
1554 543 1697 586 laudat
1741 544 1868 585 etiam
1911 543 2046 586 felici-

227 628 366 672 tatem,
399 621 499 676 quia
529 620 643 670 dicit,
690 619 788 661 huic
833 619 910 661 soli
956 619 1195 676 contigisse,
1240 626 1286 660 ut
1314 619 1423 660 inter
1453 617 1643 660 homines
1673 617 1799 659 etiam
1829 632 1940 659 nune
1969 632 2046 673 po-

227 695 304 738 sito
336 695 420 735 iam
451 693 586 734 diuini
617 694 795 735 honores
826 693 1116 743 decernantur,
1150 692 1263 747 quod
1284 692 1388 734 nulli
1410 706 1653 733 concessum
1675 691 1728 733 sit
1747 691 1909 741 horum,
1944 706 2048 746 quos
2097 685 2102 763 Ι

227 774 456 818 enumerat,
488 767 567 809 hoc
598 773 670 816 est,
702 766 895 814 Romulo,
926 766 1101 815 Libero,
1145 764 1312 808 Castori
1343 772 1383 806 et
1411 764 1589 814 Polluci,
1632 770 1669 805 et
1702 779 1796 805 cum
1826 763 1891 806 his
1923 763 2046 805 Her—
2097 768 2101 826 g

227 843 321 885 culi.
381 841 438 883 Et
468 848 527 883 est
559 841 680 883 ordo:
713 841 911 882 Romulus
942 848 978 882 et
1008 840 1127 882 Liber
1158 840 1253 881 dum
1284 847 1414 880 terras
1444 840 1722 894 hominumque
1753 838 1888 879 colunt
1907 852 2046 892 qeuus,
2096 828 2100 900 Ξ

226 930 367 973 aspera
388 917 488 957 bella
516 916 762 971 Conponunt.
807 912 919 954 Nam
948 913 1024 963 illi,
1055 913 1107 954 de
1138 911 1289 967 quibus
1311 927 1437 967 supra
1459 911 1576 961 dixit,
1608 918 1702 966 post
1722 910 1911 966 ingentia
1939 911 2049 952 facta
2094 901 2110 989 ἒ.
2140 931 2148 954 ⁴:

226 990 270 1031 in
300 990 475 1031 deorum
506 988 662 1042 templa
692 986 852 1041 recepti
883 992 989 1028 sunt.
2093 991 2097 1095 ι

338 1065 374 1105 8.
408 1077 527 1117 (tyros
559 1063 782 1116 adsz'qnant.
861 1059 957 1101 Hoc
979 1066 1057 1102 est:
1090 1059 1275 1101 colonias
1315 1058 1527 1101 deducunt
1566 1059 1832 1114 conduntque
1872 1057 2050 1114 (oppida
2093 1096 2096 1108 ,

226 1138 310 1193 019)
341 1136 516 1178 urbibus
546 1134 700 1176 milites
731 1149 825 1175 suos
857 1133 1164 1189 (adsignantP).
2092 1110 2095 1175 ξ

339 1211 374 1252 9.
404 1210 631 1266 plorauere.
688 1207 791 1248 Plus
821 1206 939 1257 dixit,
972 1221 1098 1261 quam
1129 1206 1362 1248 doluerunt.
2091 1178 2120 1327 ff!

339 1284 403 1324 10.
437 1284 569 1325 (liram
599 1282 668 1337 qm·
696 1282 873 1323 contudit
900 1281 1086 1337 hydram.
1143 1279 1353 1321 Hercules
1383 1279 1561 1329 scilieet3
1595 1286 1635 1321 et
1663 1278 1770 1321 bene
1800 1279 1879 1320 hoc
1909 1278 2071 1335 elegit,-

224 1357 337 1412 quod
367 1357 475 1398 inter
504 1354 669 1398 labores
700 1354 789 1396 eius
819 1354 887 1395 uel
917 1354 1145 1395 maximum
1175 1353 1265 1395 fuit.
2108 1372 2114 1404 5

340 1431 403 1471 11.
434 1439 529 1472 nota
552 1455 591 1459 -
611 1436 809 1485 portenta.
884 1426 1006 1480 Quae
1037 1434 1131 1469 sunt
1161 1427 1204 1468 in
1235 1426 1456 1469 duodecim
1486 1425 1686 1468 Herculis
1721 1425 1937 1468 laboribus
1967 1426 2048 1468 dif-
2100 1413 2148 1484 {iz

2101 1533 2104 1551 1

2103 1594 2107 1611 i

224 1504 391 1545 famata.
2135 1523 2139 1545 :

336 1578 459 1631 fatali
478 1602 528 1606 —
548 1576 693 1618 labore.
754 1574 924 1623 Utrum,
957 1573 1307 1632 quemadmodum
1336 1575 1529 1629 Verqz'lz'us
1551 1573 1654 1615 dicit
1684 1570 1759 1628 (A.
1776 1572 1898 1624 VIII,
1920 1573 2046 1628 291):
2102 1555 2105 1580 ³
2142 1593 2146 1602 >

224 1658 269 1692 ut
299 1651 423 1691 duros
453 1651 560 1691 mille
592 1650 743 1691 labores
773 1649 878 1703 Reqe
909 1649 980 1689 sub
1013 1649 1236 1703 Eurystheo
1266 1649 1363 1702 fatis
1394 1649 1575 1697 Iunonis,
1618 1662 1672 1688 an
1713 1648 1830 1701 fatali
1856 1662 1933 1702 pro
1965 1662 2044 1689 ca—
2101 1674 2105 1682 ·
2132 1654 2146 1693 ,fl

224 1723 344 1779 pitali
375 1738 425 1765 ac
454 1723 641 1773 molesto,
680 1729 726 1763 ut
755 1721 845 1776 ipse
876 1721 978 1763 alibi
1009 1720 1132 1774 (Hor.
1166 1719 1214 1763 C.
1246 1720 1326 1771 III,
1358 1721 1397 1771 3,
1432 1722 1495 1763 18.
1530 1722 1621 1776 19):
1669 1721 1775 1763 Ilion
1804 1721 1958 1763 Fatalis
1986 1722 2048 1763 in-
2098 1737 2104 1764 ι
2132 1742 2148 1767 :1

227 1806 428 1853 cestusque
458 1797 612 1838 iudex?

339 1872 402 1911 12.
435 1885 620 1927 supremo
647 1870 737 1926 fine.
796 1869 848 1910 Id
878 1875 952 1919 est,
982 1875 1127 1910 morte.
1186 1868 1244 1909 Et
1274 1874 1335 1910 est
1365 1882 1527 1910 sensus:
1564 1867 1777 1923 Expertus
1822 1874 1894 1917 est,
1939 1867 2050 1910 inui-

225 1943 338 1984 diam
370 1950 467 1984 tunc
496 1943 621 1993 finiri,
655 1958 749 1985 eum
780 1942 907 1984 etiam
938 1942 1026 1983 uita
1055 1942 1209 1983 finitur.

341 2018 403 2057 13.
440 2017 525 2058 Urit
568 2018 670 2058 em'm
712 2017 872 2070 ful-qooe
921 2030 1005 2058 suo.
1081 2015 1304 2057 Rationem
1352 2015 1535 2071 exponit,
1582 2021 1754 2071 propter
1797 2029 1923 2069 quam
1968 2015 2046 2056 mi-

222 2105 302 2132 nus
332 2090 523 2132 coluntur
566 2089 667 2140 uiui,
712 2089 784 2143 qui
827 2089 982 2130 uirtute
1013 2088 1187 2130 caeteris
1218 2089 1484 2140 antecellunt,
1534 2095 1626 2144 post
1671 2088 1830 2130 obitum
1872 2087 2047 2146 [autem]
2130 2134 2134 2136 ,

223 2164 467 2220 diliguntur.
529 2162 686 2206 Grauis
715 2169 777 2205 est
819 2162 944 2213 enim,
990 2162 1138 2218 inquit,
1183 2162 1452 2205 inferioribus
1496 2168 1533 2204 et
1570 2162 1680 2204 infra
1724 2162 1872 2218 positis
1914 2172 2047 2213 nocet,
2131 2150 2137 2151 ἶ

359 2399 394 2438 2)
420 2408 460 2428 an
486 2399 634 2428 emendes
662 2399 692 2428 in
717 2398 845 2436 publica
862 2398 1026 2428 commoda
1051 2407 1178 2436 peccem
1202 2396 1303 2427 MRA.
1329 2398 1494 2428 commoda
1518 2407 1580 2428 om.
1608 2396 1759 2434 2G‚vafh.
1785 2406 1826 2426 an
1853 2406 1911 2426 em.
1939 2397 1970 2427 in
1995 2406 2046 2435 pu.
2072 2391 2076 2433 i

223 2465 332 2485 comm.
360 2465 400 2484 an
424 2454 456 2484 in
477 2465 528 2493 pu.
554 2464 656 2485 comm.
681 2463 815 2493 peccem.
842 2454 879 2490 Q.
945 2454 979 2492 3)
1006 2464 1123 2484 morem
1146 2454 1218 2483 MR.
1243 2454 1396 2484 uanitatz's
1419 2454 1453 2483 M
1478 2453 1689 2492 (urbanitatis
1713 2454 1838 2492 Halm.)
1864 2452 1932 2483 RG.
1956 2453 2049 2483 uani-
2071 2459 2074 2521 ῃ
2123 2465 2127 2493 3

221 2514 285 2541 tate
308 2509 430 2546 vath.
459 2521 518 2541 om.
547 2512 575 2541 2.
638 2512 672 2550 5)
701 2512 801 2540 Laud.
828 2512 902 2540 uirt.
930 2510 1022 2540 Caes.
1047 2510 1240 2549 MR2G(Q).
1269 2511 1336 2540 rell.
1364 2511 1464 2540 Laud.
1493 2510 1586 2541 Caes.
1613 2511 1690 2540 uirt.
1740 2511 1774 2549 6)
1801 2511 1855 2548 qui
1880 2510 1950 2539 MR.
1977 2510 2046 2539 rell.
2071 2524 2073 2529 ⁴

221 2567 305 2606 quia.
356 2569 390 2607 8)
417 2569 457 2597 iis
485 2568 512 2597 2.
563 2568 597 2606 9)
624 2578 724 2606 genus
742 2569 851 2598 colunt
869 2567 916 2597 fh.
942 2568 1048 2597 Verba
1072 2567 1216 2597 Romulus
1231 2572 1460 2605 —compommc
1484 2571 1558 2597 sunt
1582 2567 1722 2604 Horatii,
1749 2576 1916 2605 perperam
1940 2569 2046 2596 autem
2069 2575 2073 2606 j
2124 2590 2137 2609 ᾗ

221 2624 320 2654 refert
347 2624 390 2660 Q:
418 2626 605 2663 ‘componunt
628 2624 674 2654 illi
696 2643 737 2645 ——
763 2625 875 2663 recepta·
897 2629 964 2654 sunt
990 2636 1050 2655 om.
1078 2625 1189 2661 eodd.'‚
1215 2634 1288 2653 nam
1313 2624 1356 2660 M,
1383 2628 1417 2653 ut
1443 2625 1479 2653 R.
1518 2628 1591 2662 post
1626 2623 1769 2653 Romulus
1804 2628 1831 2653 et
1866 2623 1942 2653 liber
1979 2622 2046 2652 dum
2068 2608 2072 2654 l
2125 2648 2129 2650 .

220 2685 318 2710 terras
342 2681 543 2720 hominumque
567 2691 593 2711 c.
618 2692 647 2720 9.
673 2691 702 2710 α.
729 2682 825 2711 iterat
852 2682 980 2720 quidem
1007 2691 1047 2710 ex
1074 2682 1292 2719 superioribus
1316 2681 1457 2719 aliquam
1481 2684 1615 2718 partem,
1643 2681 1806 2709 scribens:
1842 2679 1970 2709 ‘Ledere
1995 2682 2044 2709 est
2068 2687 2071 2713 ι

221 2742 362 2776 tempora
387 2742 444 2768 tua
469 2748 548 2777 quae
573 2738 700 2768 omnium
725 2739 864 2768 eor-nodis
897 2739 1101 2776 inpendenda
1139 2741 1212 2767 sunt
1248 2739 1345 2776 longo
1383 2746 1527 2767 sermone
1563 2738 1679 2766 morari
1716 2746 1831 2766 morem
1869 2736 1955 2775 (MR,
1982 2744 2080 2776 11011;.

221 2805 319 2831 more,
346 2799 379 2825 ut
408 2795 462 2825 ref.
489 2795 526 2832 Q.
554 2805 656 2825 morer
681 2797 716 2834 2)
740 2804 789 2824 ua.
819 2795 891 2833 (sic.
918 2796 1075 2824 uanitatis
1100 2795 1166 2833 R2)
1193 2803 1421 2833 praeoccupem
1446 2798 1635 2832 teneamque
1660 2798 1691 2824 te
1718 2794 1806 2823 euius
1839 2802 1930 2822 omne
1965 2795 2046 2821 tem-

222 2861 281 2889 pus
308 2853 339 2881 in
365 2853 493 2889 publica
518 2852 650 2882 eoffioda
675 2852 924 2881 consumendum
953 2852 1020 2887 est‘,
1048 2852 1101 2881 sed
1126 2852 1276 2889 adiungit
1301 2852 1394 2880 haec:
1431 2851 1512 2880 ‘num
1546 2850 1593 2880 illi
1628 2849 1687 2887 (z
1711 2850 1776 2888 Re)
1812 2848 1924 2887 recepti
1957 2848 2043 2878 sunt)
2075 2858 2081 2878 1
2139 2870 2144 2881 -.

226 2908 281 2945 12)
310 2909 513 2947 conduntque
531 2907 746 2946 MRA2G(Q).
766 2909 949 2946 ducuntque
973 2907 1059 2937 vafh.
1086 2908 1342 2946 Exspectamus:
1369 2907 1571 2944 conduntque
1597 2907 1690 2936 urbes
1717 2910 1749 2936 et
1773 2906 1929 2935 militibus
1955 2913 2045 2943 agros
2063 2910 2081 2983 l:

223 2973 294 2993 suos
322 2965 508 3002 adsignant.
536 2965 742 3003 conduntque
767 2969 798 2994 ut
821 2964 895 2993 bibet
918 2964 995 3003 (sic)
1021 2965 1086 2994 mil.
1114 2974 1186 2994 suos
1212 2964 1248 2993 R.
1315 2964 1369 3002 14)
1396 2963 1508 2993 dicitur
1532 2964 1619 2993 vafh.
1644 2964 1715 2992 rell.
1748 2963 1840 2999 dixit,
1879 2963 1976 2991 etiam
2000 2961 2043 2999 M,
2064 2962 2078 2991 ,ἲ

224 3021 308 3058 quod
333 3021 417 3057 negl.
444 3021 482 3056 Q.
535 3023 590 3059 17)
616 3022 678 3051 lab.
705 3021 797 3050 Herc.
823 3021 912 3050 vafh.
976 3019 1032 3059 21)
1058 3022 1189 3050 Plinion
1214 3020 1311 3050 M2G.
1338 3022 1543 3058 incertusque
1568 3018 1664 3049 M2G.
1725 3019 1781 3058 23)
1808 3019 1845 3048 Id
1873 3022 1919 3048 est
1944 3017 2043 3048 MRA.
2063 3000 2082 3052 l:

225 3076 292 3104 scil.
319 3080 418 3105 morte
446 3078 473 3105 2.
499 3078 535 3106 Id
563 3081 609 3106 est
637 3087 695 3107 om.
722 3088 751 3106 v.
778 3078 811 3106 id
838 3081 887 3106 est
912 3081 1013 3107 morte
1038 3087 1097 3106 om.
1124 3077 1188 3106 afh.
1238 3078 1295 3116 24)
1323 3078 1419 3107 etiam
1433 3076 1588 3107 MRA2G.
1616 3080 1643 3106 et
1665 3085 1705 3106 va
1730 3075 1778 3114 (et
1803 3085 1868 3105 cum
1892 3075 1976 3114 uita)
1995 3073 2045 3104 fh.
2062 3053 2081 3126 ἰξ

2061 3127 2064 3159 1

224 3132 281 3171 26)
308 3132 373 3161 uiui
401 3133 458 3162 eol.
487 3133 514 3161 2.
542 3134 679 3163 caeteris
706 3144 765 3164 om.
791 3132 880 3164 vafh.
907 3137 935 3163 et
957 3137 1030 3173 post
1051 3134 1079 3163 2.
1106 3137 1211 3163 autem
1235 3133 1322 3163 vafh.
1347 3134 1418 3164 rell.
1445 3143 1505 3164 om.
2062 3163 2063 3170 ἵ

2060 3185 2063 3205 1

2058 3350 2075 3412 11
