2148 3412
214 684 747 755 ADDENDA
808 683 943 751 ET
1008 683 1730 761 GORRIGENDA.

878 850 1061 863 WNrtv-tr
1064 852 1078 862 ,-

177 967 322 1010 Pauca
352 973 516 1009 tantum
547 965 615 1008 hic
646 965 802 1008 addere
832 965 973 1021 placet
1002 981 1052 1008 ac
1082 967 1285 1009 nonnulla
1316 969 1541 1025 corrigere.

177 1041 235 1083 Et
263 1041 410 1084 mutila
440 1047 482 1082 et
511 1041 693 1083 obscura
731 1046 827 1082 sunt
861 1040 1007 1091 uerba,
1053 1055 1162 1096 quae
1193 1041 1351 1082 scholio
1381 1041 1687 1099 Porphyrionis
1718 1045 1888 1087 difficil—

64 1116 165 1158 limo
195 1116 251 1158 ad
280 1115 336 1157 A.
366 1114 416 1157 P.
444 1130 486 1157 u.
520 1115 573 1157 50
603 1128 643 1170 p.
677 1114 757 1156 652
793 1114 838 1155 in
875 1114 1069 1157 omnibus
1106 1115 1362 1158 editionibus
1399 1117 1564 1159 adnexa
1600 1118 1739 1161 adhuc
1775 1118 1891 1174 lege-

64 1190 236 1234 bantur:
283 1191 371 1231 ‘Est
400 1197 535 1232 autem
563 1190 793 1231 mteslmum
819 1189 1026 1245 pusillum,
1073 1197 1109 1231 et
1138 1190 1277 1232 demde
1307 1191 1425 1233 uerbi
1449 1194 1597 1247 qratia,
1642 1194 1697 1234 sic
1728 1193 1892 1249 alapam

66 1279 158 1307 cum
187 1279 269 1307 uno
300 1264 421 1318 diqz'to
451 1265 569 1305 imam
597 1264 765 1317 ferimus
818 1263 1074 1305 auriculam?
1157 1261 1324 1318 Cuique
1369 1264 1537 1306 adtento
1582 1265 1728 1307 lectori
1770 1266 1894 1307 facile

64 1338 238 1395 patebit,
285 1344 441 1380 temere
472 1336 622 1379 adsuta
651 1335 715 1378 illi
746 1336 904 1379 scholio
935 1350 1026 1379 esse
1056 1337 1162 1379 haec
1192 1336 1331 1379 uerba.
1406 1336 1467 1379 At
1511 1353 1593 1394 quo
1640 1339 1892 1394 pertineant,

65 1411 254 1469 quaestio
285 1419 358 1454 est.
416 1410 611 1453 Primum
641 1410 813 1465 quidem
843 1410 1070 1453 dicendum
1101 1417 1175 1459 est,
1209 1408 1411 1453 Carolum
1432 1410 1721 1453 Hei-mannum
1750 1412 1894 1468 priora

64 1485 189 1528 huius
210 1485 359 1528 scholii
379 1484 512 1527 uerba
544 1485 631 1527 ‘Est
652 1493 784 1527 autem
806 1511 857 1515 —
879 1486 998 1527 uerbi
1022 1486 1170 1540 qratz‘a'
1200 1484 1255 1526 ad
1286 1485 1475 1528 scholion
1496 1501 1534 1527 u.
1559 1486 1637 1527 133
1670 1485 1892 1529 adnectere

65 1559 262 1602 uoluisse.
321 1558 491 1601 Deinde
522 1558 691 1601 diuersa
721 1558 903 1601 duorum
933 1559 1188 1603 scholiorum
1220 1559 1396 1602 disiecta
1430 1559 1619 1602 membra
1640 1575 1689 1602 ea
1710 1574 1800 1602 esse
1831 1566 1894 1602 at-

66 1648 148 1690 que
181 1633 261 1675 hoc
280 1633 373 1675 loco
394 1632 438 1674 in
457 1647 589 1674 unum
609 1639 753 1675 coacta
773 1632 823 1674 F.
844 1632 893 1674 F.
915 1633 1105 1676 Frankio
1135 1633 1273 1676 uisum
1304 1640 1378 1685 est,
1410 1633 1482 1689 qui
1513 1639 1709 1676 centones
1739 1633 1893 1689 partim

65 1706 209 1750 uersui
240 1708 335 1758 133,
381 1706 537 1762 partim
581 1706 807 1762 prouerbio
851 1707 1144 1763 subsequentis
1190 1708 1338 1750 scholii
1361 1709 1566 1765 ,(11.139)
1603 1707 1894 1764 adiungendos

67 1780 372 1838 suspicabatur.
451 1779 586 1835 Atqui
617 1795 736 1823 secus
766 1781 810 1822 id
841 1796 932 1824 esse
961 1782 1066 1824 mihi
1096 1796 1344 1839 persuasum
1375 1789 1448 1825 est.
1520 1782 1592 1824 Ad
1621 1797 1750 1824 unum
1781 1782 1894 1824 enim

65 1870 234 1898 uersum
266 1855 346 1897 133
376 1860 463 1897 tota
492 1854 596 1897 haec
626 1869 727 1910 pars
757 1862 947 1911 spectare
978 1855 1082 1897 mihi
1102 1856 1270 1898 uidetur
1291 1863 1414 1911 atque
1437 1855 1710 1912 adiungenda
1730 1855 1892 1898 uerbis:

68 1929 270 1985 ‘alioquin
291 1929 326 1971 si
346 1928 450 1984 quid
480 1928 758 1980 transtuleris,
791 1936 831 1971 et
853 1930 1054 1986 pusillum
1084 1930 1162 1972 erit
1194 1936 1234 1971 et
1263 1931 1462 1987 ineptum.>
1522 1929 1614 1971 Iam
1643 1929 1755 1981 uide,
1789 1944 1894 1985 quo-

66 2003 192 2046 modo
222 2010 360 2046 rectus
392 2004 597 2046 sermonis
628 2003 730 2046 ordo
775 2010 816 2044 et
856 2011 956 2059 apta
999 2003 1228 2046 uerborum
1274 2003 1657 2058 sententiarumque
1701 2004 1894 2046 iunctura

67 2077 295 2133 contingat.
355 2077 431 2120 Sic
465 2078 577 2119 enim
616 2077 902 2134 intellegenda
946 2084 985 2119 et
1030 2077 1284 2133 corrigenda
1329 2084 1444 2119 sunt:
1493 2076 1585 2119 ‘Est
1629 2083 1768 2119 autem
1812 2078 1894 2119 in-

68 2153 302 2194 testinum
334 2151 442 2208 (scil.
475 2166 593 2208 opus,
638 2157 828 2194 nostrum
875 2150 1198 2203 ‘Schnitzwerk,
1242 2151 1383 2193 kleine
1432 2151 1669 2207 eingelegte
1713 2149 1892 2192 Arbeit.’

67 2225 175 2277 conf,
206 2224 372 2268 Vitruv.
402 2224 481 2276 IV,
512 2227 552 2267 4.
583 2224 637 2272 V,
670 2227 707 2267 2.
738 2224 879 2268 Varro
910 2225 961 2268 R.
993 2225 1044 2268 R.
1076 2225 1158 2277 III,
1193 2226 1237 2282 1)
1266 2226 1471 2283 pusillum,
1519 2232 1559 2266 et
1588 2223 1740 2266 deinde
1786 2224 1893 2279 (ine-

62 2307 177 2357 ptum
207 2299 335 2355 est?):
366 2298 487 2341 uerbi
517 2299 669 2355 gratia,
701 2302 737 2341 si
765 2300 989 2342 diceremus
1021 2301 1236 2357 alapam,
1269 2315 1363 2342 cum
1392 2314 1475 2340 uno
1508 2298 1642 2354 digito
1671 2298 1802 2339 imam
1830 2298 1892 2339 fe-

65 2373 200 2416 rimus
230 2373 487 2416 auriculam,⁹
568 2370 734 2416 Cuncta
764 2373 824 2416 sic
853 2373 962 2416 bene
993 2374 1227 2430 procedunt
1258 2388 1319 2425 ac,
1365 2387 1458 2414 meo
1503 2371 1674 2427 quidem
1720 2371 1890 2420 iudicio,

67 2448 168 2491 satis
196 2447 322 2503 plana
353 2453 393 2489 et
421 2447 646 2503 perspicua
676 2454 783 2489 sunt.
844 2445 995 2490 Sermo
1027 2448 1139 2490 enim
1170 2455 1232 2489 est
1261 2447 1312 2489 de
1343 2446 1480 2489 officio
1520 2445 1773 2501 interpretis,
1822 2445 1893 2500 qui

65 2535 119 2563 ne
147 2521 273 2564 nimis
303 2520 411 2563 fidus
441 2521 494 2563 sit
523 2520 702 2563 uerbum
722 2521 854 2564 uerbo
875 2522 1069 2572 reddens,
1103 2528 1249 2564 contra
1269 2520 1474 2577 pudorem
1496 2519 1718 2575 operisque
1739 2518 1892 2574 legem,

67 2610 91 2638 a
120 2601 245 2652 poeta
273 2601 481 2637 monetur.
538 2594 823 2638 Posteriorem
853 2595 1003 2638 scholii
1032 2601 1194 2652 partem
1211 2594 1260 2637 F.
1277 2593 1326 2635 F.
1348 2592 1530 2643 Franke,
1562 2599 1607 2635 ut
1636 2592 1760 2634 modo
1790 2591 1892 2642 dixi,

66 2669 208 2712 uersui
239 2670 318 2711 139
351 2669 574 2712 adnectere
603 2669 750 2721 uoluit,
796 2670 1005 2712 scribens:
1056 2671 1127 2713 ‘sic
1159 2671 1327 2712 dicimus
1358 2668 1538 2723 alapam,
1571 2682 1665 2709 cum
1700 2691 1740 2697 ——
1780 2665 1892 2706 auri-

67 2743 217 2786 culam.
290 2741 493 2784 Attamen
543 2742 627 2785 tale
665 2744 905 2800 exemplum
941 2744 1004 2786 illi
1040 2743 1265 2799 prouerbio
1310 2742 1499 2783 additum
1535 2741 1660 2783 etiam
1697 2739 1741 2780 in
1777 2738 1892 2781 stoli-

67 2801 240 2860 dissimo
270 2816 536 2873 maximeque
566 2818 682 2860 fatuo
714 2818 942 2861 Scholiasta
971 2817 1096 2860 ualde
1125 2816 1301 2873 frigeret
1330 2822 1453 2871 atque
1484 2814 1580 2856 ideo
1611 2814 1893 2869 incongruum

67 2890 455 2946 alienissimumque
486 2891 715 2943 uideretur,
762 2892 864 2948 quia
894 2892 1001 2934 nihil
1030 2891 1138 2933 inest
1166 2903 1348 2946 magnae
1384 2888 1688 2945 promissionis,
1735 2885 1893 2943 quippe

68 2980 176 3021 quae
205 2965 352 3008 fuisset
382 2965 635 3021 explicanda
665 2981 860 3022 nouoque
891 2964 1154 3008 inlustranda
1184 2963 1389 3018 exemplo.
1449 2960 1719 3017 Porphyrion
1739 2965 1892 3009 autem,

68 3040 142 3094 qui
171 3038 334 3082 doctius
363 3039 681 3096 elegantiusque
711 3039 977 3096 potissimum
1008 3054 1074 3081 res
1104 3037 1287 3094 exponit,
1335 3036 1425 3091 ipse
1455 3034 1549 3085 sibi,
1595 3041 1641 3076 ut
1670 3034 1729 3075 ita
1750 3032 1891 3074 dicere

12 3140 15 3141 ν
67 3111 205 3165 liceat,
237 3113 405 3170 alapam
436 3113 635 3165 duxisset,
672 3115 720 3166 si,
757 3114 882 3171 alapa
908 3114 1120 3171 promissa,
1167 3110 1359 3154 desiisset
1403 3109 1446 3152 in
1490 3108 1618 3151 imam
1663 3106 1892 3150 auriculam
