2148 3412
823 129 873 161 IN
899 130 1035 163 SERM.
1061 132 1088 169 1,
1114 135 1143 163 4.
1850 124 1900 164 81

75 267 232 301 sarum3
264 251 362 293 inde
392 250 518 293 etiam
548 253 670 294 rauci
695 251 916 294 traduntur
936 254 1179 297 assiduitate
1200 256 1389 314 agendi]
1450 257 1543 301 Hos
1566 257 1752 311 Quidam
1774 273 1898 301 accu-

75 332 230 370 satores
259 324 485 381 accipiunt,
518 323 609 366 Alii
640 340 804 367 amores
835 326 1038 369 satiricos.

185 399 250 440 66.
281 400 404 441 rauci
430 400 545 441 male.
605 398 691 441 Pro
721 400 858 441 ualde.

183 473 247 514 67.
280 472 513 514 latronibus.
575 471 692 513 Male
723 472 976 524 uiuentibus,
1009 473 1184 516 uitiosis.

182 545 329 587 libellis.
389 544 441 586 In
470 544 623 600 quibus
654 546 941 589 accusationes
973 548 1250 590 continentur.
1947 562 1965 591 5

182 620 246 661 69.
283 619 332 660 Ut
362 620 416 660 sis
448 627 491 660 tu
521 620 656 661 similis
693 619 812 662 Cael&
831 621 1018 676 Birrique
1049 621 1137 662 latr.
1176 621 1267 663 Non
1304 637 1373 677 eqo
1413 625 1485 664 sim
1527 624 1666 680 Capre'e'
1703 640 1786 681 neq.
1826 627 1897 668 Su.

75 693 201 735 Lusis.
257 691 366 734 Pro:
397 692 432 734 si
462 692 614 747 posuit.
635 690 806 735 Caelius
838 700 878 735 et.
906 692 1072 736 Birrius
1103 694 1258 749 perditi
1291 695 1579 738 adulescentes
1610 699 1787 739 fuerunt.
1850 698 1898 741 Si

68 773 111 808 tu
139 764 238 822 uis[‚
269 764 439 822 inquit,]
472 765 620 807 similis
650 780 739 808 esse
770 766 879 808 male
909 767 1162 818 uiuentibus,
1211 783 1285 810 cur
1328 783 1408 824 ego
1452 784 1529 824 per
1573 786 1742 812 carmen
1787 772 1898 814 istud

67 839 213 881 uideor
243 839 391 881 similis
421 853 511 881 esse
542 839 883 882 accusatoribus?
925 848 964 882 et
994 848 1056 883 est
1088 840 1299 897 [sublimis
1330 841 1532 900 inuectio]
1566 844 1895 902 subintellegen-

67 913 164 954 dum
194 913 346 955 similis.
379 914 599 956 latronum.
631 912 904 956 Vitiosorum.
1922 929 1963 960 10

178 986 242 1027 70.
275 986 358 1028 Cur
386 995 540 1029 metuas
570 989 658 1028 me?
714 987 766 1028 Id
796 994 875 1030 est:
908 1002 987 1044 ego
1019 988 1151 1030 debeo
1182 988 1376 1030 mordere
1406 989 1592 1032 uitiosos.

177 1061 241 1101 71.
271 1060 387 1102 nulla
419 1061 586 1102 taberna
616 1076 722 1103 meos
753 1062 788 1103 lt.
819 1076 857 1103 n.
882 1077 926 1118 p.
958 1062 1125 1104 libellos.
1186 1061 1339 1118 Negat,
1373 1077 1415 1104 se
1446 1063 1612 1105 libellos
1649 1079 1744 1106 suos
1766 1066 1890 1108 edere

65 1132 316 1187 bibliopolis,
348 1148 400 1175 ne
434 1134 515 1190 [in]
548 1134 773 1190 inperitam
803 1134 969 1176 turbam
999 1135 1200 1186 incidant,
1233 1136 1368 1190 qualis
1399 1143 1459 1178 est
1488 1136 1785 1194 Hermogenes
1815 1139 1891 1181 Ti-

64 1206 224 1262 gellius.
283 1206 539 1263 Plerumque
570 1208 682 1249 enim
714 1208 757 1248 in
787 1208 885 1263 pilis
917 1208 984 1249 uel
1018 1209 1063 1249 in
1093 1208 1298 1251 columnis
1321 1210 1628 1266 epigrammata
1649 1211 1890 1255 scribebant

63 1286 209 1336 poetae
239 1280 307 1322 uel
338 1280 580 1337 bibliopolis
610 1281 843 1323 tradebant.
904 1281 1001 1323 Hoc
1022 1282 1080 1323 ita
1100 1282 1252 1336 posuit,
1285 1283 1384 1337 quia
1414 1283 1671 1339 bibliopolae
1694 1286 1892 1329 stationes
1920 1296 1959 1326 15

63 1359 103 1394 et
132 1353 314 1394 armaria
345 1354 458 1396 circa
489 1355 598 1410 pilas
628 1355 696 1396 uel
726 1355 941 1397 columnas
972 1355 1197 1406 habebant,
1231 1371 1279 1397 ac
1302 1371 1379 1411 per
1399 1357 1479 1398 hoc
1510 1358 1703 1409 ostendit,
1736 1374 1779 1401 se
1809 1376 1893 1402 non

62 1433 215 1468 temere
246 1426 441 1482 cuiquam
471 1427 635 1470 libellos
666 1443 762 1470 suos
792 1428 916 1470 edere
946 1429 1028 1470 nisi
1059 1429 1183 1471 certis
1214 1440 1253 1470 et
1284 1430 1427 1472 electis
1456 1431 1660 1486 personis.

173 1501 237 1541 74.
268 1501 411 1542 ubiuis.
470 1500 753 1557 Ubicumque,
786 1502 829 1542 in
860 1503 974 1544 omni
1004 1502 1108 1544 loco.

173 1588 361 1616 coramue
382 1576 629 1631 quibuslibet.
688 1575 739 1617 Id
761 1582 840 1618 est:
873 1590 1009 1631 neque
1041 1590 1221 1632 semper,
1252 1591 1388 1632 neque
1419 1585 1576 1633 aperte,
1608 1593 1744 1635 neque
1776 1588 1893 1623 extra

61 1647 215 1690 amicos
245 1648 388 1690 recito.
1913 1663 1954 1694 20

172 1722 220 1764 In
249 1723 375 1764 medio
406 1724 477 1779 qui
505 1723 668 1780 Scripta
698 1724 790 1778 foro
821 1724 999 1773 recitent,
1032 1731 1126 1765 sunt
1146 1724 1273 1765 mulli.
1333 1723 1430 1766 Hoc
1452 1724 1511 1766 sic
1531 1726 1891 1780 pronuntiandum

63 1793 175 1851 [est],
223 1796 342 1851 quasi
374 1795 550 1851 quilibet
594 1796 705 1838 dicat
737 1803 1007 1839 contemnens
1037 1795 1282 1838 Horatium:
1329 1797 1431 1839 Ideo
1462 1805 1506 1838 tu
1537 1806 1693 1841 secrete
1724 1801 1889 1851 recitas,

13 1863 17 1930 ᾗ
61 1868 157 1923 quia
187 1869 305 1910 multi
339 1869 441 1926 [non
472 1869 535 1926 in]
568 1870 784 1926 digniores
814 1878 853 1911 te
884 1877 991 1920 sunt,
1029 1870 1099 1925 qui
1130 1870 1173 1911 in
1196 1871 1333 1912 medio
1355 1872 1446 1913 foro
1468 1873 1657 1914 recitant.
1718 1873 1889 1916 Deinde

14 1935 17 2010 Ι
61 1942 263 1984 consentit
292 1941 496 1984 Horatius
527 1949 567 1984 et
597 1943 732 1984 addit:
765 1942 862 1985 Non
893 1944 1131 1985 mirandum
1162 1945 1253 1994 hoc,
1296 1960 1393 1986 nam
1425 1946 1577 1988 multos
1609 1946 1754 1988 dicunt
1784 1962 1887 1998 esse,

13 2013 17 2079 ξ
60 2014 130 2070 qui
160 2023 202 2056 et
230 2015 273 2057 in
303 2016 464 2058 balneis
508 2016 697 2066 recitant,
744 2017 922 2072 ideoque
953 2017 1069 2058 addit
1100 2018 1209 2059 hanc
1240 2033 1410 2060 causam
1442 2034 1519 2074 per
1549 2020 1742 2071 ironiam,
1790 2022 1887 2076 quia

1913 2030 1954 2061 25

14 2091 19 2339 1

18 3052 22 3249 1

59 2087 102 2129 111
131 2088 292 2131 balneis
322 2090 471 2131 melius
500 2104 582 2131 uox
613 2097 790 2132 resonet,
850 2092 900 2132 In
929 2092 1068 2133 medio.
1127 2090 1224 2133 Hoc
1255 2091 1521 2134 obtrectator.

172 2170 207 2209 3)
234 2171 296 2201 Pro
320 2172 414 2201 ualde
438 2180 464 2214 γ.
491 2172 586 2201 ualde
612 2171 647 2201 C.
673 2172 743 2202 rell.
771 2182 832 2202 om.
880 2173 916 2211 4)
942 2172 1028 2202 Male
1053 2173 1115 2202 11111.
1132 2181 1158 2214 γ.
1178 2173 1246 2202 rell.
1264 2173 1338 2203 Viu.
1357 2174 1449 2203 male.
1500 2176 1534 2214 6)
1559 2174 1601 2204 sis
1627 2179 1656 2204 tu
1671 2184 1697 2217 γ,
1717 2180 1751 2205 ut
1769 2176 1888 2214 Porph.

59 2226 99 2256 M.
130 2231 162 2258 et
185 2237 266 2257 omn.
293 2228 384 2258 codd.
410 2228 487 2259 Hor.
513 2232 542 2258 tu
566 2228 607 2258 sz's
631 2229 701 2258 edd.
727 2228 800 2260 Acr.
829 2233 860 2259 et
884 2229 998 2267 Porph.
1026 2229 1075 2268 (et
1100 2227 1203 2269 G?Q).
1228 2230 1289 2259 Pro
1315 2231 1342 2260 si
1368 2232 1475 2268 posuit
1499 2240 1526 2273 γ.
1554 2232 1621 2260 rell.
1651 2241 1712 2261 0111.
1738 2233 1794 2261 celi
1812 2232 1889 2273 -sFM

60 2286 120 2314 etc.
148 2283 239 2314 Caeli
263 2288 339 2315 mut.
365 2286 385 2315 b
410 2285 522 2315 Ambr.
551 2283 670 2314 Caelius
696 2295 745 2315 va.
774 2283 892 2315 Coelius
918 2286 963 2316 fh.
1001 2285 1095 2315 caelit'
1129 2286 1220 2328 ΒερΕ.
1261 2288 1428 2325 compend.
1467 2286 1502 2316 C.
1541 2288 1573 2317 in
1611 2287 1684 2320 leffi.
1723 2298 1774 2320 va.
1814 2289 1888 2318 celii

59 2339 219 2370 DHIPRT
244 2341 286 2370 al.
313 2341 457 2380 byn-ique
482 2341 513 2370 H
538 2341 632 2371 Bern.
658 2341 698 2371 A.
724 2341 885 2381 Byrrhius
911 2352 930 2371 v
955 2340 1136 2384 (byrrilzus)
1173 2343 1239 2372 afh.
1264 2353 1305 2373 va
1330 2344 1363 2373 in
1389 2344 1460 2373 lem.
1498 2344 1619 2373 habent
1656 2346 1819 2383 compend.
1857 2346 1886 2375 b.

59 2396 128 2426 rell.
155 2396 304 2435 hir—rique.
354 2398 388 2437 8)
415 2398 520 2436 inquit
546 2407 606 2428 om.
633 2407 660 2439 γ.
710 2396 745 2437 9)
772 2403 803 2427 01;
829 2402 878 2428 est
903 2399 962 2428 sub
989 2398 1114 2428 similis.
1149 2400 1228 2429 haec
1254 2404 1401 2437 spectant
1427 2401 1467 2429 ad
1492 2401 1548 2431 alt.
1575 2404 1699 2438 partem
1726 2402 1887 2430 lemmatis

59 2462 152 2492 quam
176 2454 322 2483 adiunxi.
348 2454 417 2484 rell.
436 2455 559 2484 habent
574 2453 716 2484 sublimis
741 2454 890 2494 (iniectio
907 2455 943 2494 v)
970 2455 1118 2485 inuectio.
1147 2454 1191 2485 C:
1217 2455 1355 2485 subiectio
1372 2466 1392 2485 α
1408 2456 1554 2486 dissimili.
1606 2457 1661 2496 10)
1686 2456 1888 2487 vitiosorum

58 2518 84 2552 γ,
108 2510 176 2540 rell.
201 2519 261 2540 om.
327 2511 380 2550 11)
406 2512 521 2540 mutari
547 2511 672 2540 lemma.
699 2511 796 2541 schol.
824 2521 884 2541 om.
913 2510 1066 2548 G,1nan.
1126 2512 1180 2551 12)
1207 2513 1306 2542 libros
1331 2513 1419 2542 vafh.
1446 2514 1557 2542 (tedere
1583 2524 1612 2542 v.
1665 2514 1719 2552 13)
1748 2523 1787 2543 nc
1812 2513 1887 2552 inp„

60 2575 119 2597 om.
145 2567 192 2607 in,
218 2568 301 2599 turb.
329 2568 389 2597 inc.
415 2577 467 2606 qu.
494 2572 541 2597 est
567 2568 666 2597 herm.
692 2568 827 2606 tigellus
851 2577 878 2610 γ.
917 2567 1006 2597 Haec
1030 2569 1128 2597 uerba
1155 2569 1278 2606 excipit
1303 2569 1466 2599 scholion:
1493 2570 1600 2608 Negat
1626 2579 1659 2599 sc
1685 2570 1786 2599 libros
1813 2579 1886 2600 suos

58 2624 193 2654 uendere
218 2624 400 2662 bibliopolis
413 2623 508 2663 foriav
533 2623 603 2663 (sic.
630 2625 701 2662 lege
726 2624 816 2662 foris,
842 2633 904 2654 non
931 2624 1043 2664 Sociis)
1068 2629 1104 2654 ut
1131 2626 1229 2654 etiam
1254 2629 1374 2663 ponant
1400 2635 1495 2663 super
1524 2627 1623 2664 pilam
1642 2627 1664 2656 i.
1679 2635 1775 2664 super
1799 2635 1886 2656 men-

60 2689 125 2710 sam
149 2682 312 2711 uenalium
337 2690 442 2711 rerum
466 2685 502 2710 ut
528 2682 595 2711 illis
620 2682 752 2710 insudet
778 2690 890 2711 manus
914 2682 1005 2719 uulgi
1031 2686 1086 2711 aut
1110 2682 1244 2711 alicuius
1271 2691 1405 2719 scurrae,
1443 2682 1548 2720 qualis
1578 2682 1639 2711 fuit
1675 2683 1886 2720 hermogenes

59 2736 135 2776 (om.
160 2739 249 2778 tig.).
276 2738 467 2776 Plerumque
494 2742 553 2768 etc.
581 2755 622 2758 —
659 2738 789 2775 tigellus
813 2747 839 2779 γ.
908 2736 964 2777 15)
990 2738 1060 2768 Ηο0
1083 2738 1126 2768 ita
1149 2748 1176 2780 γ.
1201 2738 1272 2767 rell.
1311 2737 1380 2767 Hoc
1404 2738 1477 2767 icleo.
1546 2738 1600 2776 17)
1627 2738 1716 2768 certis
1740 2743 1767 2767 et
1789 2738 1888 2768 electis

59 2795 202 2832 personis
227 2793 392 2833 (personae
415 2794 447 2836 γ)
474 2793 542 2837 γ,(ἶ.
569 2795 637 2823 rell.
663 2794 851 2824 nobilissimis
875 2795 1032 2832 personis.
1095 2795 1151 2834 18)
1176 2795 1368 2832 ubicumque
1392 2804 1418 2836 γ.
1446 2795 1514 2824 rell.
1542 2804 1601 2824 om.
1666 2795 1723 2834 22)
1750 2798 1797 2824 est
1823 2804 1884 2825 om.

59 2858 86 2891 γ.
110 2851 245 2888 quilibet
270 2849 395 2892 *sG,1nv.
422 2851 476 2889 qui
502 2851 582 2880 libet
607 2860 635 2880 a.
662 2851 731 2880 rell.
756 2851 829 2889 quis.
856 2851 983 2880 seruaui
1007 2850 1134 2889 quilibet,
1160 2855 1212 2880 ut:
1240 2852 1324 2880 alius
1350 2851 1494 2889 quilibet.
1521 2851 1626 2880 Plaut.
1652 2851 1748 2880 Poen.
1774 2851 1828 2888 IV,
1855 2852 1886 2888 2,

61 2905 116 2936 38:
142 2907 239 2936 alium
264 2916 358 2945 quem
382 2907 473 2937 libet.
500 2906 567 2937 Cic.
594 2907 694 2937 Acad.
721 2907 774 2945 IV,
801 2908 860 2937 43:
898 2907 1086 2945 quemlibet,
1111 2908 1205 2937 modo
1231 2908 1380 2946 aliquem.
1441 2908 1498 2947 23)
1525 2908 1618 2937 multi
1646 2908 1737 2946 dign.
1762 2918 1788 2950 γ.
1816 2908 1883 2937 rell⁴

60 2963 150 2993 multi
173 2972 232 2993 non
255 2963 317 2993 ind.
367 2964 423 3003 24)
449 2964 572 2994 addidit
596 2973 622 3006 γ.
666 2963 723 3002 25)
751 2964 783 2992 111
808 2963 910 2993 medio
936 2963 1004 2994 foro
1030 2973 1113 2994 omn.
1140 2964 1216 2994 libri
1242 2968 1370 3002 praeter
1387 2964 1415 3000 Q
1432 2965 1486 3003 qui
1512 2965 1638 3002 posuit:
1666 2964 1717 3003 qui
1733 2964 1806 2994 elin
1823 2964 1885 2993 bal-

60 3017 121 3048 neis
142 3019 280 3049 recitant.
306 3019 431 3059 G,mva.
458 3021 608 3051 recitant.
635 3020 782 3060 (recitent
799 3018 842 3059 G)
868 3029 942 3049 nam
967 3020 1086 3050 multos
1113 3021 1227 3050 dicunt
1253 3029 1323 3049 esse
1349 3022 1403 3059 qui
1422 3021 1595 3051 inbalneis
1614 3022 1766 3050 recitant.
1792 3021 1885 3051 Ideo-

61 3083 120 3113 que
142 3075 303 3107 clamamus
328 3077 486 3116 (amamus
511 3077 582 3118 afh)
608 3078 689 3107 hanc
714 3080 815 3107 sonet.
852 3093 895 3098 ——
931 3077 1049 3107 multos
1075 3087 1154 3115 esse,
1181 3087 1240 3107 om.
1267 3077 1391 3115 dicunt,
1417 3077 1462 3108 fh.
1504 3096 1543 3098 —
1587 3078 1757 3117 hyroniam
1781 3087 1808 3119 γ.
1834 3078 1884 3107 hi·

62 3132 183 3162 roniam
207 3143 238 3163 v.
287 3133 345 3174 26)
369 3143 495 3164 resones
519 3144 536 3176 γ
561 3134 680 3174 (Hor).
708 3134 789 3165 conf.
815 3134 931 3173 Porph.
957 3135 1101 3165 suauiter
1124 3142 1269 3164 resonans
1292 3143 1360 3163 now.

193 3199 351 3226 muman,
368 3199 434 3220 ACR.
450 3200 490 3221 ET
506 3199 619 3221 rom‘n.
637 3200 664 3220 11.
1598 3200 1612 3221 ⁴3
