2148 3412
789 102 838 134 m
863 102 960 134 ΛΒΤ
984 102 1117 135 POET.
1804 92 1884 133 601

167 225 259 266 145.
291 224 559 280 Ante'plzatem.
618 223 746 266 Lami
776 226 906 267 filium
950 226 1065 277 dicit,
1112 228 1183 281 qui
1213 226 1489 268 Formianum
1534 227 1740 282 oppidum
1784 242 1884 269 con-

52 297 170 338 didit.
243 297 559 353 Laestrygones
590 306 684 339 sunt
714 298 816 340 dicti
848 300 962 341 saeui
993 300 1195 351 homines,
1244 316 1294 342 ex
1326 301 1478 355 quibus
1508 301 1586 342 fuit
1615 299 1883 356 Antiphates.

51 370 168 412 Dicit
200 378 338 411 autem
369 371 482 426 ipsos
512 371 839 428 Laestrygones,
886 373 940 414 ad
971 388 1076 428 quos
1108 374 1259 416 Ulixes
1290 375 1452 416 delatus
1484 382 1557 426 est,
1599 375 1671 430 qui
1702 375 1884 416 humana

52 459 177 486 carne
206 444 497 487 uescebantur.

164 519 257 560 146.
289 519 373 561 Nec
389 520 562 561 reditum
582 521 708 562 Dz'om.
727 522 772 562 ab
794 522 862 562 int.
880 523 1089 576 Meleaqri.
1148 521 1370 578 Meleager
1386 529 1426 564 et
1440 521 1612 577 Tydeus
1627 522 1778 564 fratres
1794 523 1884 563 fue-

50 599 157 633 runt.
201 591 481 635 Antimachus
503 601 627 648 poeta
648 595 829 635 reditum
846 594 1070 636 Diomedis
1092 611 1269 637 narrans
1292 596 1430 651 coepit
1452 596 1504 637 ab
1527 596 1699 638 exordio
1721 597 1883 651 primae

48 665 238 721 originis,
261 666 305 707 id
321 674 394 717 est,
418 668 556 723 coepit
577 667 629 710 ab
647 668 818 709 interitu
834 668 1057 724 Meleagri.
1091 668 1175 710 Hic
1195 668 1333 726 [uero]
1353 670 1559 725 praecipit
1582 670 1709 725 longo
1731 684 1882 725 prooe-

49 739 133 781 mio
165 755 249 781 non
280 755 370 783 esse
400 742 615 783 utendum.
678 740 948 797 Superfluum
979 742 1121 797 itaque
1152 743 1317 784 initium
1350 743 1566 785 declinans
1596 745 1714 786 Maro
1737 743 1797 785 sic
1818 744 1883 784 in-

49 813 216 855 choauit
240 813 313 869 (A.
336 814 370 865 Ι,
394 815 460 856 34.
483 816 578 871 35):
620 817 697 858 Vix
718 832 736 858 e
760 826 976 873 conspectu>
995 817 1154 858 Siculae
1186 818 1342 859 telluris
1373 819 1414 858 ‘e'n
1446 818 1571 859 allum
1600 818 1691 858 Vela
1722 818 1881 859 dabant.

161 889 254 929 147.
285 903 358 930 nec
386 891 541 944 yemino
574 890 661 932 bell.
696 891 920 932 Troianum
951 892 1037 933 ord.
1072 892 1119 935 ab
1153 907 1240 933 ouo.
1315 890 1363 931 Id
1401 898 1475 940 est,
1524 890 1586 948 [a]
1622 889 1798 933 Castore
1844 899 1883 932 et

46 961 232 1004 Polluce.
269 963 433 1005 Gemino
448 962 626 1021 [autem]
643 971 712 1005 aut
734 965 951 1020 utriusque
973 979 1110 1015 sexus,
1133 972 1203 1006 aut
1223 980 1392 1020 magno,
1416 972 1487 1005 aut
1508 980 1584 1020 pro
1602 965 1882 1021 trigemino.*)

45 1034 96 1077 Id
127 1043 206 1078 est:
239 1051 317 1078 nec
348 1037 582 1079 Troianum
613 1037 771 1079 bellum
803 1038 941 1094 coepit
973 1038 1026 1080 ab
1057 1055 1150 1090 ouo,
1183 1054 1233 1080 ex
1266 1054 1347 1094 quo
1379 1039 1512 1095 geniti
1544 1047 1636 1081 sunt
1661 1037 1813 1081 Castor
1844 1046 1884 1079 et

45 1109 209 1151 Pollux.
269 1110 325 1152 Et
357 1117 419 1152 est
451 1111 668 1166 ὑπαλλαγή
704 1111 894 1169 [gemino
925 1113 1145 1167 principio,
1177 1113 1246 1155 uel
1280 1129 1304 1154 a
1335 1114 1505 1169 gemino
1536 1128 1628 1164 ouo,
1662 1114 1760 1168 quia
1781 1112 1882 1155 Pol-

45 1183 115 1225 lux
147 1184 317 1239 quidem
350 1193 439 1227 erat
468 1186 579 1227 filius
608 1185 724 1227 Iouis
757 1194 797 1227 et
818 1187 977 1237 Ledae,
1027 1186 1180 1229 Castor
1210 1202 1310 1229 uero
1341 1187 1534 1243 Tyndari
1570 1196 1609 1229 et
1644 1187 1804 1229 Ledae.
1833 1213 1873 1218 —

46 1258 93 1299 ab
124 1273 212 1300 ouo.
274 1258 315 1299 A
347 1260 567 1302 natiuitate
599 1260 865 1316 geminorum
895 1260 1082 1302 Pollucis
1115 1268 1152 1302 et
1191 1259 1394 1311 Castoris,
1442 1261 1513 1316 qui
1545 1276 1625 1303 ouo
1656 1262 1745 1302 nati
1790 1276 1881 1302 cre-

45 1332 199 1374 duntur
230 1348 281 1374 ex
310 1333 413 1375 Ioue
435 1335 508 1389 qui
529 1335 571 1375 in
593 1335 728 1376 forma
751 1335 873 1390 cycni
895 1335 1130 1390 conpressit
1151 1342 1327 1376 matrem
1351 1350 1506 1376 eorum.
1531 1337 1547 1389 Η
1569 1335 1714 1377 Bonus
1745 1342 1880 1390 poeta,

43 1406 192 1462 inquit,
239 1407 311 1462 qui
356 1408 447 1449 uult
495 1409 736 1451 describere
782 1409 963 1451 reditum
1009 1408 1247 1459 Diomedis,
1290 1409 1497 1464 principis
1546 1407 1824 1459 Graecorum,
1859 1425 1883 1450 a

43 1480 173 1523 Troia
204 1482 247 1523 in
281 1480 524 1533 Graeciam,
571 1499 655 1525 non
702 1499 753 1525 ex
794 1498 841 1525 eo
887 1491 1076 1538 tempore
1123 1483 1273 1539 incipit
1318 1498 1491 1525 narrare
1522 1484 1633 1525 facta
1665 1484 1766 1534 eius,
1801 1498 1881 1538 quo

42 1555 168 1596 rediit
196 1556 345 1607 uictor,
391 1557 611 1599 interfecto
643 1557 817 1613 gigante
848 1557 1084 1614 Meleagro,
1126 1558 1200 1599 sed
1231 1557 1371 1612 potius
1402 1557 1454 1599 ab
1486 1557 1682 1600 incendio
1715 1557 1881 1599 Troiae.

44 1628 250 1672 Similiter
294 1631 365 1686 qui
413 1631 570 1673 bellum
602 1631 836 1674 Troianum
866 1639 1022 1682 narrat,
1070 1646 1119 1673 ex
1156 1632 1228 1674 illo
1259 1640 1447 1687 tempore
1478 1647 1562 1674 non
1594 1632 1756 1687 incipit,
1799 1646 1881 1687 quo
1907 1646 1913 1654 ·

42 1703 234 1760 Iuppiter
265 1705 342 1747 sub
374 1706 514 1762 specie
547 1706 670 1762 cycni
702 1721 797 1748 cum
828 1706 950 1748 Leda
980 1706 1173 1749 Helenae
1218 1715 1350 1748 matre
1398 1706 1635 1757 concubuit,
1683 1706 1754 1748 sed
1800 1720 1880 1761 quo

41 1778 165 1821 Paris
194 1779 407 1822 Helenam
438 1781 612 1838 rapuit]

160 1855 254 1896 147.
288 1856 459 1897 orditur.
520 1855 571 1896 Id
602 1862 676 1905 est,
707 1854 869 1910 incipit.

157 1929 251 1971 148.
285 1930 448 1986 Semper
479 1931 533 1971 acl
564 1938 751 1972 euentum
780 1931 953 1984 festinat.
1015 1927 1187 1971 Scilicet
1219 1929 1446 1971 Homerus.
1507 1929 1557 1970 Id
1603 1936 1676 1980 est,
1723 1930 1777 1971 ad
1822 1931 1879 1979 id,

41 2002 152 2044 unde
182 2003 433 2045 ordiendum
466 2011 540 2054 est,
573 2003 686 2059 quod
717 2003 861 2045 dicunt
894 2001 1070 2045 Graeci:
1104 2004 1203 2059 πρὸς
1232 2004 1275 2044 τὸ
1308 2003 1594 2059 προκείμενον,
1627 2011 1697 2045 aut
1727 2019 1881 2061 semper

43 2077 96 2118 ad
116 2086 299 2120 euentum
320 2080 495 2133 festinat,
528 2078 571 2119 id
603 2085 681 2120 est:
714 2077 802 2119 odit
831 2077 959 2133 longa
990 2078 1217 2132 prooemia.
1281 2078 1364 2135 [Ita
1396 2086 1539 2134 aperte
1571 2078 1783 2134 principia
1815 2079 1879 2119 di-

43 2151 110 2201 cit,
142 2159 186 2193 ut
218 2167 268 2194 ex
299 2152 352 2194 iis
383 2152 507 2194 facile
539 2152 675 2194 exitus
708 2151 1049 2208 cognoscantur]
1133 2150 1340 2207 Cogitans
1370 2152 1586 2194 fastidium
1626 2152 1795 2194 lectoris
1826 2153 1879 2193 ad

43 2226 199 2268 exitum
230 2227 370 2282 operis
412 2234 626 2282 properat,
668 2226 848 2281 ideoque
878 2241 961 2267 non
995 2233 1055 2267 est
1085 2225 1254 2281 longius
1286 2225 1338 2267 ab
1370 2226 1535 2282 origine
1580 2226 1877 2268 inchoandum.

157 2333 189 2372 1)
215 2332 406 2363 formianum
432 2332 511 2375 -fNX
534 2332 630 2369 Med„
656 2330 732 2362 er.
766 2332 834 2361 rell.
877 2332 1089 2362 Formiarum.
1117 2341 1193 2369 ager
1218 2332 1407 2362 Formianus
1433 2332 1504 2361 Liu.
1529 2331 1567 2367 X.
1596 2334 1648 2361 31.
1676 2333 1772 2361 colles
1798 2333 1875 2363 Hor.

43 2387 76 2418 C.
102 2390 128 2426 1,
154 2391 209 2428 20,
238 2392 287 2420 11.
316 2395 374 2420 etc.
405 2391 454 2420 10.
505 2390 591 2420 Ordo
618 2390 671 2418 hic
698 2394 745 2418 est
772 2390 807 2418 in
835 2387 876 2418 C:
903 2389 1005 2418 Notat
1030 2388 1284 2428 Laestrygones,
1312 2390 1352 2418 ad
1378 2399 1407 2427 q.
1434 2389 1464 2417 d.
1491 2389 1511 2418 1.
1538 2388 1685 2428 Ulysses,
1713 2390 1767 2427 qui
1795 2389 1825 2418 h.
1851 2399 1876 2418 e.

41 2456 138 2485 nescu,
165 2457 217 2477 ex.
243 2458 272 2487 q.
291 2449 312 2478 f.
338 2448 376 2477 A.
403 2448 494 2477 Lami
520 2448 617 2484 filius,
650 2448 704 2485 qui
729 2446 934 2475 Formianum
960 2455 1009 2483 op.
1036 2446 1190 2475 condidit.
1256 2447 1290 2485 2)
1317 2446 1498 2484 lestrigones
1524 2455 1550 2487 γ.
1588 2446 1814 2485 laestrygonces
1838 2446 1877 2474 N.

42 2504 244 2545 lestrygonas
272 2515 296 2535 r.
348 2506 384 2544 4)
410 2505 598 2535 uescebatur
623 2504 669 2533 fh.
720 2503 754 2542 6)
782 2504 865 2541 cepit
892 2504 931 2533 ob
958 2512 1029 2533 exo.
1056 2512 1101 2540 pr.
1128 2504 1208 2541 orig.
1228 2504 1249 2533 i.
1270 2504 1355 2541 cepit
1380 2504 1419 2532 ab
1445 2512 1470 2544 γ.
1522 2504 1555 2541 7)
1582 2512 1656 2531 uero
1682 2512 1741 2532 om.
1767 2512 1793 2544 γ.
1843 2503 1878 2541 8)

41 2569 100 2590 non
128 2570 197 2591 esse
222 2563 333 2592 utend.
359 2562 476 2604 ·(NX,r.
504 2562 572 2591 rell.
605 2570 669 2591 non
694 2570 724 2589 u.
753 2569 831 2589 esse.
857 2559 978 2589 initium
1005 2559 1061 2595 cQ.
1099 2560 1169 2589 rell.
1195 2559 1308 2589 uitium.
1373 2560 1426 2599 11)
1454 2569 1470 2588 a
1497 2569 1556 2589 om.
1584 2569 1610 2600 γ,
1647 2569 1732 2589 rvca.
1770 2563 1825 2588 aut
1850 2568 1876 2600 γ.

42 2618 110 2647 rell.
135 2622 241 2648 autem.
309 2620 365 2658 12)
394 2629 492 2649 sexus
518 2628 636 2657 magno
661 2628 686 2647 c.
751 2617 805 2656 13)
833 2618 949 2656 gemini
975 2620 1050 2646 sunt.
1075 2626 1102 2659 γ.
1155 2618 1210 2656 14)
1237 2617 1365 2656 gemino
1391 2635 1432 2637 ff
1459 2618 1567 2655 rapuit.
1592 2626 1650 2646 om.
1677 2626 1703 2657 γ.
1729 2616 1806 2653 Alii,
1844 2620 1879 2645 ut

41 2673 126 2705 Med.
154 2675 335 2714 NXG,rvca
372 2681 447 2714 post
482 2680 608 2706 matrem
636 2684 739 2705 eorum
765 2674 899 2713 (illorum
925 2674 1059 2713 NXG,r)
1086 2684 1146 2704 oni.
1184 2674 1295 2704 Bonus
1321 2691 1361 2694 —
1388 2674 1505 2711 rapuit.
1572 2674 1612 2702 17
1638 2676 1669 2702 et
1698 2673 1755 2712 22)
1781 2673 1878 2712 cygni

41 2732 126 2763 libri.
151 2734 244 2771 posui
270 2734 372 2772 cycni,
399 2737 435 2763 ut
461 2742 565 2772 supra.
593 2750 635 2753 ——
660 2732 738 2761 Post
761 2741 791 2760 n.
813 2741 919 2761 eorum
946 2731 1104 2769 (illorum)
1132 2730 1238 2771 (cigni
1262 2735 1396 2761 matrem
1421 2730 1548 2760 illorum
1573 2729 1711 2768 coqnouit
1733 2729 1777 2769 N)
1804 2730 1878 2758 libri

42 2797 138 2828 supra
163 2790 242 2819 dicti
268 2794 423 2828 pergunt:
449 2789 578 2819 Abinde
604 2789 794 2819 ordiendum
822 2787 1051 2826 (ordinandum
1077 2788 1118 2826 r),
1146 2788 1230 2825 quod
1257 2787 1372 2817 Graeci
1399 2788 1511 2816 dicunt
1530 2809 1535 2815 .
1555 2809 1560 2815 .
1581 2809 1587 2815 .
1615 2786 1747 2824 (lacuna
1773 2785 1876 2824 NX‚1·)

43 2868 50 2876 .
77 2868 84 2876 .
112 2869 118 2876 .
145 2856 267 2886 cycnon
293 2847 392 2884 Med.,
416 2857 479 2876 rea.
505 2846 589 2876 Vide
615 2845 714 2876 schol.
740 2845 780 2874 ad
806 2855 836 2874 u.
866 2845 939 2874 148.
991 2842 1048 2883 24)
1075 2845 1094 2873 i.
1122 2845 1238 2882 incipit
1264 2854 1289 2885 γ.
1317 2845 1386 2873 rell.
1415 2854 1474 2873 om.
1541 2842 1598 2882 25)
1625 2852 1649 2872 s.
1677 2843 1826 2873 homerus
1851 2852 1877 2884 γ.

41 2904 110 2932 rell.
136 2914 196 2934 om.
247 2905 305 2940 26>
331 2905 442 2934 dicunt
467 2905 554 2942 greci
578 2913 605 2945 γ.
630 2904 701 2932 rell.
729 2912 760 2941 g.
787 2903 911 2931 dicunt.
938 2896 1048 2932 HPOC
1076 2896 1158 2931 ΤΟΥ
1183 2896 1449 2931 Puix'm'NeNuN
1471 2900 1548 2939 (sie)
1567 2910 1592 2942 γ.
1618 2897 1696 2941 πρὸς
1719 2896 1756 2929 τὸ
1781 2908 1877 2941 προσ-

40 2958 183 3002 κείμενον
208 2960 311 2997 thQ.
350 2962 420 2991 rell.
459 2970 582 2999 cycnon,
620 2964 655 2990 ut
682 2969 778 2998 supra
803 2960 961 2989 diximus.
1011 2959 1117 2988 Verba
1143 2960 1189 2988 lta
1216 2976 1252 2980 —--
1282 2962 1509 2997 cognoscantur,
1548 2967 1630 2995 quae
1655 2957 1753 2995 uulgo
1778 2957 1877 2994 priori

41 3019 126 3055 parti
152 3018 188 3047 Id
211 3023 253 3048 est
277 3037 318 3040 —
341 3018 497 3057 prooemia
525 3020 779 3056 anteponuntur,
817 3018 848 3046 in
875 3026 892 3058 γ
916 3016 1053 3046 inferius
1079 3016 1242 3053 leguntur.
1309 3016 1364 3054 29)
1391 3014 1518 3044 lucidius
1542 3015 1580 3043 ab
1607 3015 1687 3053 orig.
1714 3024 1740 3056 γ.
1767 3014 1877 3044 incho-

41 3077 162 3105 andum
186 3075 292 3118 7‚th.
318 3075 524 3106 indicandum
542 3076 615 3113 N‚v.
641 3074 844 3104 iudicandum
863 3074 930 3110 X,r.
957 3074 1194 3104 abscedendum
1220 3082 1264 3102 ca.
1293 3081 1352 3101 om.
1373 3070 1408 3101 C.
1457 3071 1491 3110 ᾖ)
1520 3070 1555 3101 O.
1573 3071 1737 3101 Hermann
1754 3071 1876 3101 uoluit:

0 3156 1 3182 ᾗ
43 3136 97 3163 aut
119 3136 209 3171 patre
235 3134 378 3171 gemino;
406 3134 497 3170 bene,
523 3133 580 3163 sed
605 3132 686 3163 conf.
712 3132 817 3162 Plaut.
844 3131 912 3161 Mil.
940 3131 997 3161 III.
1027 3133 1054 3169 1,
1084 3130 1155 3160 122.
1182 3129 1254 3159 Liu.
1274 3128 1298 3166 Ι,
1325 3129 1376 3158 24.
1405 3128 1455 3158 25.
1484 3127 1608 3158 Colum.
1634 3128 1692 3165 III,
1721 3129 1751 3159 8.

1933 532 1950 562 tn

1910 900 1950 932 10

1910 1270 1949 1300 15
