2148 3412
240 137 318 177 142
866 144 973 177 Aen.
1001 145 1061 176 ET
1090 144 1253 176 PORPH.
1280 143 1427 178 COMM.

348 270 387 312 3.
419 270 558 325 opinor
578 268 774 310 Omnibus
790 275 826 310 et
846 268 962 324 lippis
981 276 1062 310 not.
1085 276 1121 310 et
1141 275 1239 309 tons.
1261 283 1355 310 esse.
1414 266 1539 310 Adeo
1569 267 1629 309 ait
1659 266 1928 323 diuulgatum
1958 281 2061 320 esse,

236 342 388 398 quibus
418 341 554 383 modis
583 341 809 383 insectatus
840 341 893 382 sit
921 340 1094 383 Persius
1124 340 1358 397 Rupilium,
1403 348 1447 383 ut
1477 348 1516 383 et
1555 341 1600 383 in
1630 340 1846 384 tonstrinis
1888 340 1993 383 haec
2023 347 2064 383 et

234 417 279 458 in
310 415 531 458 medicinis
561 422 730 455 narrata
761 413 854 456 sint.
913 413 1023 455 Fere
1054 421 1193 456 autem
1223 414 1267 455 in
1296 414 1362 456 his
1393 415 1572 457 officinis
1608 414 1731 457 otiosi
1761 414 1895 457 solent
1925 413 2062 457 consi-

235 490 335 532 dere
365 503 414 531 ac
443 502 510 530 res
541 487 779 530 rumoribus
807 488 1092 543 frequentatas
1121 488 1276 530 fabulis
1306 488 1533 530 celebrare.

168 572 187 603 5
346 565 385 603 4.
410 576 633 619 permaqua
653 563 810 616 neqote'a
832 562 883 604 di.
904 562 992 603 hab.
1021 561 1272 604 Clazomenis.
1317 560 1448 603 Asiae
1479 562 1641 613 ciuitas,
1675 576 1777 618 ergo
1805 561 2062 612 Clazomenis,

233 643 280 678 ut
308 635 502 677 Athenis.

348 711 385 750 7.
417 710 455 751 8.
487 709 585 750 adeo
616 710 810 750 sermonis
842 710 984 757 amari,
1016 708 1222 759 Sz'seuuas,
1270 710 1430 750 Barros
1459 716 1506 750 uc
1535 722 1590 765 eq.
1615 723 1733 765 proc.
1767 709 1878 751 albis.
1938 707 2063 752 Adeo
2127 696 2138 752 .'

233 783 324 833 fuit,
355 782 504 838 inquit,
536 782 580 823 in
610 781 727 824 rabie
758 782 959 823 orationis
991 797 1157 824 (tuturus
1186 782 1372 832 Persius,
1404 789 1448 823 ut
1480 780 1705 824 Sisennam
1736 790 1860 837 atque
1880 781 2063 824 Barrum
2126 771 2138 828 ἐζ

232 856 359 912 longe
390 856 567 897 anteiret
577 872 587 905 3
620 855 693 898 sed
722 856 802 898 hoc
832 855 923 911 ipse
953 855 1011 896 ita
1041 855 1316 911 gloriabatur,
1348 855 1468 910 quasi
1496 855 1718 911 quadrigis
1738 855 2063 910 triumphalibus
2126 878 2130 886 =

167 936 209 969 10
234 929 459 972 incederet.
520 928 731 972 Videlicet
760 936 898 971 autem
931 928 1156 971 Sisennam
1187 936 1227 970 et
1256 929 1438 970 Barrum
1467 929 1696 971 maledicos
1724 929 1853 971 fuisse
1883 929 1998 971 dicit.

348 1004 413 1044 10.
446 1004 510 1044 11.
542 1003 616 1045 hoc
647 1004 788 1045 etenim
817 1011 913 1044 suut
943 1018 1075 1045 omues
1104 1004 1191 1044 iure
1221 1004 1384 1051 molesti,
1421 1004 1510 1054 Quo
1540 1004 1665 1058 fortes
1685 1019 1721 1057 y.
1744 1003 1838 1045 adu.
1896 1002 2061 1045 Eadem

232 1077 479 1132 pertinacia,
524 1076 674 1131 inquit,
718 1076 818 1117 mali
863 1076 1053 1118 homines
1096 1076 1205 1117 inter
1249 1091 1292 1118 se
1337 1076 1603 1126 contendunt,
1654 1090 1737 1131 qua
1780 1075 1939 1118 bellant
1980 1076 2063 1119 uiri
2123 1066 2126 1092 ἕ

232 1152 373 1194 fortes.
2131 1203 2133 1210 .

346 1225 411 1266 15.
443 1224 522 1266 duo
552 1225 589 1265 εἰ
617 1224 816 1266 discordia
845 1232 978 1266 uerset
1007 1225 1165 1266 inertes.
1237 1222 1289 1264 Id
1319 1230 1402 1265 est:
1450 1221 1499 1265 Si
1530 1223 1742 1266 discordia
1771 1223 1816 1264 in
1846 1237 1890 1266 se
1919 1223 2064 1266 incitet
2122 1223 2135 1259 ³:

166 1303 206 1334 15
232 1298 415 1353 inpares,
446 1304 492 1339 ut
520 1296 762 1340 Diomeden
792 1303 833 1339 et
854 1295 1079 1348 Glaucum,
1116 1297 1198 1339 cito
1230 1297 1441 1340 contentio
1470 1297 1639 1339 finietur
1669 1298 1842 1340 cedente
1863 1297 2062 1341 inferiore

232 1378 272 1414 et
302 1371 410 1413 ultro
441 1371 567 1412 dante
598 1371 843 1412 aduersario
874 1385 1060 1412 munera.
2130 1422 2132 1427 .

346 1445 411 1486 16.
444 1446 508 1486 17.
540 1453 586 1486 ut
615 1445 803 1486 Diomedi
830 1459 921 1486 cum
955 1445 1073 1501 Lycio
1108 1445 1276 1487 Glauco.
1355 1445 1499 1501 Lycius
1537 1444 1706 1486 natione
1749 1444 1828 1486 fuit
1859 1442 2061 1496 Glaucus,

231 1517 303 1573 qui
334 1518 458 1560 cessit
477 1516 680 1560 Diomedi
710 1532 828 1559 arma
858 1532 933 1559 sua
963 1532 1103 1568 aurea,
1135 1518 1320 1574 acceptis
1341 1533 1365 1559 a
1386 1517 1597 1560 Diomede
1628 1517 1775 1569 aereis,
1807 1518 1920 1574 quod
1949 1518 2062 1574 apud

229 1590 467 1634 Homerum
497 1592 541 1633 in
571 1591 674 1633 Zeta
702 1590 862 1633 Iliados
892 1591 1060 1647 legitur.
2126 1643 2127 1646 Ἴ

163 1670 205 1703 20
345 1666 409 1707 19.
441 1666 584 1722 Rupili
610 1674 645 1707 et
660 1667 782 1707 Persi
801 1680 882 1722 par
896 1673 1067 1722 pugnat.
1124 1663 1373 1707 Ioculariter
1403 1665 1712 1708 contentionem
1742 1666 1892 1708 horum
1921 1666 2060 1718 refert,
2124 1688 2126 1694 ·

231 1739 351 1794 quasi
382 1739 678 1795 gladiatoriam
708 1754 910 1795 pugnam.

343 1813 409 1855 20.
441 1816 502 1855 ule‘
528 1827 608 1855 ηοη
636 1813 889 1869 Conpositum
919 1813 1062 1854 melius
1085 1827 1175 1855 cum
1198 1813 1315 1854 Bitho
1339 1813 1553 1855 Bacchius.
1618 1813 1761 1856 Bc'tltus
1791 1820 1831 1855 et
1861 1813 2061 1857 Bacchius

230 1886 486 1942 gladiatores
517 1887 665 1942 optimi
696 1886 779 1928 illis
810 1886 1070 1942 temporibus
1101 1886 1281 1936 fuerunt,
1329 1886 1400 1941 qui
1431 1902 1527 1929 cum
1556 1887 1709 1929 multos
1739 1887 2059 1939 interemissent,

231 1960 442 2002 commissi
472 1960 581 2001 inter
611 1974 654 2002 se
685 1960 839 2001 mutuis
869 1959 1114 2001 uulneribus
1146 1959 1431 2001 conciderunt.
1491 1960 1549 2001 Et
1579 1975 1674 2002 cum
1705 1961 1853 2003 eodem
1873 1967 2059 2017 tempore

162 2038 203 2070 25
228 2034 392 2084 mulier,
439 2049 545 2089 quae
576 2040 736 2090 septem
767 2034 983 2084 extulerat,
1028 2032 1205 2075 nuberet
1235 2034 1287 2084 ei,
1333 2034 1403 2088 qui
1448 2048 1600 2076 uxores
1644 2040 1805 2090 septem
1848 2035 2058 2086 amiserat,

229 2108 492 2163 conpositum
523 2114 584 2149 est
614 2107 878 2163 epigramma
907 2107 989 2148 tale
1022 2107 1150 2162 (—?).

343 2246 375 2285 1)
401 2246 480 2276 adeo
503 2250 534 2276 ut
558 2246 593 2276 R.
642 2246 677 2285 2)
705 2246 845 2276 rutilium
869 2245 912 2275 M.
939 2245 1029 2276 Adeo
1055 2245 1178 2284 diuulg.
1204 2249 1246 2275 est
1271 2246 1300 2275 2.
1316 2263 1358 2266 —
1374 2247 1547 2286 stontrynis
1572 2246 1616 2277 M.
1641 2246 1673 2277 iu
1696 2247 1780 2278 med.
1807 2246 1873 2278 M2.
1899 2247 1969 2278 rell.
1996 2256 2056 2278 om.

226 2303 268 2333 in.
318 2304 352 2343 3)
379 2305 495 2335 occiosi
521 2304 626 2334 solent
652 2304 823 2334 consedere
848 2314 878 2334 v.
908 2321 940 2325 ψ
971 2303 1173 2334 considerare
1197 2302 1270 2332 MR.
1296 2302 1467 2342 frequentas
1491 2303 1534 2334 M.
1571 2313 1629 2342 per
1653 2304 1759 2343 lippos
1785 2305 1871 2334 enim
1896 2304 2058 2343 significat
2105 2322 2109 2348 3

226 2361 378 2390 tabernas
402 2362 606 2392 medicorum.
632 2371 688 2399 per
712 2364 860 2392 tonsores
884 2362 1056 2392 tonstrina.
1083 2360 1150 2390 fere
1174 2360 1250 2390 enim
1277 2361 1310 2390 in
1335 2361 1368 2390 h.
1393 2370 1419 2390 0.
1457 2360 1567 2391 otiosis
1604 2361 1713 2392 solent
1746 2361 1885 2391 residere
1910 2379 1953 2382 —
1977 2361 2058 2392 eele-

226 2419 320 2448 brare
344 2419 406 2462 Βφ.
471 2419 505 2459 5)
531 2419 600 2449 Hoc
626 2419 726 2449 schol.
753 2420 853 2449 tacite
878 2429 938 2448 om.
965 2418 1002 2453 Q.
1069 2418 1102 2457 7)
1128 2418 1277 2448 sisennas
1302 2426 1395 2447 uaros
1419 2417 1453 2446 M
1487 2418 1521 2447 in
1558 2418 1644 2455 lem„
1681 2427 1816 2448 narrum
1852 2419 1886 2448 in
1923 2418 2056 2449 scholio.
2119 2443 2122 2446 .

226 2484 340 2505 uari-os
366 2476 399 2504 in
424 2476 511 2513 lem,
536 2485 650 2505 uarum
676 2476 710 2505 in
735 2475 834 2505 schol.
859 2486 890 2505 v.
916 2475 1019 2505 Varos
1044 2475 1079 2505 in
1103 2475 1188 2513 lein„
1213 2474 1335 2504 Varum
1361 2474 1394 2504 in
1420 2474 1520 2504 schol.
1546 2483 1574 2503 a.
1623 2474 1658 2513 8)
1684 2474 1799 2513 inquid
1820 2474 1864 2504 M.
1883 2491 1925 2495 —
1942 2483 2057 2504 uarum

225 2531 339 2568 R2,va.
366 2532 460 2570 longo
484 2531 531 2562 fh.
557 2532 650 2562 falso.
677 2532 844 2561 dicebatur
868 2536 975 2562 autem
999 2532 1083 2572 Zonye
1108 2533 1206 2569 abire,
1233 2532 1368 2568 anteire,
1395 2532 1593 2569 antecedere,
1619 2532 1778 2570 progredi.
1844 2532 1878 2571 9)
1904 2532 1990 2570 ipsae
2012 2531 2056 2561 M.

226 2589 291 2626 ipse
315 2589 351 2619 R.
376 2589 447 2619 rell.
474 2590 551 2627 ipso.
568 2590 671 2619 —ita
696 2599 757 2620 om.
783 2588 829 2619 fh.
882 2590 937 2628 10)
963 2599 1097 2619 uari-um
1121 2589 1198 2626 M‚a.
1225 2598 1338 2619 uarum
1362 2588 1433 2627 R‚v.
1460 2589 1530 2618 rell.
1566 2589 1704 2618 barrum.
1743 2587 1814 2618 dicit
1849 2597 1932 2618 omn.
1970 2588 2055 2618 libri.

227 2645 318 2681 Quod
343 2655 398 2676 cur
423 2646 450 2682 Q
474 2647 565 2676 uncis
590 2646 770 2682 incluserit,
801 2655 863 2676 non
889 2646 987 2676 dixit.
1038 2647 1094 2686 12)
1121 2647 1300 2684 pertinacia
1323 2655 1359 2675 ea
1384 2646 1448 2683 inq.
1474 2644 1561 2674 vafh.
1587 2645 1656 2674 rell.
1681 2644 1784 2674 eadem
1807 2645 1964 2683 pertinac.
1988 2646 2054 2684 inq.
2101 2675 2103 2691 A,

225 2720 266 2723 ——
285 2703 484 2741 pertinaticia
510 2702 623 2742 inquid
638 2703 682 2732 M.
735 2703 790 2742 14)
817 2703 850 2732 in
868 2712 901 2732 se
917 2702 1085 2741 M(Q)AR.
1111 2704 1180 2733 rell.
1206 2713 1266 2733 om.
1293 2703 1458 2733 diomeden
1474 2701 1518 2731 M.
1538 2702 1607 2731 rell.
1626 2701 1809 2731 diomedem.
1860 2702 1916 2741 16)
1942 2702 2055 2732 aduer·
2099 2696 2103 2734 i

225 2759 270 2788 sio
294 2759 337 2788 M.
401 2760 456 2799 18)
483 2759 578 2789 armis
614 2759 678 2789 suis
702 2758 804 2789 aureis
828 2759 898 2789 MP..
924 2760 1067 2798 acceptis
1093 2769 1189 2789 aurea
1212 2770 1243 2789 v.
1296 2757 1351 2799 19)
1375 2764 1447 2790 ceta
1470 2758 1588 2788 eliados
1613 2758 1656 2787 M.
1685 2761 1756 2787 zeta
1779 2757 1892 2788 illudos
1917 2768 1947 2787 v.
1997 2757 2053 2798 20)
2097 2748 2102 2852 Ι

225 2816 332 2854 pcrsilz'
347 2826 403 2854 par
420 2826 524 2855 pugna
542 2817 586 2846 M.
602 2834 643 2837 *—
658 2817 895 2847 contentionum
918 2816 961 2845 M.
988 2817 1099 2846 horum
1123 2816 1152 2846 si
1173 2816 1231 2846 ref.
1249 2816 1292 2847 M.
1343 2817 1400 2856 22)
1428 2817 1538 2846 baccus
1557 2814 1638 2854 (bis)
1656 2814 1700 2845 M.
1725 2815 1847 2854 bythus
1873 2818 1905 2845 et
1929 2814 2054 2845 bacchus

224 2882 245 2902 v
271 2873 364 2912 (bis).
414 2874 470 2912 24)
497 2873 654 2903 commissi
677 2873 801 2911 M‚vafh
827 2872 983 2911 (commisi
994 2873 1047 2912 R).
1074 2877 1170 2903 recte.
1195 2873 1278 2903 conf.
1296 2872 1384 2903 Suet.
1405 2872 1473 2903 Cal.
1494 2873 1546 2903 56.
1573 2870 1600 2907 Q
1616 2874 1736 2901 temere
1761 2874 1792 2900 et
1814 2872 1913 2901 tacite
1938 2871 2052 2901 inculc.
2096 2856 2101 2891 l

225 2929 404 2959 commissis.
441 2930 548 2959 uulnus
583 2930 772 2960 committitur
807 2930 902 2968 plane
927 2930 1070 2960 alienum
1095 2939 1223 2960 sensum
1248 2931 1356 2960 habet.
1382 2929 1466 2960 conf.
1493 2928 1578 2959 Cels.
1602 2928 1689 2967 VIII,
1719 2930 1746 2958 1.
1772 2945 1813 2948 ——
1838 2928 1911 2971 Βφε
1947 2927 2053 2958 Bithias
2095 2905 2100 2978 Ι

225 2988 256 3014 et
281 2986 381 3015 battus
406 2987 604 3025 gladiatores
642 2988 754 3025 optimi
790 2988 901 3016 multis
927 2988 1115 3017 uulneribus
1139 2996 1169 3016 se
1193 2987 1410 3016 conciderunt.
1474 2987 1532 3025 25)
1557 2986 1672 3016 nubere
1695 2985 1740 3015 M.
1766 2985 1820 3023 qui
1844 2988 1972 3023 quatuor
1993 2993 2050 3013 ux.
2093 2979 2099 3076 l

226 3042 378 3072 amiserat
402 3042 437 3071 R.
465 3044 533 3072 rell.
558 3043 617 3072 VII
644 3044 707 3083 (M)
735 3044 803 3073 siuc
829 3048 961 3082 septem.
1028 3044 1084 3083 28)
1110 3044 1317 3082 compositum
1354 3043 1386 3072 M
1423 3043 1469 3081 (h.
1507 3043 1527 3071 l.
1565 3051 1653 3080 conp.
1680 3042 1712 3071 in
1738 3041 1828 3079 lem.)
1864 3037 2050 3079 RA2G(Q).

226 3103 416 3137 compertum
444 3097 587 3141 vafh.,—-
604 3101 668 3130 tale
693 3111 754 3132 om.
780 3100 826 3130 fh.
851 3101 887 3130 In
912 3100 974 3130 MR
998 3101 1086 3130 nulla
1111 3100 1223 3130 lacuna
1247 3101 1371 3136 relicta,
1399 3108 1478 3138 quae
1503 3098 1699 3137 conspicitur
1723 3098 1757 3127 in
1782 3095 1941 3137 G(Q)‚va.
1965 3095 2051 3127 Illud
2093 3083 2096 3155 1

227 3156 426 3195 epigramma
451 3156 600 3195 ignotum
626 3161 683 3187 est.
2092 3157 2096 3200 ξ
