2148 3412
803 108 851 140 IN
870 108 1015 141 EP1s'r.
1042 110 1067 147 1,
1098 113 1146 142 18.
1799 102 1881 142 477

63 231 241 279 fuerunt,
279 229 413 271 donec
444 229 642 272 conticuit
672 231 764 287 lyra
793 230 1062 288 Amphionis.
1123 232 1171 275 Si
1202 234 1310 276 inter
1340 234 1530 286 rusticos,
1562 235 1710 291 inquit,
1749 235 1883 279 soluta

64 308 123 344 est
154 301 305 357 gratia,
337 308 492 356 quanto
521 303 659 360 magis
689 304 872 346 soluetur
902 305 1010 348 inter
1040 321 1083 349 se
1114 308 1193 363 (te)
1225 315 1262 349 et
1293 308 1492 351 maiorem
1523 309 1716 351 amicum.

173 376 239 416 46.
270 376 419 417 Aetolis
450 390 511 417 on.
537 377 594 432 pl.
626 378 718 419 ium.
751 392 956 435 canesque.
1034 379 1265 437 Meleager,
1298 381 1434 424 Oenei
1463 382 1572 425 filius
1602 383 1655 425 ab
1685 383 1882 433 Althaea,

62 449 105 491 in
135 448 304 490 Aetolia
334 448 518 490 uenandi
549 450 758 492 studiosus
802 451 892 501 fuit,
938 451 1010 494 ubi
1057 461 1097 495 et
1127 468 1229 509 aper
1261 453 1541 510 Calydoniusg
1592 470 1694 512 ergo
1740 458 1883 499 Aetolis

62 521 215 577 amplis
246 521 468 577 significat.

172 595 238 635 47.
268 595 509 637 inhumanae
540 598 694 639 sennan
727 598 836 654 depo.
873 598 978 640 Cam.
1038 597 1159 651 Quae
1191 614 1274 643 non
1305 610 1460 656 pascet,
1493 617 1657 645 auarae.
1717 606 1882 654 senium,

64 668 107 711 id
138 674 211 718 est,
243 667 385 709 otium.

171 742 237 783 48.
275 741 422 783 Caenes
452 750 498 783 ut
524 743 689 797 pariter.
752 742 879 796 Quod
910 744 981 786 ille
1012 745 1205 788 uenando
1236 747 1404 803 ceperit.

174 815 238 856 50.
270 815 467 857 membris.
498 814 727 858 Exercitio.

173 889 237 930 52.
272 887 443 944 [uc’rz'lz'a.
516 888 687 931 Laudat
716 891 897 933 amicum
929 907 1049 934 suum
1081 893 1245 936 dicens:
1292 894 1386 938 Non
1418 903 1491 947 est,
1538 895 1608 951 qui
1655 896 1884 951 speciosius

61 967 209 1003 tractet
239 976 357 1003 arma
386 961 561 1019 uirilia.]
623 966 848 1020 speciosius.
910 964 1050 1018 Quam
1081 973 1139 1017 tu,
1170 967 1297 1010 Lolli.

175 1036 241 1077 54.
273 1037 483 1078 sustineas.
519 1035 744 1080 Exerceas.

172 1109 238 1151 55.
271 1110 336 1151 56.
368 1110 467 1152 bella
491 1110 618 1152 tulisti
637 1111 720 1153 Sub
742 1112 855 1155 duce.
919 1110 1008 1154 Sub
1029 1111 1228 1169 Augusto
1250 1114 1422 1165 scilicet,
1454 1115 1505 1156 de
1536 1130 1618 1170 quo
1638 1115 1736 1172 Ipse
1759 1115 1885 1170 (Hor.

65 1180 114 1224 C.
136 1181 216 1232 ΠΙ,
240 1184 278 1233 8,
302 1184 368 1224 21.
392 1184 486 1239 22);
520 1183 657 1226 Seruz't
687 1185 895 1242 Hispanae
925 1195 1041 1228 uetus
1072 1187 1193 1229 hostis
1224 1202 1319 1230 orae
1355 1188 1561 1241 Cantaber,
1592 1204 1683 1231 sera
1715 1190 1886 1231 domitus

62 1263 212 1298 catena.

172 1331 237 1372 56.
269 1330 517 1373 Parthorum
547 1333 677 1387 sz'qna.
737 1331 930 1375 Romana
961 1333 1096 1390 signa,
1131 1349 1238 1390 quae
1271 1333 1451 1378 Crassus
1481 1335 1690 1386 amiserat,
1730 1335 1886 1378 Persae

63 1402 248 1461 [Parthi]
281 1403 335 1444 ad
364 1403 608 1460 Augustum
639 1419 716 1460 per
745 1405 965 1448 Tiberium
997 1407 1247 1450 remiserunt
1277 1408 1362 1449 iam
1391 1408 1505 1451 uicti.

173 1478 238 1520 56.
270 1478 408 1533 refiqz't.
467 1476 668 1529 Abstulit,
700 1486 745 1521 ut
776 1480 915 1535 (Very.
947 1479 1001 1521 A.
1033 1479 1088 1531 V,
1122 1483 1245 1538 360):
1280 1483 1436 1524 Danais
1468 1483 1514 1525 de
1539 1492 1651 1540 posse
1683 1484 1866 1540 refixum.

173 1552 237 1593 57.
268 1552 402 1602 Nune,
425 1560 460 1594 el
480 1553 628 1609 siquid
650 1553 769 1604 abest,
804 1554 894 1595 Ital.
915 1555 1021 1597 adiu.
1045 1569 1145 1596 arm.
1206 1554 1264 1596 Et
1293 1571 1418 1607 nunc,
1450 1557 1548 1599 dum
1579 1556 1708 1608 abest,
1740 1557 1887 1599 Italiae

61 1625 247 1668 consulit.
307 1626 526 1668 abz'udieat.
558 1625 783 1682 Adiungit.

173 1700 237 1741 58.
271 1701 341 1747 Ac,
373 1714 420 1741 ne
441 1707 475 1741 te
496 1700 688 1742 retrahas.
751 1699 821 1757 [Id
852 1708 933 1742 est:
967 1701 1001 1743 si
1031 1701 1096 1743 uis
1127 1702 1180 1744 ab
1212 1703 1346 1745 amico
1377 1710 1445 1745 tuo
1477 1704 1646 1746 domum
1677 1704 1887 1755 recedere,

61 1779 176 1829 petes
206 1772 391 1828 aliquam
423 1773 733 1815 excusationem
765 1774 854 1816 sine
885 1774 1083 1830 dampno,
1115 1782 1186 1817 aut
1215 1775 1296 1827 dic,
1328 1784 1368 1818 te
1399 1777 1568 1819 domum
1598 1778 1658 1820 ire
1679 1785 1886 1829 uocatum,

60 1845 127 1888 uel
147 1845 308 1902 aliquid
329 1846 444 1888 aliud
464 1847 637 1903 facere]
698 1846 770 1889 Ab
802 1847 938 1889 amico
969 1848 1057 1890 sine
1087 1849 1214 1890 uenia
1244 1858 1474 1905 separatus.
1535 1850 1886 1907 Προῦεράπευσις.

173 1918 239 1962 59.
269 1935 492 1963 numerum.
527 1919 785 1976 Sapientiae,
845 1922 1094 1979 modumque.
1125 1921 1384 1965 Mensuram.

197 2149 232 2189 3)
259 2150 439 2189 meleagero
467 2151 538 2181 enei
564 2151 608 2181 fil.
634 2151 674 2181 ab
699 2150 787 2180 etole‘a
812 2168 854 2171 >—-
880 2150 1056 2182 calidonius
1083 2160 1180 2191 erygo
1207 2138 1244 2190 (ἓ
1272 2152 1307 2191 b)
1338 2149 1430 2182 &olis
1455 2162 1538 2191 amp.
1566 2154 1647 2192 sign.
1674 2154 1721 2194 γΙ).
1759 2154 1891 2193 nieleyea

64 2205 134 2235 enei
152 2206 181 2235 b.
208 2206 247 2236 ab
274 2207 357 2237 eolia
382 2208 412 2236 b.
439 2208 524 2238 calid
544 2200 575 2247 ἓ.
603 2205 631 2238 Sc
657 2208 700 2238 oli
725 2208 866 2247 samphis
892 2207 954 2245 (sic
978 2218 1033 2246 pro
1058 2208 1174 2238 aetolis
1198 2209 1327 2248 amplis)
1347 2210 1431 2248 sign.
1457 2211 1488 2240 b.
1516 2210 1608 2248 posui
1626 2209 1762 2240 Althaea.
1791 2209 1890 2240 Ouid.

63 2261 105 2292 M.
130 2261 218 2300 VIII,
244 2264 320 2293 446.
346 2263 474 2303 Hygin.
504 2265 578 2294 171.
606 2264 757 2303 Apollod.
782 2264 808 2294 Ι.
838 2266 867 2302 77
897 2266 946 2294 10.
973 2265 1003 2302 8,
1025 2266 1052 2294 1.
1074 2266 1103 2295 3.
1130 2264 1224 2295 Hom.
1250 2265 1286 2295 Il.
1311 2266 1366 2303 IV⁷
1386 2266 1460 2296 552.
1486 2276 1561 2305 aper
1587 2266 1701 2306 Calyd.
1727 2265 1790 2304 (sus
1806 2265 1890 2295 Mar-

64 2319 131 2348 tial.
156 2318 212 2357 XI,
242 2321 292 2357 19,
321 2320 391 2359 18).
418 2320 501 2351 conf.
522 2320 566 2351 C:
595 2339 633 2342 —
662 2323 750 2360 ‘ergo
776 2321 913 2358 Aetolis,
941 2321 973 2350 id
1000 2324 1057 2357 est,
1083 2321 1208 2359 amplis,
1234 2326 1260 2351 et
1282 2322 1415 2352 ualidis.’
1443 2321 1576 2353 Glossae
1600 2321 1632 2352 in
1648 2323 1686 2352 b:
1712 2322 1815 2352 ethoh's
1840 2332 1889 2353 on.

59 2374 170 2415 plaqiS.
203 2376 357 2407 Etholica
384 2377 498 2407 ciuitas
523 2377 713 2407 habundans
738 2378 957 2408 uenatoribus.
979 2377 1089 2417 plaffl's.
1115 2378 1248 2408 retibus.
1285 2378 1352 2422 Βφε
1378 2379 1523 2412 aetholz‘z's.
1552 2381 1666 2419 grecis.
1704 2378 1744 2408 C:
1770 2378 1888 2409 Aetolis.

66 2429 207 2462 Graecis.
234 2433 303 2476 Βφε
330 2433 482 2463 Aetholiz's.
509 2433 648 2464 Aethola
666 2435 727 2464 eiu.
750 2434 871 2474 yrecz'ae
887 2435 961 2464 hab.
981 2435 1197 2465 aenatoribus.
1248 2433 1283 2475 6)
1310 2435 1398 2471 Quae
1422 2446 1484 2467 non
1510 2441 1620 2475 pascet
1644 2446 1749 2466 amare
1766 2435 1843 2475 (sic)
1870 2436 1890 2467 i.

65 2489 165 2519 otium
188 2500 215 2532 γ.
265 2490 354 2527 Quae
379 2501 441 2521 non
465 2495 577 2530 pascet
604 2495 713 2533 (pasce
738 2496 769 2521 te
794 2490 829 2531 v)
854 2496 898 2529 te,
936 2501 1000 2522 non
1025 2491 1130 2521 ferens
1155 2492 1277 2523 uictum
1302 2492 1461 2523 Camoena
1496 2492 1661 2531 (camoena
1684 2494 1759 2533 voa)
1784 2492 1890 2523 vcafh.

68 2544 194 2577 Camena
218 2549 309 2578 uncis
335 2549 410 2579 incl.
439 2548 477 2584 Q.
515 2549 555 2579 cf.
573 2548 616 2578 C:
646 2551 737 2588 ‘quae
763 2558 824 2578 non
852 2552 960 2587 pascet
985 2553 1025 2586 te,
1062 2558 1138 2588 quae
1160 2549 1271 2580 uictum
1294 2560 1352 2580 non
1375 2549 1514 2590 adferet)
1544 2550 1612 2593 Βφε
1640 2559 1753 2580 auarae
1780 2550 1892 2588 (auare

66 2603 103 2645 φ)
129 2605 175 2633 nil
200 2604 397 2635 conferentis
424 2606 464 2635 ad
488 2607 621 2636 uictum.
649 2607 832 2644 interposui
857 2605 981 2635 senium.
1009 2604 1050 2635 C:
1088 2606 1209 2636 senium.
1236 2607 1436 2637 otiositatem
1461 2612 1491 2637 et
1518 2608 1670 2637 studium.
1737 2607 1770 2645 8)
1798 2605 1891 2640 Quod

66 2662 239 2699 ——ceperit
264 2671 290 2704 γ.
317 2663 387 2692 rell.
415 2672 475 2692 om.
526 2663 560 2701 9)
588 2663 756 2693 Exercitio
782 2672 807 2705 γ.
835 2663 904 2692 ΓΘΗ.
933 2673 994 2693 om.
1048 2664 1102 2703 10)
1129 2663 1432 2693 Laudat—uirilia
1456 2674 1514 2693 om.
1540 2665 1589 2706 γὶ).
1615 2664 1697 2694 conf.
1727 2662 1768 2692 C:
1796 2663 1892 2692 lauda

66 2719 202 2748 amicum
228 2723 318 2749 tuum
344 2724 375 2750 et
400 2720 451 2750 dic
476 2721 560 2759 quod
585 2730 648 2750 non
674 2724 723 2750 est
747 2720 812 2759 quis
829 2721 1011 2758 preciosius
1036 2723 1153 2750 tractet
1179 2730 1267 2750 arma
1291 2721 1369 2751 uilia
1395 2721 1469 2760 (sic.
1489 2721 1520 2750 in
1537 2720 1563 2749 B
1585 2721 1660 2749 2111.
1687 2719 1784 2758 corr.)
1836 2719 1891 2758 11)

68 2774 169 2811 Quam
194 2779 231 2805 tu
255 2776 325 2806 lolli
350 2776 418 2818 «μῦ.
445 2777 515 2807 rell.
543 2787 603 2807 om.
656 2777 711 2816 12)
737 2777 902 2807 Exereens
928 2786 954 2819 γ.
981 2778 1050 2807 rell.
1077 2787 1136 2808 om.
1189 2778 1243 2817 13)
1270 2777 1389 2808 Sub—
1406 2777 1569 2808 Cantaber
1600 2786 1624 2806 s.
1651 2777 1682 2806 d.
1717 2786 1742 2806 c.
1767 2786 1793 2817 γ.
1820 2776 1890 2805 rell.

67 2839 128 2862 om.
155 2833 236 2862 conf.
265 2832 307 2862 C:
344 2831 484 2863 Cantabr.
511 2833 586 2863 bella
612 2833 661 2863 tul.
700 2833 761 2863 Sub
786 2834 868 2863 (luce.
893 2834 1038 2873 Augusto
1067 2833 1204 2873 Caesare,
1241 2835 1280 2864 de
1305 2845 1366 2873 quo
1390 2834 1420 2864 in
1444 2834 1518 2864 odis.
1545 2832 1651 2863 Seruit
1676 2850 1715 2854 ψ
1744 2842 1768 2862 s.
1795 2832 1825 2862 d.
1852 2833 1891 2862 cl

70 2885 125 2925 16)
149 2887 293 2919 Romana
319 2907 358 2910 ἡ
386 2891 464 2919 uicti
489 2889 579 2931 *fb‚C.
606 2908 647 2912 —-
674 2891 786 2920 Persae
810 2891 848 2933 *sb
870 2891 1006 2931 (perse),
1034 2890 1141 2929 C,vca.
1167 2892 1236 2922 rell.
1262 2891 1377 2922 Parthi.
1431 2891 1485 2929 17)
1511 2891 1705 2920 remiserunt
1731 2890 1793 2919 iam
1816 2890 1894 2919 uicti

67 2943 156 2985 vac·
181 2946 339 2976 miserunt
365 2947 428 2976 iam
452 2947 528 2976 uicti
553 2947 656 2986 (uicta
681 2946 718 2987 h)
743 2947 863 2983 vath.
891 2948 966 2987 Tyb.
993 2949 1100 2979 vcafh.
1168 2950 1223 2989 18)
1249 2948 1371 2979 Astulit
1399 2947 1529 2986 (astulit
1553 2947 1589 2986 b)
1614 2964 1655 2967 —
1680 2947 1817 2976 refixum
1842 2948 1891 2987 γ1).

67 3001 135 3031 rell.
161 3012 220 3032 om.
278 3002 333 3041 19)
361 3003 405 3034 Et
430 3013 513 3033 nunc
538 3021 579 3025 —-
607 3004 747 3034 consulit
773 3014 799 3046 γ.
826 3005 895 3035 rell.
923 3015 984 3035 om.
1048 3004 1106 3045 20)
1132 3005 1295 3043 Adiungit
1319 3003 1383 3047 «μθ.
1410 3005 1478 3034 rell.
1505 3013 1565 3034 om.
1630 3002 1687 3042 21)
1713 3003 1750 3033 Id.
1775 3006 1823 3033 est
1850 3021 1892 3024 —-

68 3056 171 3088 facere
196 3068 255 3088 om.
274 3061 322 3101 «(1).
373 3061 430 3099 23)
456 3061 504 3090 Ab
530 3071 590 3090 am.
619 3071 642 3090 s.
669 3071 700 3090 u.
727 3071 793 3099 sep.
821 3063 934 3103 ⁴s.1·ell.
963 3072 1021 3092 om.
1048 3057 1348 3105 [lpo—cePaHeYCIC
1374 3063 1422 3103 Tb.
1452 3060 1535 3091 conf.
1563 3060 1602 3090 C:
1632 3056 1893 3103 ‘npossepa'mocm

70 3117 292 3156 subsequentis
316 3118 383 3148 ludi
411 3119 444 3148 in
469 3119 547 3149 uilla
571 3120 726 3158 paterna)
776 3119 833 3158 24)
861 3119 1047 3159 Sapientiae
1071 3131 1096 3162 γ.
1124 3120 1193 3150 rell.
1221 3129 1280 3150 om.
1307 3118 1490 3148 Mensuram
1516 3127 1542 3160 γ.
1568 3117 1638 3147 rell.
1664 3126 1725 3147 om.

1914 907 1952 937 10

1911 1273 1951 1304 15
