2148 3412
281 672 988 742 GGMMENTARII
1035 674 1140 742 IN
1188 674 1734 745 EPISTVLAS.

889 856 1055 866 ..n-Njssfs
1059 858 1074 866 ,ν
1078 858 1093 866 «-

603 983 695 1045 DE
731 984 1121 1047 VETERIBVS
1160 986 1398 1060 LIBRIS,

92 1096 206 1148 QVI
230 1095 510 1143 AcRoms
537 1096 1052 1144 COMMENTARIOS
1077 1099 1153 1144 IN
1177 1099 1536 1146 EPISTVLAS
1562 1101 1917 1146 ΕΧΗΙΒΕΝΤ.

203 1294 349 1338 Codex
381 1295 600 1338 Parisinus
632 1312 666 1350 γ,
700 1297 818 1338 euius
848 1311 927 1352 ope
951 1309 1203 1339 SERMONVM
1236 1299 1394 1341 scholia
1418 1312 1685 1341 ACRONIANA
1707 1308 1744 1342 et
1777 1315 1918 1342 emen-

89 1370 249 1411 datiora
294 1377 333 1410 et
378 1370 507 1411 multo
552 1371 739 1412 aiictiora
785 1370 1044 1425 prodierunt,
1091 1372 1216 1413 etiam
1248 1372 1291 1413 in
1322 1385 1557 1414 EVPIs'rvhls
1591 1373 1719 1429 Lydii
1765 1374 1919 1429 lapidis

88 1443 218 1485 instar
248 1443 446 1499 expediit.
522 1444 765 1497 Dolendum
798 1453 935 1485 autem
968 1451 1041 1495 est,
1087 1445 1199 1487 hunc
1229 1453 1437 1487 uetustum
1469 1447 1625 1488 librum
1664 1448 1790 1488 tantis
1833 1448 1919 1489 uir—

88 1517 242 1559 tutibus
273 1518 545 1572 conspieuum
576 1518 734 1573 pariter
765 1526 890 1573 atque
921 1518 1054 1573 ipsius
1079 1518 1249 1560 Horatii
1281 1520 1468 1561 codicem
1501 1521 1648 1563 eadem
1679 1521 1800 1561 litera
1831 1521 1918 1576 sig-

88 1599 228 1633 natum
261 1591 452 1632 mutilum
485 1606 574 1633 esse
615 1592 659 1632 in
700 1592 882 1641 scholiis,
931 1608 1037 1647 quac
1069 1593 1167 1633 inde
1199 1608 1221 1634 a
1253 1593 1303 1634 E.
1336 1594 1394 1645 ΙΙ,
1430 1597 1466 1644 1,
1499 1596 1578 1635 247
1613 1595 1917 1645 desiderantur,

89 1665 208 1707 sicuti
239 1665 431 1720 superius
462 1673 554 1720 post
589 1664 637 1706 C.
670 1665 703 1715 Ι,
739 1668 802 1715 18,
839 1668 889 1706 14
927 1668 1058 1716 (amor
1089 1669 1172 1722 sui)
1210 1667 1356 1708 folium
1403 1668 1610 1709 sublatum
1659 1676 1759 1718 crat,
1806 1668 1918 1722 quod

87 1754 217 1794 usque
248 1739 302 1779 ad
333 1739 437 1780 odae
468 1739 692 1780 uicesimae
724 1740 869 1781 tertiae
900 1755 1067 1781 uersum
1100 1741 1290 1795 quintum
1323 1742 1533 1783 tendebat.

201 1811 348 1854 Codex
367 1812 706 1854 Barcellonensis
739 1813 820 1868 (b).
859 1814 930 1868 qui
961 1814 1011 1854 ad
1035 1812 1260 1856 Sermones
1291 1815 1485 1857 omnibus
1507 1819 1592 1856 fere
1615 1815 1784 1857 scholiis
1807 1823 1920 1857 caret

90 1887 260 1941 (etenim
292 1886 389 1927 inde
421 1903 445 1927 a
465 1886 499 1937 Ι,
524 1888 576 1928 10
598 1902 730 1942 usque
752 1888 804 1928 ad
825 1888 950 1928 finem
972 1887 1069 1928 libri
1093 1889 1265 1929 secundi
1287 1889 1508 1930 duodecim
1531 1898 1690 1930 tantum
1714 1890 1920 1946 glossulas

90 1961 265 2016 Singulis
309 1960 450 2002 uerbis
496 1961 718 2015 adspersas
762 1962 1016 2017 numerarii),
1064 1962 1162 2002 dum
1208 1961 1258 2002 E.
1292 1962 1324 2012 Ι,
1359 1964 1565 2004 8—1533et
1602 1965 1650 2004 1ss
1697 1964 1749 2005 iis
1795 1963 1919 2018 plane

91 2034 308 2076 destitutae
346 2042 454 2084 sunt,
501 2035 555 2075 ad
585 2034 636 2074 E.
670 2034 703 2084 I,
740 2037 859 2084 1--7,
896 2037 1060 2076 17--20
1092 2046 1129 2076 et
1162 2036 1215 2076 ad
1246 2036 1303 2085 ΙΙ,
1339 2038 1358 2076 1
1394 2046 1430 2076 et
1465 2040 1486 2077 2
1520 2052 1650 2091 usque
1682 2038 1735 2077 ad
1766 2053 1803 2078 u.
1839 2040 1917 2079 1‘0'2

90 2114 129 2149 et
158 2108 369 2164 longiores
401 2119 438 2149 et
470 2108 686 2150 breuiores
717 2109 836 2150 offert
869 2109 1165 2164 expositiones,
1213 2125 1319 2164 quae
1352 2111 1616 2165 potissimum
1649 2127 1743 2152 cum
1776 2112 1865 2152 cod.
1897 2127 1918 2164 γ

89 2181 243 2223 faciunt
275 2190 397 2237 atque
420 2197 470 2223 ex
492 2182 639 2223 eodem
660 2191 800 2223 uetere
822 2185 933 2224 fonte
956 2183 1159 2224 deductae
1181 2183 1389 2224 uidentur.
1450 2184 1551 2225 Ideo
1584 2185 1740 2239 passim
1772 2193 1916 2226 aucto-

90 2256 251 2297 ritatem
283 2257 404 2298 huius
436 2257 659 2298 alteriusue
690 2257 881 2298 lectionis
920 2256 999 2297 hoe
1043 2257 1281 2299 testimonio
1329 2258 1439 2307 auxi,
1484 2266 1730 2312 perpetuam
1779 2266 1918 2299 tamen

90 2329 398 2372 adnotationem
430 2346 565 2385 neque
595 2331 874 2373 necessariam
908 2346 1043 2385 neque
1076 2331 1143 2372 uel
1173 2331 1316 2371 utilem
1349 2331 1517 2372 ducens.

200 2403 434 2445 Potuissem
468 2420 518 2445 ex
549 2404 741 2459 pluribus
773 2405 1002 2454 codicibus,
1049 2404 1119 2459 qui
1151 2414 1339 2446 recentes
1371 2404 1423 2445 ab
1456 2405 1621 2445 illorum
1654 2412 1787 2445 aetate
1819 2419 1917 2445 cen-

92 2477 207 2518 sendi
252 2486 358 2527 sunt,
404 2478 567 2534 largam
599 2478 789 2519 lectionis
822 2478 1066 2519 uarietatem
1099 2479 1353 2527 adscribere,
1401 2479 1487 2527 sed,
1535 2478 1727 2531 quamuis
1779 2478 1918 2518 animo

92 2565 182 2591 meo
204 2552 506 2606 propemodum
529 2563 634 2593 esset
658 2552 838 2607 aegrius,
877 2552 1121 2607 saepissime
1144 2552 1339 2602 abstinui,
1363 2567 1414 2593 ne
1437 2552 1652 2606 angustias
1674 2551 1771 2591 libri
1794 2566 1918 2605 prae-

93 2623 279 2679 scriptas,
325 2625 631 2679 praestantiora
662 2633 699 2666 et
731 2626 931 2681 grauiora
963 2626 1195 2673 minoribus
1225 2626 1508 2667 leuioribusuc
1540 2636 1808 2680 postponens,
1856 2632 1917 2665 te-

92 2712 203 2738 mere
234 2699 491 2740 excederem.
560 2699 675 2740 Hinc
713 2700 837 2740 etiam
876 2707 1133 2742 uetustorum
1170 2700 1337 2741 illorum
1379 2700 1570 2740 codicum
1611 2698 1915 2739 Parisiensium

93 2769 159 2825 Bo
182 2772 337 2813 scholia
359 2780 397 2813 et
429 2773 471 2813 in
495 2771 663 2814 Acrone
686 2782 723 2813 et
746 2773 786 2813 in
810 2773 1103 2828 Porphyrioue
1126 2774 1415 2815 constituendo
1448 2773 1594 2823 rarius,
1633 2787 1758 2826 quam
1790 2787 1918 2827 supra

92 2844 243 2886 factum
276 2857 346 2896 est7
378 2862 429 2888 ex
451 2861 563 2901 penu
584 2862 675 2887 meo
698 2847 945 2901 depromere
976 2847 1147 2902 placuit,
1185 2848 1430 2902 pracsertim
1463 2861 1556 2887 cum
1590 2854 1739 2886 cuneta
1770 2860 1831 2896 ea,
1865 2862 1917 2887 ne

93 2933 173 2959 uno
204 2920 373 2973 quidem
411 2920 540 2962 uerbo
578 2920 744 2970 omisso,
791 2921 957 2974 quando
997 2936 1072 2976 per
1109 2921 1364 2976 bibliopolae
1403 2919 1578 2960 alieuius
1618 2919 1838 2960 eonsilium
1880 2927 1920 2960 et

94 2991 345 3034 uoluntatem
377 2994 532 3044 licebit,
567 3001 780 3048 tamquam
814 2994 1071 3051 singularem
1102 2995 1256 3035 librum
1289 2994 1477 3035 emittere
1508 2994 1780 3034 decreuerim.

205 3067 582 3109 ‘Cotmnenmmrem'
629 3082 741 3117 uero,
788 3068 860 3121 qui
899 3083 1050 3109 nomen
1090 3070 1167 3109 fert
1202 3067 1469 3119 CRVQVII,
1516 3067 1597 3107 uiri
1642 3067 1693 3107 de
1739 3067 1918 3109 Horatio

96 3137 263 3194 eiusque
286 3141 630 3197 interpretatione
652 3142 908 3196 uetustisque
931 3142 1229 3197 interpretibus
1250 3141 1520 3191 meritissimi,
1555 3141 1672 3183 euius
1694 3141 1917 3182 auctoritas

1608 3284 1690 3296 ..n-
