2148 3412
21 0 27 48 Ι

22 52 26 106 ί

22 110 26 259 Ι
786 138 837 170 IN
862 138 997 172 SERM.
1022 140 1048 179 1,
1076 144 1105 171 5.
1841 134 1892 174 97

0 291 1 302 2
65 267 127 305 est
155 261 200 303 in
227 261 350 303 tertio
379 260 561 304 miliario
595 260 694 319 [est]
727 277 752 304 a
781 261 1048 320 Tarracina[.
1108 262 1231 307 Haec
1261 271 1321 307 est
1360 265 1513 323 (e1·at?)
1558 265 1674 310 Iouis
1704 267 1894 312 Anxuris

2 375 5 378 Α
64 334 202 392 uxor]‚
233 334 350 376 cuius
380 341 421 377 et
458 335 568 391 Verq.
599 335 791 377 meminit
821 336 895 391 (A.
927 336 1027 387 VII,
1061 338 1184 393 800):
1218 340 1345 381 uiridi
1371 340 1552 395 qandens
1582 342 1757 384 Feronia
1788 343 1892 385 luco.

0 441 1 445 ,
64 410 214 452 Anxur
243 414 384 450 autem
413 408 596 465 Iuppiter
626 408 884 451 Tarracinae
915 410 1078 452 colitur.

175 482 240 523 25.
271 482 337 522 26.
368 483 554 538 repimus.
616 481 927 539 [Procedimus,
950 483 1269 527 ambulauimus.
1331 484 1529 529 Ostendit
1549 488 1802 546 ascensum]
1842 488 1894 530 Id

0 568 25 618 Ἰ
63 561 134 606 θεῖ,
173 554 226 596 ad
255 553 409 596 Anxur
438 555 629 596 uenimus
661 555 888 608 ciuitatem,
935 572 1041 612 quae
1071 558 1209 614 posita
1239 565 1300 601 est
1330 574 1456 615 super
1492 568 1632 603 monte
1673 562 1889 604 candente.
1938 573 1956 603 5

0 636 26 713 Ι
63 627 313 671 Declinatur
332 634 479 670 neutro
501 643 676 684 genere:
708 630 781 671 hoe
810 631 972 672 Anxur.
1034 629 1208 674 Glossa:
1240 634 1425 689 repimus.
1485 633 1537 676 Id
1568 641 1650 677 est:
1683 636 1890 692 reptando

22 723 25 763 ξ
61 701 300 746 scandimus
330 702 375 742 in
404 708 602 744 montem.

173 775 426 833 [Impositum
455 777 583 818 saaez's.
641 774 739 819 Non
770 777 870 832 quia
899 776 944 819 in
973 784 1114 821 monte
1144 779 1283 836 posita
1313 786 1373 823 est
1404 780 1651 833 Tarracina,
1685 783 1759 825 sed
1790 784 1891 839 quia

63 863 196 907 prope
224 856 409 892 montem
440 849 534 906 est]

172 922 308 980 [atque
338 924 517 966 subi-mus
546 925 637 981 imp.
669 939 760 967 sax.
819 923 1117 976 Tarracinam3
1163 926 1191 968 i.
1223 941 1257 969 e.
1290 927 1346 970 ad
1375 926 1529 970 Anxur
1558 929 1752 972 uenimus
1782 931 1888 972 ciui-
1916 940 1956 973 10

58 1002 196 1046 tatem,
241 1010 349 1051 quae
394 1003 456 1038 est
483 996 621 1052 posita
655 1012 781 1053 super
817 1006 1001 1041 montem
1046 1000 1307 1043 candentem.
1366 1000 1435 1044 Ac
1465 1002 1701 1045 declinatur
1732 1018 1888 1060 genere

57 1076 216 1121 neutro,
245 1069 325 1112 hoc
355 1068 541 1127 Anxur.]
600 1069 754 1114 Anxur
786 1071 964 1130 [autem]
1008 1073 1180 1126 dictum,
1225 1075 1338 1130 quod
1383 1075 1444 1117 ibi
1487 1076 1662 1120 inberbis
1706 1078 1888 1135 Iuppiter

58 1142 218 1186 colitur.

165 1218 232 1259 28.
263 1218 375 1259 missi
401 1218 557 1272 maqnz's
587 1218 634 1260 de
663 1219 783 1260 rebus
812 1227 992 1276 uterque.
1050 1220 1119 1263 De
1150 1222 1493 1265 reconciliatione
1523 1223 1642 1266 missi
1677 1232 1796 1267 erant
1825 1224 1886 1266 le-

23 1282 27 1366 ,
55 1289 143 1347 gati
171 1290 225 1333 ab
255 1289 452 1348 Augusto
484 1292 538 1333 ad
567 1290 813 1343 Antonium,
858 1293 930 1349 qui
960 1300 1106 1350 postea
1141 1295 1298 1337 bellum
1343 1295 1468 1338 ciuile
1513 1305 1752 1354 gesserunt3
1797 1299 1884 1341 iam
1911 1310 1951 1341 15

23 1373 27 1405 Ι
55 1369 152 1407 tunc
182 1364 294 1406 enim
324 1364 546 1407 dissentire
576 1373 814 1421 coeperant.

23 1408 27 1492 l
165 1440 232 1480 29.
263 1453 430 1482 auersos
473 1440 585 1482 soliti
627 1454 737 1497 eonp.
781 1455 858 1482 am.
919 1443 1106 1485 Auersos.
1143 1441 1461 1486 Discordantes.
1524 1443 1739 1498 Quoniam
1776 1446 1885 1487 inter

23 1504 27 1583 Ι
53 1510 293 1568 Augustum
342 1520 383 1555 θῖ
429 1511 666 1555 Antonium
714 1513 918 1569 reliquiae
967 1515 1105 1557 adhuc
1153 1524 1273 1558 erant
1316 1517 1602 1561 dissensionis.
1679 1517 1886 1563 Cocceius

23 1585 27 1659 Ι
52 1584 195 1628 Nerua
214 1601 398 1642 proauus
417 1585 599 1638 Neruae,
632 1587 704 1643 qui
734 1594 880 1644 postea
909 1588 1122 1645 inperauit
1141 1589 1316 1642 Romae,
1348 1592 1567 1634 mandauit
1596 1591 1806 1649 Augusto,
1839 1600 1884 1636 ut

22 1663 26 1712 ᾖ
53 1659 246 1712 mitteret,
287 1662 359 1717 qui
388 1662 440 1704 de
471 1676 634 1704 summa
662 1677 803 1704 rerum
834 1669 1043 1705 tractaret.
1102 1663 1223 1721 Ergo
1253 1665 1406 1708 missus
1437 1673 1499 1708 est
1528 1666 1758 1710 Maecenas
1789 1683 1883 1710 cum
1910 1679 1951 1711 20

23 1717 27 1790 ί
52 1731 263 1791 Agrippa,
301 1735 373 1791 qui
402 1742 625 1791 utrumque
655 1737 884 1779 exercitum
914 1737 959 1779 in
988 1752 1073 1780 una
1103 1744 1240 1780 castra
1271 1747 1510 1796 coegerunt.
1588 1740 1686 1783 Hoc
1724 1741 1783 1782 ait
1812 1743 1879 1784 Lz'-

23 1796 26 1866 fl
54 1808 182 1850 ninius
213 1808 296 1866 [in]
328 1808 437 1851 libro
470 1807 716 1859 CXXV113
762 1810 1092 1868 intellegendum
1123 1818 1274 1863 autem,
1307 1814 1432 1868 quod,
1464 1813 1642 1857 Fonteio
1672 1815 1799 1857 misso
1830 1816 1883 1857 ab

23 1874 26 1944 ᾖ
52 1878 251 1933 Antonio,
281 1880 501 1938 Augustus
531 1882 820 1926 Maecenatem
854 1893 895 1926 et
924 1891 1111 1928 caeteros
1142 1886 1196 1927 ad
1226 1886 1406 1928 eundem
1436 1887 1576 1929 locum
1606 1888 1778 1930 miserit.

23 1945 27 2015 ζ
163 1956 229 1997 30.
262 1956 430 2014 collyria
460 1957 591 2014 lippus
625 1958 699 2000 Inl.
764 1957 817 1999 Id
861 1964 943 2000 est:
989 1958 1221 2001 inlinebam
1266 1966 1416 2012 cotem,
1461 1967 1506 2003 ut
1550 1968 1696 2017 postea
1740 1962 1883 2005 oculos

23 2022 26 2096 ξ
51 2027 310 2085 inungerem.
1907 2047 1948 2078 25

23 2097 27 2203 l

24 2207 27 2222 Ι

163 2242 196 2282 1)
222 2242 304 2272 Haec
329 2260 371 2264 —
394 2252 473 2273 uxor
497 2243 577 2273 mihi
602 2243 811 2282 interpolatio
836 2252 907 2274 esse
930 2244 1071 2274 uidetur.
1096 2243 1134 2275 C:
1177 2244 1287 2275 fanum
1313 2247 1420 2276 autem
1444 2245 1601 2276 Feroniae
1634 2247 1668 2276 in
1692 2248 1788 2278 tertio
1814 2252 1882 2277 erat

0 2319 3 2326 .
23 2307 28 2335 ι
50 2298 188 2330 miliario
214 2309 233 2329 a
256 2300 440 2330 Tarracina.
465 2301 531 2330 Imo
556 2309 630 2330 uero
647 2300 785 2331 Feronia
800 2301 887 2330 Iouis
904 2300 1051 2331 Anxuris
1068 2311 1150 2331 uxor
1168 2302 1213 2331 ibi
1231 2302 1414 2332 colebatur:
1441 2303 1712 2341 quemadmodum
1736 2304 1882 2342 Iuppiter

23 2337 27 2386 l
50 2354 166 2386 Anxur
182 2356 384 2387 Tarracinae.
401 2357 551 2387 Meminit
575 2358 672 2387 huius
696 2357 852 2387 Feroniae
876 2357 966 2397 Virg.
1015 2358 1051 2398 4)
1076 2357 1183 2388 Schol.
1201 2358 1239 2388 Id
1254 2362 1297 2388 est
1312 2376 1353 2379 —
1371 2359 1481 2389 Anxur
1506 2364 1537 2390 et
1560 2360 1669 2398 glossa
1692 2360 1880 2399 repimus?

50 2416 191 2444 montem
216 2423 257 2444 ex
281 2424 308 2456 γ.
335 2414 402 2444 rell.
429 2424 489 2444 om.
538 2414 573 2453 8)
600 2414 718 2452 Impos.
744 2417 793 2444 est
819 2423 880 2444 om.
906 2424 934 2457 γ.
987 2415 1042 2454 10)
1069 2415 1197 2444 Inclusa
1221 2416 1312 2445 uncis
1339 2419 1388 2445 est
1412 2417 1502 2455 vulg.
1527 2417 1624 2446 lectio
1650 2417 1816 2455 librorum,
1847 2419 1880 2447 in

51 2470 165 2508 quibus
189 2472 299 2501 varius
324 2472 465 2510 partium
491 2471 577 2501 ordo.
602 2470 802 2501 Procedimus
829 2470 935 2509 G‚mv‚
961 2481 1022 2502 om.
1048 2473 1132 2502 amb.
1159 2471 1231 2502 Ost.
1259 2482 1323 2502 asc.
1349 2472 1504 2511 repsimus
1525 2473 1623 2512 (conf.
1642 2474 1790 2513 P01-ph.).
1808 2483 1881 2512 pro-

0 2567 1 2571 Ι
51 2527 198 2557 cessimus
220 2527 287 2557 afh.
315 2527 350 2567 (a
375 2537 435 2558 om.
462 2529 545 2558 amb.
573 2527 644 2558 Ost.
670 2528 764 2567 asc).
791 2527 833 2558 C:
859 2528 1001 2567 repimus.
1028 2529 1120 2559 tarde
1138 2529 1330 2567 procedimus
1347 2533 1379 2560 et
1396 2531 1638 2560 conscendimus
1657 2530 1882 2568 Tarracinam,

51 2582 169 2614 dictum
192 2584 308 2615 Anxur
332 2594 352 2614 a
374 2585 450 2614 Ioue
474 2584 622 2623 Anxure,
660 2585 714 2624 qui
738 2585 784 2615 ibi
816 2585 980 2615 colebatur
1010 2586 1184 2616 imberbis:
1221 2587 1337 2617 iccirco
1370 2588 1554 2617 nominatur
1583 2586 1748 2625 Anxurus,
1788 2588 1880 2625 quasi

0 2649 2 2654 ’
50 2635 121 2671 ἄνευ
145 2637 250 2683 ξυροῦ,
288 2642 322 2670 id
347 2645 406 2679 θεῖ,
434 2642 503 2672 sine
528 2642 697 2680 nouacula⁷
727 2642 803 2680 quia
826 2642 968 2672 nondum
992 2643 1124 2673 barbam
1148 2644 1293 2673 rasisset.
1318 2643 1388 2687 Βφε
1414 2643 1583 2682 inpositum.
1610 2644 1764 2673 altissimi
1789 2653 1879 2674 mou-

49 2697 92 2727 tis
117 2699 215 2728 situm
239 2699 415 2737 significat.
445 2698 533 2734 Quae
559 2708 644 2729 nunc
668 2700 828 2729 terracina
852 2699 974 2729 <licitur
998 2699 1096 2729 anxir
1122 2700 1174 2739 (in
1191 2700 1268 2729 Hor.
1296 2703 1327 2730 et
1353 2701 1392 2730 ad
1417 2710 1518 2738 marg.
1536 2699 1698 2739 ANXYR)
1726 2701 1804 2731 olim
1830 2702 1879 2730 di-

51 2754 189 2791 cebatur‚
226 2755 308 2785 unde
332 2754 427 2785 ionem
451 2755 589 2786 anoez'rem
612 2765 776 2786 uocamus.
843 2756 899 2796 12)
924 2760 1012 2787 neut.
1036 2765 1110 2795 gen.
1136 2766 1187 2786 va.
1214 2766 1288 2795 gen.
1314 2761 1402 2787 neut.
1427 2756 1538 2793 nith.
1564 2774 1606 2778 —
1632 2760 1740 2787 autem
1765 2767 1826 2787 om.
1852 2767 1879 2800 γ.

22 814 26 852 ἡ

50 2809 167 2841 inberb.
190 2820 219 2854 γ.
244 2812 312 2842 rell.
338 2813 411 2842 imb.
443 2813 558 2842 Anxur
589 2817 696 2843 autem
732 2813 846 2843 dictam
870 2823 900 2851 q.
926 2813 946 2842 i.
972 2813 992 2843 i.
1019 2813 1076 2843 col.
1113 2813 1237 2851 Iupiter
1272 2813 1320 2851 fh,
1358 2823 1376 2843 a
1411 2814 1528 2852 quibus
1564 2814 1643 2843 haec
1678 2823 1752 2852 pars
1790 2818 1879 2844 ante-

50 2868 175 2897 cedenti
199 2869 417 2907 postponitur.
478 2868 534 2909 16)
558 2873 634 2899 tunc
657 2867 794 2911 Y(G?Q).
830 2874 896 2899 tum
919 2869 1040 2899 mvafh.
1108 2870 1162 2909 17)
1188 2870 1421 2901 Discordan'tes
1457 2879 1483 2911 γ.
1514 2869 1581 2902 rell.
1613 2879 1674 2900 om.
1741 2871 1797 2909 18)
1824 2871 1878 2900 ad-

50 2922 110 2954 huc
133 2934 193 2955 om.
219 2924 268 2967 γᾶ
294 2925 338 2964 (Q
362 2935 435 2956 une.
461 2926 563 2966 incl),
597 2936 680 2957 mva.
731 2926 786 2965 19)
802 2925 870 2965 fuit
893 2927 948 2965 qui
972 2935 989 2969 γ
1014 2927 1048 2956 in
1073 2927 1193 2965 glossa,
1231 2935 1312 2966 quae
1338 2927 1383 2956 sic
1408 2927 1521 2956 habet:
1558 2926 1683 2964 proauis
1706 2936 1801 2957 nerue
1814 2927 1881 2966 fuit

52 2981 105 3019 qui
140 2982 299 3020 inperauit
336 2991 450 3019 romae,
488 2993 547 3013 om.
585 2987 707 3021 postea.
744 2993 819 3013 auus
844 2992 962 3013 neruae
986 2993 1003 3024 γ
1029 2984 1062 3013 iu
1088 2984 1188 3014 schol.
1254 2984 1310 3023 20)
1349 2986 1522 3013 tractarent
1557 2984 1636 3013 mfh.
1681 2993 1783 3013 romae
1819 2994 1879 3014 om.

51 3044 78 3076 γ.
101 3037 134 3067 in
160 3039 258 3069 schol.
283 3039 461 3077 imperauit.
486 3039 595 3069 Mand.
622 3049 648 3081 γ.
703 3039 760 3078 21)
787 3039 855 3069 Hoc
879 3039 1089 3082 ·sG(Q),mva.
1115 3044 1147 3070 ut
1170 3040 1217 3070 fh.
1249 3040 1296 3070 ait
1327 3040 1403 3081 fifh.
1436 3040 1505 3070 rell.
1541 3050 1600 3070 om.
1635 3041 1669 3069 in
1702 3050 1763 3070 om.
1799 3041 1877 3082 y‚fh.

53 3092 108 3132 23)
135 3095 279 3126 emiserit
303 3095 348 3126 fh.
411 3096 469 3135 24)
495 3096 554 3126 Inl.
580 3105 606 3137 γ,
643 3099 680 3126 ut
705 3106 787 3127 omn.
813 3096 880 3127 fere
905 3099 985 3127 uett.
1021 3097 1114 3127 codd.
1140 3097 1216 3126 Hor.
1243 3095 1414 3126 inlinibam
1438 3106 1465 3138 γ.
1530 3097 1588 3136 25)
1615 3097 1822 3136 inunguerem
1853 3106 1877 3138 γ.

52 3149 149 3181 schol.
174 3161 234 3182 om.
260 3151 449 3191 G(Q),mva.

185 3217 342 3244 HAUTHAL,
359 3218 427 3239 aon.
444 3218 484 3238 ΕΤ
501 3218 614 3239 PORPH.
631 3218 660 3238 11.
