2148 3412
203 144 284 186 386
844 150 947 183 Aca.
974 150 1034 182 ET
1061 150 1225 182 PORPH.
1252 150 1399 182 COMM.

318 278 382 319 19.
419 277 535 319 Grex
570 276 722 318 auium.
798 272 963 317 Cohors
992 280 1224 329 poetarum.
1297 273 1614 329 Metaphoricos
1645 273 1817 315 dictum.
1890 273 2036 315 risum.

204 351 337 394 Deest
366 358 582 406 tamqnam.

318 425 384 466 20.
417 425 628 467 coloribus.
658 422 830 464 Pennis.
889 423 971 479 ipse
1001 422 1096 478 quid
1126 422 1280 463 studes?
1336 420 1388 462 Id
1410 427 1489 463 est:
1523 435 1628 476 quas
1658 420 1858 463 lectiones
1889 434 2039 476 seque-

205 499 287 541 ris?
319 498 421 554 quid
450 498 584 554 legis?
646 496 865 552 Conparat
896 502 1036 537 autem
1065 494 1217 550 apibus
1248 494 1497 550 scriptorem
1527 494 1734 536 bonorum
1767 494 2011 536 carminum.

140 587 157 615 5
320 575 386 614 21.
417 573 540 627 aqilia
601 570 775 621 Facilis,
807 570 1063 625 ingeniosus.

325 647 440 698 Quae
471 661 502 687 c.
535 661 598 700 aq.
631 645 792 702 thyma?
862 643 959 685 Hoc
990 649 1069 685 est:
1103 642 1171 684 cui
1201 641 1402 683 materiae
1433 648 1472 683 te
1502 641 1658 683 tradis?
1689 656 1766 697 per
1796 643 1875 684 hoc
1905 641 2045 683 dulcia

207 720 296 762 eius
326 719 516 762 carmina
546 719 770 775 significat.

322 794 388 835 26.
422 794 593 848 Friqida
626 806 834 834 curarum.
895 790 1081 841 Poetice,
1112 798 1183 831 aut
1213 796 1330 831 actus
1361 789 1592 831 cottidiani.

321 869 509 922 fomenta.
571 865 814 908 Oratoriam
854 864 957 906 dicit
994 872 1035 906 et
1070 864 1174 906 iuris
1211 863 1430 905 scientiam
1473 863 1693 920 [additque
1732 870 1771 904 et
1801 863 2046 921 poeticam],

149 957 183 987 10
211 940 310 996 quia
339 955 423 982 non
454 940 595 981 ualent
627 939 684 980 ita
714 945 933 994 amputare
965 938 1081 988 uitia,
1113 937 1468 992 quemadmodum
1499 937 1776 993 philosophia.
1835 937 1939 979 Ideo
1968 939 2048 993 fri-

210 1016 303 1070 qida
334 1016 510 1069 fomenta-
543 1013 660 1054 dixit.
737 1011 931 1053 Aliter:
973 1012 1138 1067 Friqida
1168 1012 1345 1066 fomenta
1380 1010 1486 1051 dixit
1515 1011 1619 1052 haec
1650 1011 1788 1052 studia
1818 1011 2048 1062 literarum,

214 1088 315 1143 quia
346 1103 430 1130 non
462 1087 603 1129 ualent
635 1101 758 1128 curas
789 1092 1021 1141 amputare,
1058 1085 1165 1127 sicut
1194 1084 1474 1140 philosophia.

326 1163 552 1217 relinquere
569 1176 720 1217 posses.
780 1159 831 1200 Id
862 1167 943 1201 est:
977 1160 1012 1201 si
1043 1158 1276 1200 saecularia
1305 1172 1452 1213 posses
1483 1158 1594 1199 dona
1626 1164 1936 1214 contempnere.

327 1237 393 1276 27.
427 1236 608 1278 caelestis
639 1235 852 1291 sapientia.
913 1232 984 1274 Ad
1025 1247 1231 1275 summam
1277 1232 1474 1273 uirtutem
1520 1232 1609 1274 siue
1655 1233 1850 1289 gloriam,
1895 1233 1939 1274 id
1970 1239 2050 1275 est:

153 1324 188 1355 15
215 1309 510 1365 philosophiae
541 1308 768 1351 insisteres.

328 1384 393 1424 30.
428 1383 564 1424 Debes.
629 1380 862 1438 [Ostendit,
895 1381 1004 1421 inter
1025 1379 1266 1422 Munatium
1296 1387 1337 1421 et
1366 1380 1521 1421 Iulium
1554 1382 1795 1435 frequenter
1826 1380 2054 1423 dissensio-

215 1471 311 1498 nem
342 1456 511 1507 exoriri,
549 1455 623 1497 sed
653 1455 752 1510 quia
783 1454 867 1496 illis
896 1454 1070 1504 amicus,
1102 1453 1331 1509 praecipue
1362 1453 1484 1504 Iulio,
1524 1461 1765 1496 utrumnam
1795 1454 2056 1497 reconciliati

219 1531 313 1582 sint,
347 1531 384 1572 ei
415 1530 666 1587 remandet]

330 1606 403 1647 lzoc
435 1607 560 1647 etiam.
632 1603 746 1645 Mire
778 1605 909 1653 etiam,
957 1601 1078 1657 quasi
1110 1601 1218 1642 aliae
1250 1614 1401 1642 causae
1433 1600 1681 1643 scribendae
1713 1602 1794 1644 sint
1833 1617 1959 1658 quam
1989 1616 2056 1645 re-

151 1695 191 1726 20
218 1678 538 1721 conciliationis.
599 1677 712 1719 Mire
742 1677 823 1719 hoc
854 1676 1133 1718 admonuerat
1164 1674 1471 1730 philosophiae,
1504 1689 1612 1729 quae
1643 1690 1778 1718 mores
1808 1676 1973 1718 format.

332 1754 398 1794 32.
430 1754 496 1794 33.
529 1767 580 1794 an
614 1752 717 1794 male
748 1759 862 1793 sarta
883 1751 1044 1792 Gratia.
1103 1748 1281 1791 Habens
1313 1748 1473 1790 scilicet
1504 1763 1599 1790 cum
1630 1750 1758 1791 fratre
1788 1750 2057 1802 discordiam,

219 1834 259 1869 et
278 1827 419 1883 (etsiP)
438 1842 531 1868 cum
555 1841 603 1867 eo
624 1840 760 1881 nuper
778 1825 918 1882 [dum]
939 1831 1047 1867 esset
1067 1824 1152 1865 iam
1173 1837 1367 1865 reuersus
1388 1822 1430 1863 in
1453 1823 1648 1879 gratiam,
1671 1824 1850 1866 faciente
1866 1823 2058 1867 Horatio.

334 1901 398 1942 33.
460 1915 528 1941 seu
562 1901 721 1942 calidus
759 1900 940 1954 sanquis.
1000 1898 1166 1940 calidus.
1198 1896 1413 1938 quenilis.
1474 1900 1652 1952 sanquis.
1684 1897 1926 1940 Discordia.

317 2091 350 2130 1)
377 2089 501 2120 Cohors
528 2099 577 2128 po.
606 2090 714 2119 metaf.
735 2090 855 2119 dictum
872 2099 898 2131 γ.
925 2088 1068 2127 Metaph.
1088 2088 1130 2117 di.
1143 2096 1205 2126 pro
1224 2086 1293 2117 coh.
1314 2096 1363 2125 po.
1382 2086 1510 2124 vcath
1529 2090 1560 2118 et
1577 2087 1601 2117 C
1620 2088 1678 2127 (--
1691 2089 1753 2120 Pro
1771 2089 1892 2120 cohorte
1911 2091 1974 2131 -).
2024 2090 2059 2130 2)

223 2148 325 2178 Deest
341 2151 508 2186 tamquam
524 2156 551 2189 γ.
571 2147 640 2176 rell.
660 2156 721 2176 om.
771 2146 806 2186 3)
832 2146 954 2175 Pennis
979 2155 1006 2188 γ.
1026 2145 1096 2175 rell.
1115 2154 1174 2174 om.
1200 2144 1237 2173 Id
1256 2161 1296 2164 ν·
1317 2145 1461 2182 sequeris
1479 2154 1562 2174 omn.
1582 2145 1667 2175 libri.
1718 2146 1752 2185 4)
1772 2147 1845 2186 quid
1861 2148 1924 2186 leg.
1943 2157 1969 2189 γ.
1987 2146 2062 2186 quia

223 2204 285 2243 leg.
311 2215 342 2234 v.
367 2204 437 2234 rell.
462 2208 490 2233 ει
513 2204 577 2242 leg.
634 2204 670 2242 4)
699 2201 860 2242 Comparcd
884 2212 968 2232 omn.
995 2203 1080 2232 libri.
1111 2199 1231 2240 Confert
1253 2201 1354 2230 tacite
1380 2202 1495 2233 inculc.
1522 2202 1561 2238 Q.
1588 2220 1630 2223 -
1657 2204 1844 2241 scriptorem
1869 2205 1918 2236 bo.
1952 2204 2062 2234 carmi-

223 2271 293 2292 num
316 2271 344 2304 γ.
371 2262 560 2300 scriptorum
583 2261 634 2291 bo.
659 2269 785 2290 carmen
809 2259 916 2290 vcafh.
944 2260 1116 2298 scriptores
1140 2259 1296 2289 bonorum
1322 2259 1492 2288 carminum
1518 2258 1638 2299 (GDQ.
1687 2261 1722 2300 5)
1748 2261 1881 2298 Facilis,
1906 2262 1974 2299 ing.
1992 2260 2061 2303 “s‚C.

223 2320 293 2349 rell.
314 2329 375 2349 om.
427 2319 462 2358 8)
488 2318 621 2347 Poetice
639 2316 759 2357 (nom.)
774 2335 778 2337 >
793 2335 815 2338 —
831 2317 1003 2347 cottidiani
1021 2326 1048 2359 ‘l'-
1068 2316 1136 2346 rell.
1155 2325 1212 2347 om.
1263 2313 1297 2354 9)
1314 2314 1496 2346 Oratoriam
1511 2334 1544 2337 —
1558 2317 1765 2355 philosophia
1780 2318 1830 2360 Tb.
1850 2318 1973 2356 Vulgo:
1992 2317 2061 2348 ‘Oia

225 2380 257 2406 et
275 2377 353 2406 iuris
373 2376 430 2405 sci.
450 2375 536 2405 dixit
562 2374 703 2414 additque
720 2378 747 2404 et
764 2374 924 2413 poeticam,
951 2375 1025 2413 quia
1050 2383 1113 2404 non
1140 2374 1184 2403 ita
1208 2373 1272 2402 ual.
1299 2382 1382 2411 amp.
1408 2374 1452 2402 ui.
1483 2374 1566 2403 sicut
1591 2374 1807 2412 philosophia.
1832 2374 1902 2404 Ideo
1926 2374 1948 2404 f.
1971 2374 1994 2404 f.
2021 2375 2061 2411 d.,

226 2434 302 2472 quia
328 2434 356 2462 si
382 2433 541 2462 secularia
567 2432 650 2462 dona
675 2435 881 2461 contemnere
907 2440 1029 2470 possesi,
1067 2431 1099 2460 id
1125 2434 1186 2467 est,
1224 2430 1415 2468 quotidiana
1439 2439 1534 2468 opera
1557 2431 1739 2470 relinquere
1765 2432 1896 2469 posses.’
1923 2431 1968 2467 Q:
1996 2431 2064 2461 ‘hoc

226 2491 326 2520 schol.
360 2490 433 2520 aliis
465 2489 647 2519 sanandum
681 2488 820 2527 reliqui.'
887 2488 943 2527 13)
969 2489 1007 2518 Id
1033 2491 1084 2518 est
1109 2505 1147 2509 -ή
1177 2491 1403 2525 contempnere
1427 2496 1452 2528 γ.
1479 2487 1548 2517 rell.
1575 2497 1635 2518 om.
1668 2487 1849 2518 Saecularia
1873 2488 2065 2518 uocabulum

227 2546 491 2578 Christianorum
517 2546 720 2584 scriptorum,
746 2549 782 2575 ut
806 2544 957 2574 saecidmn
981 2553 1031 2582 ap.
1057 2544 1211 2574 Prudent.
1242 2542 1388 2574 Cathem.
1414 2543 1452 2581 V,
1475 2545 1534 2574 109
1563 2549 1594 2575 et
1617 2545 1798 2583 Peristeph.
1824 2544 1865 2582 II,
1893 2545 1973 2575 584:
1999 2553 2065 2575 ser-

226 2605 372 2634 uientem
399 2604 522 2641 corpori
548 2603 680 2632 absolue
706 2602 826 2632 uinclis
851 2601 984 2631 saeculi.
1023 2600 1101 2631 Cod.
1126 2601 1241 2631 lustin.
1268 2600 1291 2637 I,
1311 2601 1341 2638 3,
1361 2601 1418 2631 56:
1447 2601 1562 2632 saeculi
1583 2601 1669 2632 istius
1691 2601 1784 2631 uitam
1807 2605 2010 2640 contempnere
2034 2604 2066 2631 et.

228 2661 262 2690 in
288 2660 578 2689 sanctimonalium
604 2659 851 2688 conuersatione
876 2659 998 2688 uiuere.
1026 2662 1121 2696 atque
1145 2657 1269 2687 ibidem:
1295 2659 1421 2687 saeculo
1445 2660 1642 2696 renuntiare,
1671 2668 1690 2688 a
1712 2658 1935 2688 conuersatione
1960 2666 2066 2688 saecu-

228 2716 291 2747 lari
314 2716 457 2747 recedere
483 2725 519 2745 ac
552 2716 829 2745 sanctimonialem
855 2716 956 2745 uitam
981 2716 1101 2745 uiuere.
1127 2714 1231 2753 possis
1247 2724 1273 2757 γ.
1291 2715 1360 2744 rell.
1380 2724 1487 2754 posses
1504 2715 1584 2746 conf.
1605 2715 1647 2746 C:
1673 2714 1801 2755 ‘fv-iyz'cla
1813 2715 1964 2754 fomenta.
1991 2723 2066 2744 aua-

228 2776 351 2812 ritiam,
384 2775 608 2810 ambitionem,
639 2783 721 2812 quae
744 2774 885 2803 reddunt
910 2774 1072 2803 hominem
1097 2773 1137 2802 ad
1163 2773 1242 2802 bene
1268 2773 1428 2811 agendum
1452 2773 1547 2811 plane
1572 2772 1747 2811 frigidum.'
1800 2772 1855 2811 15)
1880 2772 1900 2801 i.
1926 2772 2066 2809 philoso-

236 2832 329 2870 phiae
353 2831 507 2861 insisteres
530 2840 556 2873 γ.
588 2831 700 2869 uulgo:
729 2831 763 2860 id
789 2834 847 2860 est.
875 2830 917 2859 ad
933 2830 1168 2869 philosophiam.
1220 2830 1274 2869 16)
1301 2830 1457 2860 Ostendit
1482 2848 1523 2851 --
1549 2829 1718 2859 remandet
1744 2839 1804 2859 om.
1828 2838 1855 2870 γ.
1908 2828 1963 2867 19)
1988 2828 2067 2858 mire

233 2888 294 2918 iam
324 2887 432 2918 vcafh.
498 2888 555 2927 20)
580 2887 661 2917 Mire
693 2888 753 2918 hoc
786 2888 998 2917 admonuerat
1022 2888 1060 2929 *sb
1088 2887 1262 2926 (ammon.)
1295 2887 1410 2925 uulgo:
1448 2886 1532 2916 Mire
1565 2886 1600 2916 ob
1635 2887 1694 2916 hoc
1720 2886 1870 2916 admonet.
1908 2884 1950 2915 C:
1975 2885 2065 2922 mire,
2099 2875 2102 2889 ⁸

230 2944 318 2984 quasi
340 2944 436 2974 etiam’
463 2948 523 2975 etc.
561 2943 672 2975 formet
694 2945 725 2974 b.
752 2945 946 2983 ubicumque
970 2944 1118 2974 locorum.
1145 2944 1295 2974 admonet
1319 2943 1558 2981 Philosophiae,
1591 2952 1673 2982 quae
1695 2942 1786 2973 unica
1811 2951 1914 2972 mores
1937 2941 2063 2972 format.

234 3000 292 3041 21)
317 3002 509 3032 Habens—
534 3001 668 3034 Horatio
691 3012 719 3045 γ.
744 3002 815 3032 rell.
842 3012 903 3032 om.
930 3002 949 3031 b
975 3001 1090 3031 habet:
1118 3002 1170 3031 ‘an
1193 3001 1270 3031 male
1293 3005 1391 3031 sarta.
1415 3000 1572 3036 Perfidus⁷
1598 3000 1752 3030 conciliat
1779 3003 1810 3029 et
1834 2998 1896 3029 hfis
1919 2998 2007 3029 etiam
2025 3014 2062 3019 —-

2098 2745 2104 2771 l

235 3063 321 3089 esset
345 3060 408 3088 iam
435 3070 547 3090 uersus
576 3078 614 3081 -
642 3060 765 3090 oratio.’
816 3059 872 3097 23)
899 3059 1012 3096 uulgo:
1040 3058 1100 3087 Seu
1124 3057 1184 3087 cal.
1211 3057 1343 3097 sanynis.
1371 3058 1526 3087 quenilis
1551 3056 1712 3086 discordia
1736 3060 1791 3086 aut
1815 3057 1953 3094 ipsorum
1977 3055 2065 3085 iuue-

234 3125 302 3145 num
327 3117 488 3154 imperitia
507 3134 545 3138 —
565 3117 799 3155 philosophiae.
827 3115 907 3145 conf.
931 3114 972 3144 C:
999 3113 1116 3144 calidus
1140 3123 1163 3143 s.
1192 3115 1346 3144 iuuenilis
1372 3114 1544 3144 discordia.
1572 3113 1699 3143 inscitia.
1726 3113 1898 3151 imperitia,
1923 3113 2065 3152 iynoran-

235 3172 287 3210 cia,
314 3182 344 3211 q.
371 3182 395 3202 e.
416 3182 442 3203 e.
468 3173 705 3212 Philosophiae.
763 3170 798 3212 *)
824 3173 941 3202 habeat
965 3181 989 3201 s.
1016 3172 1169 3201 habeatne
1186 3189 1228 3192 —
1247 3171 1304 3201 etsi
1327 3181 1396 3202 cum
1423 3180 1457 3202 eo
1482 3179 1584 3209 nuper
1610 3171 1674 3200 iam
1698 3184 1741 3191 Μ
1767 3169 1871 3200 uoluit
1895 3168 1929 3199 C.
1955 3168 2064 3198 Herm.

2094 3209 2098 3274 ἔ

2094 3279 2098 3346 g

2092 3351 2096 3412 1
