2148 3412
193 939 230 971 10

197 1308 233 1339 15

257 132 338 173 566
889 139 994 173 Aen.
1020 140 1081 172 ET
1106 138 1272 173 PORPH.
1299 138 1448 172 coMM.

370 267 462 306 142.
496 264 782 320 tempestiuum.
843 262 1157 319 Opportunum,
1191 278 1452 319 congruum:
1479 263 1641 319 pueris:
1674 261 1829 318 puerili
1859 269 2006 304 aetate.

371 339 463 379 143.
499 339 590 379 144.
622 340 678 380 Ac
700 353 779 380 non
800 338 927 380 uerba
959 339 1073 393 sequi
1097 338 1166 393 fid.
1197 338 1299 379 mod.
1322 337 1487 388 Latinis,
1511 337 1589 379 Sed
1625 352 1747 379 uerae
1778 351 1886 379 num.
1915 351 1990 378 mo.
2023 336 2084 378 ed.

258 412 374 452 uitae.
447 409 515 452 Ac
546 425 629 452 11011
661 411 813 465 (uerba
843 410 962 466 sedP)
994 425 1087 452 eam
1116 418 1280 466 partem
1310 410 1495 452 musicae
1527 410 1658 466 sequi,
1692 410 1809 452 cuius
1849 409 2084 451 cantilenae

257 485 447 539 (uei-affl)
466 484 575 525 uitae
607 484 722 526 modi
753 484 1000 540 numerique
1033 484 1301 526 concordant.
1352 484 1403 526 In
1432 484 1497 527 his
1519 484 1630 526 enim
1652 490 1713 526 est
1734 483 1857 526 altior
1878 483 2084 539 quaedam

260 557 435 599 scientia
466 558 650 599 musicae
682 557 944 613 disciplinae.

371 632 462 672 146.
499 630 546 672 Sc·
582 632 652 673 libi
693 631 809 673 nulla
846 633 962 673 sitim.
1029 630 1151 673 Haec
1190 631 1323 673 uerba
1354 630 1524 673 Horatii
1561 638 1657 673 sunt.
1696 645 1837 672 secum
1875 629 2084 685 loquentis

257 705 376 760 quasi
413 719 507 746 cum
545 705 640 746 alio.
702 704 750 747 Si
787 705 878 753 tibi,
918 705 1067 760 inquit,
1106 705 1280 760 grauior
1311 704 1401 746 sitis
1435 704 1618 746 bibendo
1654 705 1784 755 fieret,
1824 704 2002 746 referres
2033 703 2087 745 ad

255 778 441 821 medicos
473 787 513 820 et
542 779 778 828 indicares3
812 779 872 821 sic
893 786 933 820 et
963 778 1065 820 alibi
1097 776 1168 834 (C.
1190 777 1248 829 II,
1272 780 1310 830 2,
1345 779 1440 834 13):
1474 779 1627 821 Crescit
1646 779 1856 834 indulqens
1876 779 1954 821 sibi
1973 778 2087 820 darios

256 853 448 909 hydrops.

371 927 463 967 149.
498 926 544 968 St·
569 927 724 968 uulnus
763 928 833 968 libi
864 934 1098 968 monstrata.
1159 924 1207 967 Si
1238 926 1332 980 quis
1361 926 1439 967 tibi
1472 926 1647 968 herbam
1685 933 1756 967 aut
1787 925 1975 967 radicem
2006 940 2084 967 os·-

255 999 458 1041 tendisset
487 1006 701 1054 tamquam
733 1000 877 1041 utilcm
906 999 1071 1042 uulneri
1102 1005 1173 1041 tuo
1200 1006 1327 1055 tuque
1358 1014 1451 1041 eam
1482 1006 1678 1056 expertus
1708 999 1901 1041 inutilem
1931 1013 2087 1054 conpe-

257 1073 395 1124 risses,
427 1088 513 1115 non
533 1074 677 1128 utique
698 1074 887 1115 utereris.
950 1072 1039 1116 Cur
1059 1073 1192 1129 igitur
1223 1073 1392 1116 diuitias
1424 1073 1556 1129 cupis,
1590 1088 1695 1129 quas
1725 1073 1987 1128 adquirendo
2024 1072 2088 1113 di-

257 1147 396 1188 dicisti
427 1147 533 1188 nihil
564 1147 754 1188 conferre
785 1148 840 1188 ad
870 1147 1082 1202 sapienter
1110 1146 1316 1202 beateque
1343 1147 1587 1198 uiuendum,
1610 1147 1952 1203 quandoquidem
1973 1147 2090 1188 diues

257 1221 390 1262 factus
421 1220 552 1262 nihilo
582 1221 721 1262 minus
752 1221 901 1263 stultus
932 1235 988 1271 es,
1021 1235 1148 1275 quam
1180 1228 1303 1262 antea
1331 1221 1484 1272 fueras,
1517 1236 1611 1263 cum
1641 1235 1804 1276 pauper
1833 1235 1957 1263 esses.

374 1295 466 1337 151.
502 1296 595 1337 152.
627 1295 829 1343 amiseras,
863 1296 930 1337 cui
956 1295 1057 1337 Rem
1088 1296 1132 1337 di
1159 1295 1355 1337 donarent
1384 1301 1424 1336 et
1455 1301 1604 1337 cetera.
1644 1294 1742 1337 Hoc
1772 1294 1891 1337 dicit:
1925 1293 1975 1336 Si
1994 1293 2090 1336 ideo

257 1367 427 1410 diuitias
466 1368 688 1424 adpetisti.
719 1369 831 1424 quod
869 1368 1077 1419 audieras,
1116 1376 1155 1410 te
1196 1368 1371 1410 stultitia
1401 1369 1643 1420 cariturum,
1682 1383 1777 1410 cum
1808 1368 1927 1410 diues
1958 1382 2088 1410 esses:

256 1448 479 1497 postquam
510 1442 628 1484 diues
659 1443 795 1484 factus
826 1443 881 1484 ad
911 1443 1163 1499 sapientiam
1192 1443 1298 1484 nihil
1328 1443 1591 1498 promouisti,
1632 1443 1812 1484 etiamne
1844 1441 1988 1498 copias
2016 1443 2090 1484 fa-

258 1515 515 1570 cultatesque
555 1515 782 1557 sectaberis
814 1522 853 1557 et
891 1516 946 1557 ad
976 1516 1056 1559 hoc
1094 1516 1241 1558 audies
1272 1516 1514 1572 opulentiae
1544 1517 1792 1566 laudatores,
1825 1515 1976 1572 quibus
2005 1516 2088 1558 iam

258 1589 387 1631 semel
418 1589 627 1631 credendo
659 1590 861 1645 deceptus
893 1590 966 1631 cs?

372 1663 466 1706 155.
498 1664 551 1705 Ac
586 1665 623 1705 si
661 1665 824 1706 dt'ta'tz'ae
854 1665 1095 1720 prudentem
1132 1665 1301 1707 reddere
1330 1673 1505 1722 possent.
1566 1663 1615 1706 Si
1646 1679 1670 1705 a
1701 1679 1912 1720 quoquam
1944 1669 2091 1719 questu

257 1735 501 1786 uincereris,
534 1744 572 1778 et
604 1737 773 1779 auarior
802 1744 841 1779 te
873 1737 1012 1780 nullus
1044 1745 1164 1788 esset,
1197 1739 1355 1795 quippe
1390 1738 1639 1795 praesertim
1677 1746 1717 1781 et
1745 1738 1885 1780 minus
1916 1737 2091 1794 cupidos

259 1816 299 1851 et
328 1810 509 1866 minus†)
541 1811 712 1853 timidos
742 1811 912 1863 facient,
944 1812 979 1855 si
1009 1812 1134 1855 modo
1164 1812 1209 1854 id
1239 1827 1387 1855 uerum
1418 1821 1538 1856 esset.

379 2018 410 2057 1)
439 2022 540 2056 oport.
567 2017 678 2056 ΜΘΝ.
707 2019 774 2049 rell.
800 2029 873 2058 opp.
900 2036 942 2039 —-
968 2020 1077 2057 pueris
1103 2024 1199 2050 (tatem
1223 2023 1326 2051 aetate
1351 2020 1455 2059 pueris
1480 2021 1524 2050 fh.
1552 2021 1669 2059 pueris.
1696 2021 1814 2059 puerili
1839 2023 1937 2050 aetate
1959 2019 2089 2059 MR2,v.

261 2075 374 2113 puerili
399 2075 498 2104 aetati
513 2073 652 2115 a(G?Q).
679 2075 723 2104 Et
748 2075 845 2105 aetati
868 2080 901 2106 et
925 2079 1023 2106 aetate
1049 2086 1226 2116 congruum
1252 2081 1312 2107 est.
1361 2078 1396 2117 3)
1423 2078 1513 2116 sequi
1539 2076 1616 2116 (om.
1641 2076 1748 2117 vafh.)
1776 2087 1852 2117 quac
1875 2076 1973 2107 M2G.
2000 2077 2091 2116 sequi

259 2141 344 2170 quem
368 2132 403 2161 R.
430 2132 613 2162 cantilenae
639 2131 715 2169 (om.
740 2132 850 2171 uitae)
889 2133 976 2162 modi
1000 2134 1187 2172 numerique
1213 2134 1406 2164 concordant
1431 2133 1474 2163 M.
1504 2138 1586 2164 eant.
1612 2135 1701 2164 uitae
1724 2144 1785 2165 1110.
1810 2144 1863 2164 nu.
1890 2144 1975 2165 conc.
2000 2132 2090 2164 R2G.

262 2206 303 2209 —
329 2189 471 2218 musicae
495 2188 550 2218 sed
572 2188 655 2218 cuias
680 2192 766 2219 cant.
792 2199 822 2219 u.
849 2199 910 2220 mo.
935 2199 1095 2228 numquam
1111 2200 1197 2220 conc.
1223 2201 1244 2221 v
1279 2191 1419 2221 musicae
1444 2191 1533 2221 cuius
1559 2191 1722 2221 cantilena
1745 2195 1774 2221 et
1795 2200 1826 2221 u.
1853 2200 1916 2221 rno.
1940 2200 2093 2230 nunquam

261 2255 348 2275 conc.
376 2255 404 2275 a.
430 2246 571 2275 musicae
600 2247 693 2276 cuius
725 2247 891 2276 cantilena
916 2250 948 2276 et
972 2256 1034 2277 mo.
1060 2257 1221 2287 nunquam
1245 2247 1326 2277 uitae
1350 2257 1437 2278 conc.
1463 2247 1511 2278 fh.
1552 2247 1600 2277 Ac
1624 2257 1689 2278 non
1716 2257 1782 2278 eam
1807 2257 1857 2286 pa.
1884 2257 1964 2280 mus.
1991 2247 2091 2286 sequi,

260 2303 351 2332 cuius
377 2306 462 2333 cant.
487 2304 577 2333 uitae
601 2312 661 2332 mo.
687 2312 740 2332 nu.
765 2302 859 2333 NON
884 2313 969 2334 conc.
996 2304 1033 2340 Q.
1058 2304 1159 2342 Male3
1198 2314 1272 2334 nam
1298 2306 1399 2343 iuuat⁷
1437 2305 1552 2344 inquit,
1590 2314 1643 2334 eas
1669 2305 1849 2334 cantilenas
1874 2305 1974 2344 sequi,
2012 2312 2093 2342 quae

260 2362 347 2391 uitae
373 2369 466 2390 uerae
492 2360 697 2398 concordant,
724 2360 756 2390 id
783 2364 843 2398 est,
880 2370 945 2391 non
970 2362 1141 2392 uerborum
1166 2371 1314 2391 numeros
1340 2362 1396 2391 sed
1420 2362 1513 2391 uitae.
1563 2361 1648 2391 Hinc
1672 2362 1869 2400 interposui:
1906 2360 2001 2391 uerba
2031 2360 2092 2391 sed.

259 2418 295 2455 4)
321 2417 359 2446 In
392 2418 442 2446 his
478 2422 521 2447 est
555 2418 641 2447 enim
677 2415 854 2457 MR2(G‘?).
893 2417 1030 2456 Scripsi:
1068 2419 1106 2448 In
1131 2419 1183 2448 his
1208 2418 1284 2448 enim
1308 2422 1359 2448 est.
1386 2419 1456 2448 rell.
1483 2429 1545 2449 om.
1571 2421 1612 2448 est
1634 2419 1783 2448 sententia
1807 2418 1842 2448 R.
1869 2418 2022 2448 scientiae
2047 2417 2090 2447 M.

262 2474 296 2512 6)
323 2477 398 2503 sunt
424 2483 484 2504 0111.
509 2474 554 2503 fh.
605 2475 639 2514 7)
665 2475 782 2512 gratior
806 2474 851 2504 fh.
885 2491 918 2495 ——
945 2475 1073 2505 referret
1097 2475 1135 2504 ad
1159 2476 1241 2505 med.
1269 2479 1300 2505 et
1324 2474 1443 2505 iudicas
1468 2475 1543 2506 MG.
1570 2475 1698 2505 referret
1720 2485 1739 2505 a
1764 2485 1805 2505 m.
1832 2479 1864 2505 et
1888 2475 2032 2504 indicans
2055 2474 2091 2504 R.

260 2530 377 2569 reseres
403 2540 421 2560 a
445 2540 485 2560 m.
513 2534 545 2560 et
569 2531 690 2560 iudicas
716 2532 745 2560 2.
795 2531 829 2570 8)
858 2535 890 2561 et
914 2542 973 2562 0111.
998 2533 1045 2561 fh.
1071 2550 1113 2552 —
1140 2533 1204 2562 sibi
1228 2532 1349 2572 ydrops
1374 2532 1408 2562 M
1434 2531 1509 2571 (om.
1537 2532 1651 2571 dirus).
1714 2532 1769 2571 10)
1795 2534 2000 2562 monstratam
2015 2529 2090 2561 MG.

266 2587 322 2625 11)
346 2591 445 2625 tuque
469 2597 489 2616 a
511 2597 556 2616 me
582 2590 737 2626 expertus
766 2587 801 2627 [a
825 2588 943 2627 Halm]
971 2598 1016 2618 me
1041 2589 1192 2619 inutilem
1217 2589 1415 2628 conperisses
1440 2599 1503 2620 non
1528 2590 1650 2628 utique,
1677 2599 1737 2619 0111.
1772 2589 1915 2618 utereris.
1944 2598 1999 2618 cur
2022 2586 2092 2617 MR.

264 2642 335 2682 [tuo
360 2647 390 2673 ta
415 2648 445 2673 tu
468 2643 520 2682 qm·
543 2653 560 2673 a
578 2654 628 2674 me
645 2644 737 2684 exp.)
765 2643 826 2674 2G.
878 2646 933 2684 12)
961 2645 1045 2684 cupit
1057 2646 1100 2676 M.
1152 2647 1206 2685 13)
1231 2644 1428 2676 uiuendum?
1457 2645 1593 2681 Quando
1617 2645 1696 2684 quod
1718 2644 1782 2675 afh.
1808 2645 1917 2675 fueras
1942 2654 2002 2674 om.
2028 2643 2092 2674 afh.

261 2709 370 2737 speras
393 2710 425 2730 v.
491 2701 545 2740 15)
571 2699 707 2732 remedia
732 2711 788 2739 pro
811 2711 877 2731 rem
901 2701 934 2731 di
949 2702 1053 2733 MRG.
1081 2706 1112 2733 et
1137 2707 1243 2733 cetera
1267 2713 1327 2734 om.
1353 2704 1442 2733 vafh.
1469 2719 1507 2722 ——
1535 2702 1571 2732 Si
1596 2712 1656 2732 om.
1681 2701 1747 2732 afh.
1813 2702 1867 2740 17)
1894 2700 2092 2739 promouisti,

260 2764 299 2785 ne
323 2756 371 2785 fh.
401 2758 592 2794 promouisti
620 2767 658 2787 ne
684 2767 712 2787 a.
740 2758 928 2796 promouisti
953 2763 980 2788 et
1001 2768 1037 2788 ne
1060 2769 1091 2789 v.
1117 2760 1188 2789 rell.
1214 2770 1261 2798 pr.
1286 2760 1374 2790 etiam
1398 2770 1444 2790 ne.
1495 2760 1551 2800 18)
1576 2759 1704 2790 sectari.
1723 2758 1775 2788 sed
1789 2758 1860 2787 MR.
1880 2757 2011 2788 sectaris
2037 2756 2092 2787 sed

262 2812 357 2850 2G‚v.
384 2814 526 2849 secteris,
553 2815 609 2844 sed
635 2815 703 2844 afh.
731 2814 899 2845 sectaberis
925 2819 951 2844 et
972 2833 1008 2836 ἠ
1028 2834 1069 2837 —
1086 2816 1192 2846 audies
1217 2817 1254 2853 Q.
1282 2820 1377 2847 recte.
1394 2835 1435 2838 —<
1454 2817 1495 2846 ad
1519 2817 1573 2846 hoc
1597 2816 1669 2845 MR.
1695 2816 1763 2845 rell.
1789 2814 1897 2844 adhuc.
1924 2814 2035 2844 audies
2059 2812 2112 2844 Mt

262 2867 339 2905 (om.
365 2870 408 2908 11)
435 2869 595 2909 2G(Q)‚v.
623 2870 714 2900 audis
738 2871 804 2903 afh.
831 2871 997 2910 opulentia
1022 2873 1195 2903 laudatoris
1219 2873 1256 2903 R.
1308 2875 1364 2914 19)
1391 2878 1440 2903 est
1452 2873 1514 2903 MR
1529 2873 1559 2912 (t
1584 2872 1711 2911 cxpu)
1760 2872 1816 2911 21)
1843 2872 1986 2901 auariore
2011 2870 2093 2899 ullus

261 2925 306 2954 M.
333 2927 469 2956 auarior.
496 2927 583 2956 Vllos
607 2927 642 2957 R.
662 2946 703 2949 -—
722 2929 840 2967 quippe
864 2929 1053 2967 praesertim
1079 2933 1110 2959 et
1134 2930 1205 2959 MR.
1230 2931 1350 2969 quippe
1376 2940 1445 2960 cuin
1470 2940 1530 2960 om.
1558 2930 1587 2959 2.
1620 2930 1736 2967 quippe
1760 2938 1825 2958 cum
1849 2927 2038 2966 praesertim
2062 2928 2093 2955 et.

261 2982 382 3016 vath.
448 2984 505 3022 22)
532 2983 636 3013 satient
659 2984 702 3014 M.
729 2985 853 3015 sacient
876 2985 913 3015 R.
939 2986 1056 3015 faciant
1078 2988 1167 3016 vafh.
1194 2986 1229 3017 Si
1253 2987 1430 3017 uincereris
1455 2996 1516 3017 om.
1542 2985 1632 3022 vassi,
1659 2986 1714 3024 qui
1739 2985 1876 3014 habent:
1906 2983 1950 3020 Si,
1976 2983 2093 3022 inquit,

263 3038 398 3068 diuitiae
423 3040 556 3069 reddere
574 3044 607 3070 te
624 3042 812 3079 prudentem
838 3046 980 3080 possent,
1007 3046 1039 3072 te
1064 3052 1083 3071 a
1105 3043 1211 3082 quouis
1232 3048 1404 3083 quaestuoso
1429 3042 1580 3082 (quaestu
1604 3042 1660 3081 va)
1686 3040 1776 3078 uinci,
1796 3029 1913 3079 pudore
1939 3039 2004 3080 (fh)
2029 3038 2093 3080 qffi'-

262 3094 376 3124 cereris
401 3094 497 3134 (conf.
523 3096 578 3134 va)
607 3101 639 3127 et
663 3098 790 3127 auarior
826 3102 858 3128 te
893 3098 996 3128 mallus
1024 3098 1127 3137 (ullus
1152 3100 1187 3138 v)
1214 3104 1309 3139 esset,
1336 3101 1453 3139 quippe
1478 3104 1537 3130 etc.

376 3150 407 3189 †)
434 3150 515 3182 Cum
541 3153 648 3183 uerbis
675 3154 798 3192 cupidos
822 3159 849 3184 et
871 3155 968 3185 minus
992 3156 1063 3185 exit
1088 3156 1156 3186 cod.
1184 3156 1213 3185 2.
