2148 3412
804 143 854 175 IN
880 142 1027 175 EPIST.
1054 142 1081 181 1,
1108 145 1161 175 20.
1817 128 1897 169 505

804 322 1158 371 PORPHYRION.

192 414 447 455 Vortumnum
489 412 724 469 Ianumque,
770 413 881 454 liber.
960 413 1120 454 Mirum
1166 420 1240 464 est,
1284 414 1393 455 hanc
1438 413 1746 455 adlocutionem
1790 411 1899 452 inter

72 486 270 542 epistulas
314 485 428 540 poni,
474 500 567 526 cum
598 500 733 539 neque
765 486 819 526 ad
849 486 1064 528 absentem
1094 501 1231 541 neque
1263 488 1316 528 ad
1350 486 1652 543 [praesentem]
1684 485 1899 527 hominem

73 560 228 615 scripta
273 559 337 608 sit,
381 558 463 600 nisi
494 559 593 613 quia
628 566 843 613 receptum
874 567 934 601 est
966 567 1005 600 et
1035 559 1247 615 principia
1277 567 1318 601 et
1346 561 1449 601 fines
1480 560 1522 600 in
1554 559 1747 601 omnibus
1778 558 1899 600 libris

72 633 226 675 nullius
255 632 362 688 legis
392 633 572 673 formula
604 633 820 674 contineri.
891 633 1019 674 Unde
1050 634 1110 674 sic
1139 633 1365 675 Lucretius
1396 633 1547 688 incipit
1577 633 1760 688 primum
1790 631 1899 688 Epi-

73 721 221 749 cureae
253 712 390 747 sectae
420 705 589 755 librum,
629 705 689 746 sic
709 705 927 761 Vergilius
956 706 1048 747 finit
1077 706 1120 747 in
1144 705 1371 763 Georgicis
1403 714 1609 761 quartum.
1670 705 1791 747 Haec
1820 706 1899 746 ita-

73 795 152 836 que
183 795 277 821 cum
307 779 415 820 libro
447 794 520 820 suo
550 778 717 820 uidetur
746 779 873 834 loqui,
907 793 1030 834 quem
1061 780 1291 835 inpositum
1322 788 1417 821 ante
1438 780 1564 821 finem
1587 779 1786 834 cupidum
1809 794 1898 820 esse

72 853 173 895 dicit
202 853 245 894 in
275 853 491 908 publicum
537 853 786 907 prodeundi,
833 868 926 894 cum
957 854 1071 895 domi
1101 853 1378 895 continendus
1425 853 1488 901 sit,
1535 868 1586 893 ne
1633 853 1676 893 in
1722 867 1899 908 magnos

71 927 245 969 lectores
283 926 474 968 incidens
518 926 790 981 uituperetur.
863 930 1098 969 Vortumnus
1129 934 1268 968 autem
1300 927 1401 967 deus
1433 934 1494 968 est
1524 941 1694 981 praeses
1725 933 1898 967 uertun-

73 1001 220 1042 darum
250 1015 401 1050 rerum,
436 999 515 1042 hoc
545 1007 618 1048 est,
663 1000 935 1041 emendarum
967 1010 1004 1041 et
1035 1000 1368 1048 uendendarum,
1415 1000 1486 1054 qui
1518 999 1560 1040 in
1592 1000 1685 1041 uico
1718 999 1898 1041 Turario

73 1075 271 1117 sacellum
300 1073 459 1115 habuit.
521 1074 645 1115 Ianus
676 1088 841 1128 quoque
873 1074 1064 1115 similiter
1093 1074 1211 1115 uicus
1241 1081 1303 1115 est
1333 1073 1385 1115 ab
1418 1073 1520 1115 Iano
1551 1074 1721 1130 gemino
1744 1073 1804 1115 sic
1825 1073 1900 1114 ad-

72 1149 264 1204 pellatus,
311 1147 384 1202 qui
414 1148 457 1188 in
488 1162 536 1188 co
567 1162 709 1188 arcum
740 1147 866 1188 habet
896 1147 977 1189 sibi
1009 1155 1310 1189 consecratum.
1383 1146 1468 1188 Per
1513 1162 1618 1201 quos
1664 1148 1763 1188 deos
1808 1147 1901 1189 loca

73 1222 294 1279 significat,
340 1221 382 1261 in
429 1221 580 1276 quibus
612 1236 703 1262 cum
737 1221 912 1262 caeteris
942 1220 1067 1262 rebus
1098 1221 1223 1262 etiam
1254 1220 1352 1261 libri
1382 1221 1552 1262 uenales
1597 1229 1726 1261 erant.
1789 1219 1901 1262 Sane

73 1304 112 1338 et
142 1311 192 1337 ex
222 1295 286 1336 his
316 1294 508 1336 uersibus
539 1302 578 1335 et
609 1294 651 1334 in
682 1294 893 1349 principio
925 1294 1137 1348 sequentis
1171 1294 1269 1335 libri
1314 1301 1503 1349 apparet,
1550 1293 1776 1335 Horatium
1821 1294 1900 1335 hoc

72 1370 269 1412 uolumen
301 1368 420 1423 quasi
450 1368 726 1410 nouissimum
757 1368 882 1410 totius
912 1367 1052 1423 operis
1082 1367 1298 1417 habuisse3
1331 1383 1427 1408 nam
1460 1368 1691 1409 secundum
1722 1367 1898 1423 Epistu-

71 1445 206 1487 larum
239 1450 405 1485 coactus
436 1442 601 1484 adiecit.

186 1519 223 1559 2.
255 1517 426 1559 Scilicet.
484 1515 550 1557 Ἐν
592 1516 812 1571 ὑποκρίσει,
860 1516 980 1570 quasi
1009 1530 1189 1571 magnae
1220 1515 1466 1557 temeritatis
1512 1515 1576 1565 sit,
1622 1515 1702 1557 hoc
1746 1515 1901 1556 librum

72 1591 266 1633 uoluisse.
325 1600 369 1633 ut
378 1599 548 1647 prostes.
606 1589 866 1643 Proponaris
896 1589 1141 1644 uenalisque
1172 1589 1240 1630 sis.
1303 1590 1727 1645 Sosiorumpummu.
1789 1587 1902 1630 Sosii

73 1665 145 1707 illo
174 1672 362 1721 tempore
391 1665 540 1705 fratres
570 1670 689 1704 erant
717 1662 973 1718 bibliopolae
1004 1662 1279 1704 celeberrimi.

187 1741 224 1781 3.
259 1740 389 1781 Oclisli
421 1739 567 1779 claues.
629 1735 771 1778 Odisti
801 1736 960 1778 includi
991 1743 1030 1777 et
1061 1735 1136 1777 sub
1169 1735 1309 1792 sigillo
1340 1750 1443 1786 esse,
1480 1736 1593 1790 quod
1624 1736 1803 1791 pudicis,
1836 1735 1901 1777 in-

76 1812 176 1868 quit,
207 1821 374 1869 gratum
405 1826 493 1854 esse
526 1810 753 1853 consueuit.

187 1889 225 1928 4.
258 1888 405 1928 Paucis
437 1894 506 1928 ost.
537 1887 668 1940 yemis.
741 1883 887 1935 Doles,
934 1883 1082 1938 inquit,
1128 1883 1240 1938 quod
1284 1883 1431 1938 paucis
1476 1882 1659 1924 recitem.
1693 1882 1902 1938 (reciteris

78 1959 127 2004 C.
158 1960 328 2016 Herm.)

189 2036 425 2077 communia.
487 2032 731 2075 Conuentus
762 2030 967 2087 publicos.

189 2110 226 2149 7.
259 2109 295 2149 8.
328 2116 365 2149 et
394 2109 468 2149 scis
501 2107 548 2148 In
580 2107 697 2148 breue
729 2114 762 2147 te
794 2106 889 2160 coqz'.
956 2102 1053 2144 Hoc
1084 2109 1163 2144 est:
1196 2116 1274 2144 nec
1297 2102 1416 2158 (ego)
1438 2108 1583 2152 totum,
1619 2116 1697 2143 nec
1727 2117 1803 2157 per
1833 2117 1901 2144 or-

77 2181 217 2223 dinem
246 2180 416 2222 recitari
445 2179 613 2221 fastidio
643 2185 901 2234 poscentum.

190 2256 227 2296 9.
264 2255 421 2306 Quodsi
447 2268 526 2295 non
558 2253 645 2295 odio
669 2266 779 2308 pecc.
841 2249 1020 2292 Sensus:
1059 2248 1224 2302 Quodsi
1254 2263 1334 2305 ego
1366 2248 1486 2303 quasi
1517 2263 1654 2304 augur
1684 2248 1759 2289 tibi
1791 2262 1902 2289 nunc

77 2327 269 2384 peccanti
299 2328 438 2369 futura
468 2326 681 2381 praedico,
713 2340 798 2366 non
828 2324 924 2365 odio
955 2323 1015 2365 tui
1045 2323 1205 2378 loquor.

192 2403 256 2444 10.
294 2402 422 2443 Carus
458 2417 488 2442 e.
512 2401 558 2442 R.
620 2398 803 2440 Tamdiu
832 2397 994 2439 Romae
1025 2411 1147 2439 carus
1182 2396 1276 2447 eris,
1323 2395 1523 2450 quamdiu
1554 2395 1775 2436 retinueris
1806 2394 1900 2450 pul-

168 2529 321 2560 PORPH.
368 2528 467 2558 Inscr.
492 2528 612 2557 nullae.

192 2587 226 2625 3)
246 2585 434 2616 Vortumnia
450 2594 621 2622 numquam
640 2583 682 2613 M.
701 2583 861 2612 uortfimia
878 2589 1033 2620 nunquam
1045 2581 1080 2610 R.
1099 2581 1310 2611 Vertumnum
1327 2580 1367 2609 A.
1385 2580 1578 2609 Vertumnum
1606 2588 1632 2608 a.
1653 2578 1721 2607 rell.
1740 2578 1902 2608 Vertumn.

80 2661 120 2665 ——
135 2644 175 2673 ad
188 2644 271 2673 hanc
289 2644 347 2673 loc.
365 2643 406 2672 M.
426 2643 466 2672 ad
483 2643 566 2671 hanc
584 2642 660 2670 eloe.
678 2640 716 2670 P..
743 2641 826 2668 hane
843 2640 901 2668 lzcc.
923 2638 960 2668 G.
979 2639 1061 2667 hanc
1080 2638 1273 2667 locutionem
1290 2638 1377 2666 vafh.
1428 2636 1463 2675 4)
1489 2639 1692 2674 praesentem
1717 2634 1807 2664 vafh.
1833 2635 1903 2664 rell.

80 2710 139 2731 om.
187 2701 221 2739 5)
243 2704 274 2729 et
297 2704 415 2738 recept.
440 2699 510 2728 MR.
559 2699 594 2737 G)
619 2697 715 2726 Unde
731 2696 757 2725 si
773 2696 843 2724 MR.
862 2695 931 2724 rell.
950 2694 990 2724 U.
1008 2694 1061 2724 sic.
1113 2694 1146 2732 7)
1166 2694 1255 2732 Virg.
1277 2699 1423 2732 quartum
1444 2693 1531 2731 (1111.
1547 2693 1580 2731 a)
1599 2691 1716 2729 Georg.
1734 2691 1820 2720 Haec
1837 2691 1904 2720 afh.

81 2757 134 2788 Sic
149 2758 216 2787 Vir.
236 2757 310 2787 finit
327 2766 398 2795 geo.
416 2756 490 2785 1111.
508 2765 539 2784 v.
591 2755 624 2793 8)
652 2754 716 2791 inp.
743 2763 763 2782 α
787 2757 818 2782 te
846 2753 906 2781 fine
930 2751 1002 2780 MR.
1033 2752 1108 2789 imp.
1134 2760 1152 2780 a
1177 2753 1209 2779 te
1233 2750 1255 2780 f.
1284 2749 1321 2780 G.
1372 2751 1406 2789 9)
1433 2747 1602 2787 prodeunti
1625 2747 1694 2776 MR.
1748 2748 1802 2786 10)
1827 2747 1905 2777 Vor-

80 2818 206 2844 tumnus
223 2813 328 2842 MRA.
354 2811 534 2842 Vertundus
561 2811 588 2840 2.
614 2810 808 2839 Vertomnus
831 2819 862 2838 v.
878 2817 1077 2846 —praeseozs
1094 2807 1325 2836 uertandarum
1341 2806 1417 2845 (sic)
1432 2806 1475 2835 M.
1528 2805 1582 2843 11)
1609 2804 1703 2833 uend.
1731 2807 1762 2833 et
1788 2813 1846 2833 em.
1874 2805 1903 2833 2.

82 2888 123 2892 ——
146 2870 264 2899 turario
288 2869 352 2898 ΜΞ.
378 2869 503 2899 curario
528 2867 565 2896 R.
597 2866 746 2896 leurario
770 2865 860 2895 vafh.
926 2865 980 2904 14)
1006 2865 1091 2903 sign.
1117 2864 1186 2893 loca
1209 2864 1298 2893 vafh.
1331 2864 1406 2892 deos
1432 2863 1503 2893 loca
1527 2861 1560 2890 M
1586 2860 1769 2899 (perperam
1793 2859 1851 2889 ref.
1878 2859 1906 2895 Q

81 2927 189 2966 locos).
226 2936 281 2965 per
306 2935 384 2964 quos
410 2925 484 2954 deus
509 2924 596 2962 lonqa
622 2924 705 2961 sign.
732 2922 767 2951 R.
794 2940 837 2942 —
862 2922 980 2951 uemale
1009 2924 1099 2950 erant
1124 2920 1167 2949 M.
1236 2921 1290 2959 15)
1318 2920 1401 2949 Sane
1427 2923 1453 2947 et
1477 2928 1517 2947 ex
1541 2917 1611 2946 MR.
1637 2917 1707 2948 rell.
1744 2916 1827 2947 Sane
1852 2925 1905 2946 ex.

79 2983 119 3027 gis
143 2985 172 3013 2.
198 2984 268 3013 rell.
286 2982 343 3012 leis.
371 2990 502 3020 sequens
526 2980 569 3009 M.
622 2980 677 3017 18)
702 2979 795 3008 Ilicet
812 2978 855 3008 M.
874 2979 976 3007 illicet
999 2977 1035 3007 R.
1063 2974 1092 3006 ἐν
1117 2985 1280 3019 υποχρισει
1304 2975 1346 3004 Μ.
1374 2972 1404 3005 ἐν
1429 2971 1593 3016 ὑποκρίσει
1616 2973 1654 3003 Α.
1675 2971 1796 3012 (G?Q).
1822 2976 1905 3011 spat.

82 3049 148 3070 uae.
173 3040 210 3070 R.
237 3040 306 3069 rell.
332 3048 391 3068 om.
442 3037 498 3076 19)
525 3037 676 3066 uoluisse.
702 3036 834 3065 Prostes
859 3039 956 3065 autem
979 3043 1069 3073 prop.
1095 3033 1143 3063 fh.
1164 3033 1331 3070 —puniee
1356 3031 1428 3061 MR.
1454 3030 1528 3061 Sosi
1550 3029 1691 3069 MG<Q).
1718 3030 1787 3059 rell.
1814 3028 1906 3060 Sosii.

84 3097 141 3136 26)
167 3101 269 3127 totum
293 3105 352 3126 nec
376 3093 598 3133 MRA2G(Q).
636 3096 739 3122 totum
776 3096 801 3122 te
835 3091 923 3122 vafh.
988 3091 1044 3130 21)
1070 3093 1244 3128 poscentem
1267 3087 1312 3117 M.
1339 3091 1478 3126 poscetem
1502 3087 1538 3117 R.
1562 3085 1757 3125 poscentium
1782 3086 1811 3116 2.
1836 3086 1906 3116 rell.

83 3157 272 3192 poscentem.
297 3152 438 3183 reiterari
463 3151 523 3181 Th.
549 3150 694 3180 Schmid.
721 3150 753 3179 in
780 3149 828 3179 ed.
854 3148 937 3187 Epp.
966 3148 1062 3178 1828.
1109 3147 1167 3187 28)
1192 3155 1277 3176 nunc
1300 3143 1517 3184 MRA(G?Q).
1544 3144 1613 3174 rell.
1638 3152 1713 3174 non.

1947 566 1964 596 27!

1930 933 1966 965 10

1928 2403 1969 2435 30
