2148 3412
858 148 905 180 m
931 149 1065 181 sumu.
1092 150 1136 188 11,
1163 154 1192 182 6.
1860 140 1942 181 309

225 273 366 314 modus
395 274 489 325 aqrz'
514 286 593 313 non
614 273 668 312 ita
690 286 872 325 maqnus.
938 272 1067 328 [Hoc,
1099 273 1249 327 inquit,
1281 273 1515 330 optaba1n,]
1548 280 1591 315 ut
1622 273 1821 315 haberem
1853 289 1943 315 mo-

113 346 251 386 dicum
284 360 433 400 agrum
465 352 503 386 et
540 345 581 385 in
620 360 668 386 eo
703 346 861 403 fontem
903 353 940 386 et
979 346 1165 387 uicinam
1211 347 1373 388 siluam.
1434 347 1536 389 Plus
1568 355 1706 389 autem
1739 348 1945 389 concessit

112 420 290 468 fortuna,
323 423 448 473 quam
480 433 646 473 semper
676 419 833 473 optaui.
894 422 957 460 ita.
989 419 1139 460 Valde.

224 494 326 547 z'uqi's
358 507 484 548 aquae
513 493 617 546 fons.
678 492 897 542 Perennis,
933 492 1208 549 [continuus]
1240 494 1380 535 iuncte
1410 495 1590 536 fluentis.

225 568 262 607 3.
298 567 348 607 Et
361 568 537 622 paulum
557 568 692 607 siluae.
754 566 883 607 Recte
915 566 968 606 ad
999 567 1140 608 onmia
1172 567 1412 622 respondit:
1450 568 1591 619 Foret,
1623 577 1667 609 ut
1699 569 1768 611 sit:
1801 570 1873 611 ubi
1905 580 1946 611 et

113 641 254 682 hortus
284 640 401 689 foret,
436 648 475 680 et
505 640 611 689 fons,
643 647 683 680 et
714 640 885 694 paulum
918 641 1061 682 siluae.
1122 656 1243 697 super
1271 642 1342 683 his.
1403 642 1582 697 Insuper
1613 644 1762 698 posita,
1795 659 1945 698 agrum

115 721 189 755 etc.
249 715 422 764 auctius,
453 727 579 766 quam
611 720 868 766 optaueram.

224 788 262 827 4.
300 788 353 827 Da·
379 787 528 828 melius.
588 786 639 827 Id
671 794 750 828 est:
783 787 885 828 uicit
915 802 1053 829 meum
1084 796 1227 830 uotum
1260 789 1480 830 numinum
1513 790 1643 831 fauor.

224 861 286 901 m'l
314 861 484 917 atnplius
515 876 598 902 oro.
659 860 711 901 Id
742 868 815 911 est,
848 869 958 916 opto.

229 938 264 974 5.
298 935 413 977 Maia
443 943 546 975 nate.
608 933 647 975 O
679 934 882 976 Mercuri.

221 1009 399 1064 propria.
457 1007 683 1062 Perpetua,
730 1015 833 1058 rata,
878 1009 1018 1057 firma3
1068 1008 1114 1065 [i.
1146 1009 1200 1065 e]
1240 1010 1307 1051 fac
1337 1010 1440 1051 mihi
1472 1011 1773 1065 patrimonium
1805 1026 1945 1053 meum

116 1088 272 1122 certum
303 1095 406 1130 esse,
439 1081 473 1122 si
504 1096 588 1121 non
619 1081 754 1123 habeo
785 1082 897 1123 mala
927 1091 965 1123 et
998 1082 1122 1124 stulta
1152 1090 1261 1124 uota.
1321 1085 1442 1137 faxis.
1473 1083 1639 1125 Facias.

227 1156 263 1196 5.
298 1156 334 1195 6.
366 1156 491 1208 saxis.
515 1155 562 1195 Si
581 1170 703 1210 neque
724 1157 915 1197 maiorem
936 1158 965 1210 f.
989 1172 1023 1198 r.
1044 1172 1093 1198 m.
1118 1172 1214 1198 rem.
1275 1156 1341 1198 Tu
1362 1171 1414 1198 ne
1436 1157 1614 1207 minuas,
1646 1166 1689 1198 tu
1720 1174 1772 1199 ne
1805 1161 1948 1214 (nec?)

116 1228 249 1269 maius
279 1227 461 1282 facias.†)

229 1303 268 1343 6.
300 1304 465 1343 ratione.
498 1300 707 1342 Auaritia.

228 1378 263 1416 7.
295 1377 404 1417 uitio.
463 1375 698 1425 Effusione‚
731 1375 910 1416 luxuria.

227 1452 263 1491 8.
297 1450 343 1491 Si
369 1464 542 1491 ueneror
560 1451 718 1491 stultus.
779 1450 829 1490 Id
860 1456 939 1491 est:
974 1450 1007 1491 si
1039 1464 1122 1491 non
1145 1450 1279 1492 habeo
1302 1451 1427 1492 stulta
1456 1458 1565 1493 uota.
1626 1454 1784 1494 stultus.
1817 1453 1951 1505 Quasi

117 1523 274 1565 stultus.
340 1524 439 1565 nihil
469 1524 627 1566 horum.
689 1523 812 1576 Quae
846 1524 960 1566 dicit.

229 1597 274 1639 Si
303 1598 478 1653 (mqulus
496 1624 547 1627 ,ἢ
568 1599 755 1640 Hercule.
820 1598 1082 1652 l'ersz'us(11‚
1106 1600 1199 1653 ll):
1234 1599 1316 1640 Sub
1348 1609 1479 1641 raslro
1512 1609 1644 1657 crepet
1676 1603 1839 1656 aryenti
1857 1602 1956 1643 mz'lu'

117 1673 221 1713 seria
252 1672 414 1724 (deoetro
451 1673 657 1727 Hercule).

229 1746 265 1786 9.
298 1746 518 1786 denormat.
581 1745 830 1802 [Deturpat]
864 1746 1101 1796 Deformat,
1135 1746 1322 1787 decurtat
1354 1756 1394 1787 et
1414 1746 1679 1801 inaequalem
1702 1748 1812 1790 facit.
1874 1748 1953 1790 Est

118 1826 257 1859 autem
278 1834 436 1869 norma,
469 1819 523 1859 ad
546 1833 671 1873 quam
692 1834 906 1861 mensores
938 1820 1127 1876 dirigunt
1146 1821 1263 1869 fines,
1296 1820 1439 1861 habita
1461 1822 1754 1876 perpendiculi
1777 1823 1951 1864 ratione.

230 1895 299 1948 qul
325 1908 363 1934 η.
397 1895 605 1935 denormat
636 1894 822 1948 offellum.
883 1894 933 1934 Id
965 1904 1044 1935 est:
1079 1893 1151 1948 qui
1182 1909 1332 1949 agrum
1363 1894 1626 1936 determinat.

232 1968 298 2008 10.
330 1967 365 2008 0
395 1969 432 2008 si
458 1982 620 2009 urnam.
681 1966 737 2008 Et
769 1983 793 2008 o
827 1968 860 2008 si
892 1968 1133 2009 thesaurum
1166 1968 1381 2009 inuenero.
1442 1971 1529 2023 sors
1561 1984 1673 2025 quae.
1704 1970 1876 2025 Aliqua.

231 2042 295 2081 10.
328 2055 428 2096 quae
458 2042 563 2082 mihi.
596 2039 682 2082 Sic.
742 2050 787 2083 ut
817 2043 887 2083 illi.
922 2039 1054 2083 Sicut.

232 2115 295 2155 12.
329 2116 451 2156 duces.
512 2114 647 2156 Deest
676 2116 834 2170 factus..

231 2189 296 2229 12.
331 2190 395 2230 13.
428 2191 554 2231 amico
589 2190 775 2232 Hercule.
836 2188 923 2242 Qui
954 2204 1148 2245 praeesse
1181 2190 1387 2232 thesauris
1418 2190 1583 2232 dicitur.
1662 2190 1776 2243 Quia
1808 2191 1846 2232 ei
1878 2205 1954 2246 per

120 2261 300 2316 quietem
330 2263 570 2304 thesaurum
602 2264 782 2305 traditur
811 2264 1133 2315 demonstrasse,
1172 2272 1243 2306 aut
1273 2265 1385 2319 quod
1405 2264 1635 2306 Herculem
1668 2265 1953 2306 mercenarius

235 2426 266 2464 l)
293 2426 361 2456 Hoc
386 2427 453 2465 inq.
481 2431 626 2464 optaram
651 2426 712 2464 (fh.
740 2428 810 2456 rell.
839 2426 998 2467 optabam)
1024 2437 1083 2456 om.
1109 2437 1136 2469 γ.
1197 2427 1232 2466 3)
1261 2437 1354 2466 (pram
1379 2437 1494 2466 semper
1519 2427 1627 2465 optavi
1648 2426 1716 2469 ·(,C.
1744 2436 1838 2465 quam
1863 2430 1953 2464 opta-

120 2490 182 2510 rem
204 2482 291 2511 vafh.
330 2493 424 2521 quam
450 2488 605 2521 optaram.
635 2483 663 2518 Q
689 2483 861 2522 perhennis
885 2483 989 2513 iuncte
1015 2484 1136 2513 fluentis
1160 2494 1186 2526 γ,
1214 2485 1379 2522 perennis,
1416 2484 1552 2514 cmztimco
1582 2485 1711 2513 fluentis
1738 2483 1775 2513 C.
1802 2484 1871 2513 rell.
1899 2493 1953 2521 pe-

121 2539 238 2576 rennis,
265 2540 443 2569 continuas.
471 2539 594 2578 Scripsi
621 2541 769 2570 continue
793 2541 884 2569 Varr.
912 2540 963 2575 IV,
985 2542 1013 2570 5.
1064 2541 1098 2579 5)
1124 2541 1288 2579 respondit
1310 2551 1335 2581 γ.
1363 2541 1432 2570 ΓΘΗ.
1460 2541 1634 2579 respondet.
1685 2540 1719 2578 6)
1745 2539 1880 2578 Insuper
1898 2550 1954 2578 po-

122 2595 193 2624 sita.
211 2604 324 2634 agrum
343 2601 403 2626 ete.
428 2606 455 2639 γ.
483 2597 552 2626 rell.
579 2606 638 2626 om.
689 2597 723 2633 7)
748 2597 876 2633 auctius,
903 2607 997 2635 quam
1024 2603 1209 2636 optaueram
1234 2608 1261 2639 γ.
1287 2599 1356 2627 ΓΘΗ.
1382 2608 1443 2629 0111.
1471 2599 1620 2635 optabam
1640 2596 1674 2626 C.
1725 2596 1760 2635 8)
1786 2597 1822 2626 Id
1849 2602 1898 2627 est
1914 2615 1953 2618 ἢ

123 2649 212 2681 fauor
234 2662 261 2694 γ.
287 2653 374 2683 Vicit
399 2654 481 2692 quod
507 2654 618 2691 optaui
646 2654 784 2683 numinis
809 2655 910 2690 fauor,
936 2655 1017 2684 uicit
1043 2659 1152 2684 uotum
1178 2665 1283 2684 meum
1311 2654 1346 2684 C.
1374 2655 1442 2684 rell.
1469 2664 1530 2684 om.
1597 2656 1631 2692 9)
1657 2654 1747 2692 ampl.
1774 2658 1838 2683 orto
1863 2653 1953 2692 (sic).

123 2707 143 2736 i.
171 2717 197 2737 e.
223 2712 298 2746 opto
323 2719 350 2751 γ.
376 2720 439 2738 ονο.
465 2714 540 2748 opto
565 2709 598 2740 C.
626 2711 695 2740 rell.
722 2721 782 2740 om.
835 2711 890 2749 13)
917 2711 965 2740 Tu
992 2729 1030 2731 ---
1059 2711 1160 2741 facias
1187 2722 1214 2753 γ.
1243 2712 1311 2741 rell.
1339 2722 1399 2741 om.
1452 2710 1507 2750 15)
1531 2711 1680 2740 Auaritia
1705 2710 1768 2752 320.
1795 2711 1864 2739 rell.
1891 2720 1953 2740 om.

128 2764 181 2804 16)
204 2766 369 2805 Effusione
394 2768 524 2797 luxuria
549 2778 574 2809 γ.
612 2769 754 2805 luxuria,
788 2768 977 2806 profusione
1002 2768 1036 2798 C.
1062 2768 1132 2797 rell.
1160 2778 1222 2798 om.
1261 2769 1413 2806 effusione
1440 2769 1535 2798 etiam
1562 2772 1658 2797 recte.
1685 2767 1766 2796 Plin.
1793 2767 1872 2796 Pan.
1902 2768 1954 2796 38.

126 2821 194 2851 Liu.
220 2823 395 2860 xxxxw,
423 2827 450 2853 9.
478 2830 509 2854 et
536 2824 701 2855 effusiones
726 2824 790 2854 Cic.
818 2825 911 2854 Rosc.
939 2824 1010 2865 Ain.
1039 2826 1091 2854 46.
1154 2825 1210 2863 18)
1239 2825 1328 2861 Quae
1354 2825 1430 2854 dicit
1458 2835 1485 2865 γ.
1512 2825 1582 2853 ΓΘΗ.
1609 2834 1668 2853 om.
1736 2824 1791 2862 19)
1819 2824 1954 2853 Persius.

125 2879 181 2908 sub
212 2884 315 2910 rastro
348 2899 389 2901 w-
423 2882 508 2911 seria
531 2891 558 2923 γ.
586 2882 654 2911 ΓΘΗ.
683 2891 741 2911 om.
809 2881 866 2919 21)
894 2881 1055 2919 Dcturpat
1081 2892 1140 2911 om.
1167 2880 1233 2923 ·(‚C.
1271 2882 1440 2911 Deformat
1465 2890 1491 2922 γ.
1519 2881 1586 2910 ΓΘΗ.
1614 2890 1673 2910 om.
1712 2881 1860 2910 decurtat
1886 2880 1953 2922 ·(‚C.

125 2935 181 2974 22)
206 2945 363 2966 mensores
388 2937 452 2978 -(‚C.
479 2938 548 2967 rell.
576 2948 753 2967 mensuras.
781 2947 878 2967 mens.
905 2938 964 2967 dir.
994 2939 1073 2967 fines
1099 2948 1124 2979 γ.
1151 2937 1361 2976 inens.fineis
1385 2937 1535 2976 aequalez's
1553 2938 1612 2966 dir.
1632 2936 1666 2966 C.
1686 2938 1754 2967 rell.
1775 2947 1834 2968 om.
1862 2939 1954 2966 lines.

127 2993 331 3028 percendiculi
355 3003 383 3035 γ.
434 2995 491 3033 23)
517 2994 554 3023 Id
581 2998 628 3024 est
653 2995 707 3033 qui
734 3004 801 3032 agr.
830 2995 962 3023 determ.
988 3004 1013 3035 γ.
1041 2996 1110 3024 rell.
1139 3005 1198 3024 om.
1249 2996 1307 3033 24)
1334 2995 1374 3023 Et
1399 3004 1415 3023 o
1441 2995 1467 3023 si
1494 2994 1539 3024 th.
1568 2994 1722 3024 inuenero
1748 3004 1774 3035 γ.
1800 2995 1867 3024 ΓΘΗ.
1894 3004 1954 3024 om.

129 3045 153 3076 C
170 3048 265 3078 habet
283 3050 381 3079 schol.
400 3050 645 3090 Porphyiionis.
696 3051 754 3088 25)
782 3060 856 3089 quae
873 3050 953 3079 milri.
981 3050 1030 3080 Sit
1047 3061 1073 3092 γ.
1093 3053 1161 3081 ΓΘΗ.
1182 3062 1241 3081 om.
1268 3051 1358 3080 Sit-ut
1384 3060 1409 3092 γ.
1428 3051 1499 3079 rell.
1520 3060 1580 3079 om.
1631 3050 1689 3089 27)
1717 3051 1779 3085 Qui
1807 3060 1955 3089 praeesse

127 3102 286 3134 thesauris
312 3106 429 3136 dieitur
455 3117 480 3148 γ.
518 3109 625 3145 glossa
651 3108 769 3145 partim
803 3108 930 3137 iterata.
959 3108 1029 3136 rell.
1058 3118 1118 3138 om.
1185 3108 1241 3145 28)
1268 3112 1321 3136 cmc
1343 3107 1422 3146 quod
1445 3117 1470 3148 γ.
1497 3106 1568 3137 ΓΘΗ.
1607 3107 1683 3136 Aut.
1722 3125 1751 3127 Q
1780 3107 1956 3137 herculeum

126 3167 152 3199 γ.
186 3163 417 3193 menennarius
443 3173 470 3205 ‘i‘-
536 3163 568 3201 †)
595 3163 654 3200 Tu,
683 3173 721 3193 ne
747 3165 885 3201 minuas,
911 3168 991 3193 [uum
1016 3164 1098 3201 (rem
1124 3164 1228 3202 tuam)
1256 3165 1359 3194 maius
1385 3163 1495 3194 facias.
1523 3162 1557 3193 C.
1586 3163 1761 3193 Hermann.

1994 579 2010 608 <5¹

1974 945 2014 976 10

1976 1682 2018 1712 20

1980 2050 2020 2080 25
