2148 3412
155 919 192 951 10

158 1287 195 1318 15

218 117 300 158 130
853 122 956 154 Aca.
982 121 1041 153 ET
1068 119 1234 152 roam.
1261 119 1410 151 COMM.

326 252 394 291 44.
425 249 567 291 saltem
589 254 690 289 tenet
710 247 783 288 hoo
801 260 887 287 nos.
945 243 1018 284 Ad
1047 243 1091 284 id
1112 242 1306 298 pertinet,
1329 242 1444 296 quod
1466 241 1642 294 dixerat,
1663 255 1759 282 eum
1781 240 2042 283 causidicum

215 338 316 366 esse.
377 322 494 377 Ergo
527 335 673 362 sensus
704 325 785 360 est:
817 317 914 359 Hoc
944 331 1010 357 me
1041 316 1187 358 saltem
1218 316 1386 366 solatur,
1433 322 1478 356 ut
1507 315 1627 356 illum
1659 314 1901 364 sustineam,
1947 328 2043 356 cum

215 397 413 452 indigner
443 394 641 448 alioquin,
672 392 914 434 libertinum
945 396 1181 444 equestrem
1212 389 1461 445 dignitatem
1491 396 1762 430 consecutum
1793 402 1894 429 esse.

329 471 394 510 47.
426 470 494 509 48.
526 467 645 509 Nunc
676 467 771 521 qnia
802 467 878 506 sim
909 465 988 514 tibi,
1021 463 1161 514 Maean,
1193 463 1409 512 connector,
1443 470 1485 503 at
1514 461 1605 503 olim
1631 462 1750 512 Quod
1779 476 1830 502 m.
1851 475 1948 516 par.
1971 461 2042 516 leq.

217 544 290 585 Ro.
322 550 370 583 tr.
444 540 575 590 Dicit,
618 539 698 580 sibi
739 537 922 579 inuideri
966 551 1091 586 nunc,
1137 535 1249 590 quod
1280 535 1396 576 uiuat
1426 549 1520 576 cum
1550 533 1813 583 Maecenate,
1858 540 1897 574 et
1937 541 2045 585 ante,

217 615 331 670 quod
364 613 555 655 tribunus
586 611 789 654 militibus
819 611 1071 666 praefuerat,
1108 608 1229 663 quasi
1258 614 1482 662 utrumque
1514 622 1641 662 supra
1661 606 1941 649 humilitatem
1972 621 2046 662 ge-

217 688 330 730 neris
361 686 450 728 eius
481 686 545 727 sit.

330 762 396 802 49.
430 761 495 801 50.
528 761 623 815 qnia
653 772 734 800 non
763 766 808 799 nt
836 758 956 812 forsit
985 757 1172 798 honorem
1202 756 1299 797 Iure
1327 756 1426 796 mihi
1451 755 1580 808 innid.
1618 755 1753 810 quinis
1797 755 1821 795 i.
1866 762 1890 795 t.
1936 769 1970 810 q.
2014 769 2048 795 a.

218 833 554 876 Prudentissime
585 832 763 873 dictum:
810 830 1007 872 Forsitan
1039 829 1150 871 enim
1182 829 1329 870 merito
1363 828 1545 869 inuideri
1576 828 1727 869 debeat
1763 826 1840 884 [et]
1879 827 1930 877 ei,
1977 827 2050 882 qui

219 906 423 949 beneficia
466 906 659 961 fortunae
702 904 868 954 habeat,
914 918 1021 958 quae
1066 903 1317 957 plerumque
1347 908 1502 942 temere
1534 907 1574 942 et
1604 901 1693 942 sine
1723 900 1880 942 iudicio
1925 899 2050 942 ullius
2109 926 2120 943 ι.

219 981 458 1036 perueniat:
505 986 546 1020 at
576 978 806 1019 amicitiam
835 976 1097 1018 Maecenatis
1129 975 1329 1030 consequi
1359 975 1441 1016 nisi
1472 975 1626 1016 uirtute
1658 974 1702 1015 in
1733 989 1777 1016 se
1821 979 2051 1029 prouocat-a

218 1069 303 1095 non
333 1052 481 1108 potuit.
540 1051 677 1093 Porro
708 1058 848 1092 autem
882 1050 994 1105 quod
1030 1049 1182 1090 uirtute
1228 1063 1276 1090 ac
1321 1063 1422 1090 uero
1467 1048 1624 1089 iudicio
1669 1047 1762 1102 quis
1793 1047 2050 1101 adsequitur,

219 1126 403 1169 inuideri
434 1126 473 1167 ei
503 1140 587 1167 non
619 1124 756 1174 debet,
789 1139 885 1165 cum
919 1138 1076 1179 magno
1106 1122 1250 1164 labore
1279 1122 1360 1164 hoc
1391 1121 1429 1162 ei
1460 1127 1632 1163 constet.

334 1201 397 1242 56.
431 1201 497 1241 57.
532 1200 581 1241 Ut
609 1200 704 1240 ueni
732 1212 869 1240 coram.
899 1198 1106 1252 sinqultim
1130 1211 1200 1252 pa.
1231 1197 1386 1237 locutus
1418 1196 1565 1248 Infans
1595 1208 1766 1250 namque
1792 1194 1928 1250 pudor
1953 1208 2051 1250 pro·
2110 1190 2119 1244 ς’

222 1275 298 1315 Izib.
323 1274 453 1330 plara
477 1273 588 1329 prof.
647 1271 923 1313 Manifestum
956 1277 1030 1320 est,
1062 1270 1264 1311 infantem
1296 1284 1320 1310 a
1350 1283 1434 1310 non
1464 1268 1592 1310 fando
1623 1282 1734 1309 nunc
1765 1267 1935 1318 dixisse,
1976 1281 2054 1310 nec
2110 1254 2117 1288 3³

221 1348 333 1389 enim
365 1347 418 1387 ad
450 1352 626 1387 aetatem
658 1345 835 1386 relatum
867 1351 939 1385 est.
998 1343 1133 1385 Porro
1163 1343 1268 1384 haec
1298 1356 1446 1384 reuera
1477 1348 1627 1383 natura
1656 1340 1778 1383 nobis
1808 1347 1882 1390 est,
1924 1346 1971 1382 ut
2000 1340 2054 1382 ad

222 1419 478 1463 sublimioris
516 1418 734 1475 dignitatis
773 1418 901 1467 uiros,
934 1432 1030 1459 cum
1061 1417 1198 1458 adhuc
1228 1415 1364 1471 ignoti
1394 1415 1648 1465 accedimus,
1692 1413 1950 1456 uerecundia
1978 1429 2054 1457 nos

223 1494 413 1550 elingues
443 1492 581 1534 faciat.

221 1608 296 1638 qnae
320 1608 356 1627 ccc
381 1608 448 1636 seq.
477 1598 597 1627 scholio
622 1601 693 1627 orta
717 1597 880 1633 uidentur,
919 1596 994 1625 fiat:
1030 1599 1062 1625 nt
1085 1594 1117 1624 in
1152 1592 1282 1633 equestri
1303 1593 1409 1623 ordine
1434 1594 1641 1623 sustineatur.
1678 1593 1758 1623 conf.
1797 1593 2056 1624 emendationem
2116 1603 2119 1614 ³

223 1664 324 1685 meam
350 1656 388 1684 ad
414 1655 516 1693 Epod.
535 1654 574 1691 V,
594 1655 622 1688 7,
648 1654 703 1683 ubi
728 1653 873 1692 equitatus
897 1662 952 1691 pro
978 1652 1069 1690 uulg.
1097 1651 1170 1681 lect.
1196 1650 1355 1689 aequitatis
1380 1651 1482 1689 posui.
1508 1659 1564 1688 per
1589 1659 1677 1688 quem
1694 1649 1777 1680 2Gv.
1805 1659 1862 1688 per
1878 1660 1966 1689 quam
1982 1650 2054 1680 MR.

224 1721 278 1751 per
302 1711 379 1750 qnod
401 1710 494 1746 ath.
521 1711 656 1749 gloriam
679 1709 859 1746 MR2G‚va.
886 1708 990 1747 gloria
1015 1707 1091 1744 th.
1117 1707 1244 1737 efficere
1271 1708 1288 1736 2
1322 1707 1391 1737 rell.
1430 1706 1570 1737 efficeret
1604 1711 1632 1736 et
1665 1705 1743 1742 th.
1780 1707 1851 1736 rell.
1887 1711 1929 1738 ut.
1966 1716 2057 1746 aequo

223 1768 323 1798 animo
346 1778 431 1800 omn,
458 1768 543 1797 libri.
570 1767 751 1796 sustineatur
775 1766 928 1804 intellego
953 1775 983 1795 se
1006 1764 1160 1801 sustineat,
1198 1768 1234 1793 ut
1259 1763 1330 1793 Liu.
1355 1763 1441 1801 XXI,
1469 1764 1522 1794 35.
1551 1762 1643 1794 Caes.
1668 1763 1707 1793 B.
1734 1762 1773 1793 G.
1798 1763 1840 1801 II,
1868 1764 1896 1793 2.
1925 1762 1993 1794 Cic.
2020 1763 2057 1793 T.
2114 1786 2118 1798 ,-

223 1827 277 1855 IV.
300 1827 349 1855 18.
370 1825 506 1855 Constat
532 1825 628 1862 enim,
648 1824 866 1854 Octauianum
892 1822 997 1861 (Suet.
1019 1822 1134 1852 Octau.
1153 1821 1210 1860 35)
1237 1821 1384 1850 sordibus
1409 1821 1553 1850 ordinem
1580 1824 1758 1860 equestrem
1776 1829 1943 1859 purgasse.
1962 1820 2058 1850 dissi-

225 1883 322 1913 mulat
345 1883 382 1912 ab
406 1883 493 1911 huni.
520 1881 592 1911 MR.
621 1881 654 1920 (2
676 1891 716 1910 in.
742 1882 836 1920 corr.)
865 1879 902 1910 G.
931 1879 1132 1909 dissimulata
1156 1878 1342 1908 humilitate
1367 1886 1452 1907 omn.
1479 1877 1551 1906 edd.
1578 1882 1664 1908 recte
1688 1880 1830 1908 tuentur.
1882 1878 1938 1917 16)
1964 1886 2058 1907 exer-
2116 1871 2123 1895 ,¹

225 1940 283 1970 tius
300 1939 422 1968 MRAe.
442 1938 471 1967 A
497 1938 604 1967 addit:
632 1939 664 1967 in
689 1938 747 1967 alt.
773 1941 837 1966 uet.
863 1937 933 1966 cod.
959 1937 1100 1966 erectius.
1124 1935 1195 1964 rell.
1221 1934 1406 1964 exercitius.
2114 1972 2116 1975 ι

341 1996 373 2034 1)
401 1995 518 2024 dixerit
541 1994 646 2024 MRG.
672 1993 757 2023 dixit
781 1993 902 2031 2‚vassi.
929 1994 1061 2023 dixerat
1084 1992 1122 2028 Q.
1149 1991 1191 2022 C:
1218 1993 1278 2021 hoe
1304 1995 1363 2029 est,
1388 1992 1440 2022 hic
1465 1992 1593 2022 cohibet
1618 1991 1876 2030 indignationem
1901 1993 2058 2028 nostram,
2114 2018 2118 2032 s

226 2056 262 2083 ut
286 2054 512 2089 sustineamus,
538 2061 609 2081 eum
635 2052 789 2081 libertum
815 2052 847 2079 in
873 2051 1012 2088 equestri
1038 2050 1150 2080 ordine
1176 2050 1297 2087 sedere,
1324 2049 1410 2087 quod
1424 2050 1468 2079 sit
1492 2048 1652 2078 facundus
1679 2051 1710 2078 et
1736 2049 1898 2086 eloquens.
1948 2047 1983 2086 2)
2011 2050 2059 2077 est
2114 2049 2115 2053 ’

225 2121 285 2140 om.
312 2110 377 2139 afh.
442 2110 476 2148 3)
502 2112 681 2146 eqnestrnm
707 2108 741 2136 M
767 2107 838 2146 (H).
877 2111 1060 2145 equestrem
1085 2107 1220 2137 ordinem
1244 2111 1344 2136 tenere
1369 2105 1433 2136 afh.
1461 2114 1509 2144 eq.
1535 2104 1669 2134 ordinem
1693 2113 1819 2134 consec.
1847 2113 1918 2134 esse
1941 2114 1973 2134 v.
2023 2103 2058 2143 5)
2114 2096 2116 2110 ³

224 2166 281 2196 sihi
304 2164 525 2204 MRAeG(Q)‚
554 2174 582 2193 a.
606 2173 637 2193 se
660 2163 729 2194 vfh.
760 2182 800 2184 —
826 2173 910 2193 nunc
935 2173 996 2193 om.
1021 2164 1110 2193 vafh.
1137 2164 1224 2202 quod
1248 2173 1314 2193 cnm
1338 2164 1430 2193 uiuat
1455 2172 1526 2192 cum
1551 2170 1629 2191 mec.
1655 2165 1724 2190 ante
1760 2161 1844 2200 quod
1879 2161 1955 2191 trib.
1993 2169 2059 2190 me·
2114 2167 2116 2173 ’

226 2227 310 2253 cante
335 2223 419 2261 quod
437 2222 474 2253 R.
501 2221 571 2250 rell.
598 2222 681 2259 quod
707 2224 782 2251 ante
808 2222 877 2250 eius
903 2221 1031 2259 generis
1058 2222 1087 2250 2.
1137 2221 1172 2259 8)
1198 2220 1287 2250 forsit
1302 2218 1424 2257 M,th‚
1450 2222 1486 2248 ut
1501 2228 1584 2248 omn.
1603 2217 1671 2248 fere
1688 2218 1765 2247 libri
1783 2217 1872 2255 Hor„
1898 2216 2058 2256 perpauci,

226 2284 261 2310 ut
286 2280 405 2310 Bernn.
427 2278 491 2316 CF,
515 2278 619 2308 Harll.
647 2276 718 2321 ζηκ,
744 2277 862 2316 forsan,
889 2279 974 2317 quod
1000 2278 1121 2307 habent
1146 2277 1267 2316 R,an.
1284 2277 1402 2316 forsan
1428 2285 1469 2305 ex
1495 2276 1616 2306 scholio
1642 2278 1898 2313 transsumptum
1923 2275 1956 2304 in
1980 2274 2058 2312 Rva,

227 2338 282 2367 ubi
308 2346 364 2375 pro
389 2336 527 2366 forsitan
553 2346 605 2366 ex.
634 2338 700 2366 stat
713 2334 841 2374 forsan.
870 2335 1010 2365 forsitam
1026 2334 1068 2364 M.
1084 2333 1193 2373 forsit.
1213 2334 1352 2365 forsitan
1370 2334 1480 2372 glossa
1497 2333 1530 2362 in
1548 2331 1583 2362 C.
1635 2332 1669 2370 9)
1695 2336 1723 2361 et
1746 2341 1829 2362 omn.
1855 2332 1940 2361 libri.
1967 2331 2059 2361 uncis

227 2395 302 2426 incl,
330 2393 367 2431 Q,
394 2394 474 2423 falso
499 2398 606 2423 tamen
633 2393 716 2430 ideo,
743 2392 826 2430 quod
852 2395 938 2421 recte
964 2401 1027 2422 non
1053 2392 1190 2422 dieitur:
1227 2391 1378 2427 innicleor,
1411 2390 1466 2420 sed
1502 2389 1663 2419 inuidetnr
1697 2388 1779 2418 mihi.
1827 2387 1892 2418 Ubi
1917 2398 1978 2418 om.
2004 2389 2059 2418 da-

227 2451 328 2487 tiuus,
359 2454 394 2479 ut
419 2449 484 2479 Cic.
511 2449 546 2479 T.
573 2448 626 2487 IV,
655 2448 684 2485 7,
722 2449 787 2478 alia
812 2449 895 2478 ratio
921 2452 979 2479 est.
1029 2448 1114 2478 Hinc
1139 2458 1195 2487 pro
1220 2452 1248 2477 et
1270 2448 1362 2486 posui
1389 2447 1424 2485 ei,
1463 2446 1545 2485 quod
1572 2446 1670 2476 etiam
1696 2446 1800 2475 altera
1825 2445 1942 2476 scholii
1967 2448 2059 2484 parte

227 2507 441 2536 confirmatur.
493 2506 548 2544 10)
575 2505 685 2535 fortine
708 2505 752 2534 M.
805 2505 859 2543 ll)
887 2505 1013 2535 alicuius
1033 2505 1222 2543 perueniant
1237 2504 1297 2534 Α2.
1316 2504 1396 2533 illins
1413 2503 1503 2540 R,va.
1520 2502 1611 2533 ‘allius
1628 2502 1793 2541 perueniat
1808 2501 1851 2531 M.
1871 2503 2059 2540 praeueniat

228 2564 262 2593 R.
283 2564 499 2601 praeueniant
522 2573 552 2592 v.
582 2562 642 2592 illis
661 2562 852 2601 proueniant
887 2561 932 2591 fh.
971 2562 1138 2600 perueniat
1170 2561 1210 2590 ad
1235 2559 1397 2600 fortunae,
1436 2569 1500 2589 non
1537 2560 1578 2589 ad
1614 2557 1706 2597 benef.
1745 2559 1909 2597 pertinere
1944 2559 2057 2597 liquet.

228 2620 401 2649 Per-uenire
427 2620 466 2649 de
488 2619 618 2658 pecnnia
643 2620 830 2649 dicebatur:
858 2617 926 2648 Cic.
946 2618 982 2647 F.
998 2618 1040 2655 II,
1059 2619 1108 2648 17.
1134 2618 1215 2656 Nep.
1242 2617 1356 2655 Epam.
1383 2618 1412 2646 4.
1439 2617 1478 2646 de
1503 2615 1630 2646 diuitiis:
1657 2615 1735 2646 Sall.
1750 2616 1820 2654 Iug.
1839 2616 1890 2646 31.
1909 2625 2058 2654 pompon.

230 2687 279 2716 ap.
306 2678 386 2707 Nou.
417 2678 454 2706 10
482 2687 512 2706 n.
541 2677 592 2706 27.
618 2676 792 2705 Peruenire
818 2678 848 2705 et
868 2676 1043 2713 prouenire
1070 2673 1187 2712 (nasci,
1214 2678 1248 2703 ut
1276 2674 1420 2713 segetes)
1447 2673 1598 2704 consumi.
1626 2673 1724 2702 etiam
1749 2672 1820 2702 Liu.
1845 2672 1871 2709 I,
1900 2674 1950 2702 17.
2002 2671 2057 2711 11)

229 2734 271 2763 ad
293 2734 466 2764 amicitiam
490 2743 610 2763 mecen.
636 2732 774 2771 consequi
796 2733 858 2762 nisi
884 2733 1034 2762 uirtutem
1052 2733 1084 2761 in
1103 2741 1137 2761 se
1155 2736 1353 2770 prouocatmn
1378 2741 1442 2761 non
1468 2730 1572 2768 potuit
1597 2729 1640 2758 M.
1670 2727 1712 2758 ad
1734 2729 1894 2758 amicitias
1918 2737 2058 2758 maecen.
2108 2712 2111 2740 ἓ

231 2790 367 2829 consequi
390 2792 454 2820 nisi
479 2792 624 2820 uirtutem
647 2791 678 2819 in
704 2799 737 2819 se
763 2793 962 2828 prouocatam
986 2798 1016 2818 n.
1043 2798 1072 2826 p.
1099 2788 1135 2818 R.
1161 2793 1192 2817 at
1218 2788 1274 2827 (ad
1293 2787 1336 2827 G)
1363 2788 1537 2818 amicitiam
1561 2796 1602 2816 m.
1630 2795 1714 2815 cons.
1741 2786 1804 2815 nisi
1830 2785 1944 2815 uirtute
1968 2785 2002 2814 in
2026 2793 2059 2814 se

231 2852 398 2885 prouooata
424 2858 454 2877 n.
482 2858 512 2886 p.
536 2848 629 2883 A2Q.
656 2852 687 2877 ac
711 2847 889 2877 amicitiam
905 2846 1101 2876 Mecaenatis
1125 2844 1159 2875 fit
1186 2846 1269 2883 quod
1295 2846 1415 2875 uirtute
1441 2845 1475 2874 in
1501 2852 1534 2873 se
1559 2853 1649 2882 prou.
1676 2852 1706 2871 n.
1732 2843 1839 2880 potuit
1863 2852 1894 2871 v.
1921 2846 1956 2872 at
1980 2842 2059 2871 ami·
2108 2859 2126 2878 ρ

231 2904 326 2933 citiae
350 2904 492 2934 Mecoen.
520 2905 604 2943 quod
628 2905 748 2935 uirtute
772 2904 810 2933 sit
834 2913 921 2942 prou.
947 2913 977 2933 n.
1006 2905 1111 2942 potuit
1136 2913 1164 2934 a.
1189 2909 1221 2934 at
1244 2903 1383 2934 amicitia
1406 2903 1548 2932 Mecoen.
1577 2901 1695 2940 (Maec.
1715 2900 1757 2939 Q)
1778 2910 1807 2939 q.
1826 2910 1856 2929 u·
1881 2900 1924 2930 sit
1945 2909 2059 2938 prouo-

232 2965 303 2991 cata
328 2970 357 2989 n.
384 2970 413 2998 p.
441 2960 516 2996 th.
568 2962 623 3001 12)
649 2971 744 2999 porro
769 2970 840 2990 uero
859 2962 890 2991 2.
916 2978 957 2981 ---
983 2961 1140 2991 uirtutem
1165 2960 1199 2990 M
1224 2965 1256 2990 et.
1280 2961 1313 2989 h.
1340 2961 1360 2989 l.
1387 2963 1423 2989 ut
1448 2967 1601 2997 persaepe
1625 2966 1681 2996 pro
1706 2957 1859 2987 ablatiuo.
1886 2956 1996 2996 adseq.
2013 2955 2056 2986 M.

233 3018 358 3055 quisque
384 3018 412 3047 2.
464 3018 519 3056 13)
547 3017 687 3047 inuideri
709 3017 736 3047 ei
760 3018 789 3047 2.
817 3017 964 3047 inuidere
980 3016 1008 3046 ei
1022 3017 1083 3046 ΒΜ
1103 3017 1147 3056 (ei
1172 3018 1261 3056 del.).
1288 3026 1357 3046 cum
1382 3025 1443 3046 ma.
1468 3025 1534 3045 cnm
1550 3015 1613 3044 lab.
1630 3013 1678 3044 fh.
1728 3013 1784 3052 14)
1810 3013 1998 3052 singulatim
2013 3012 2056 3042 M.

237 3073 290 3112 15)
317 3073 539 3113 infannamque
564 3075 607 3104 M.
634 3074 794 3113 prohibeat
816 3074 859 3104 M.
913 3075 968 3114 16)
994 3074 1050 3105 linc
1073 3074 1117 3104 M.
1143 3073 1211 3104 linio
1235 3073 1283 3104 rei
1304 3077 1416 3103 natura
1440 3072 1533 3103 nobis
1558 3080 1634 3101 uera
1649 3070 1686 3100 R.
1713 3079 1747 3100 re
1764 3079 1841 3100 uera
1864 3070 1918 3100 Ιιοο
1935 3070 2057 3101 25111)-

234 3130 382 3160 limitalis
407 3130 443 3160 R.
