<?xml version="1.0" encoding="UTF-8"?>
<!DOCTYPE html PUBLIC "-//W3C//DTD XHTML 1.0 Transitional//EN"
    "http://www.w3.org/TR/xhtml1/DTD/xhtml1-transitional.dtd">
<html xmlns="http://www.w3.org/1999/xhtml" xml:lang="en" lang="en">
 <head>
  <title>
</title>
<meta http-equiv="Content-Type" content="text/html;charset=utf-8" />
  <meta name='ocr-system' content='tesseract 3.04.00' />
  <meta name='ocr-capabilities' content='ocr_page ocr_carea ocr_par ocr_line ocrx_word'/>
</head>
<body>
  <div class='ocr_page' id='page_1' title='image "acronisetporphyr02pseuuoft_0507.png"; bbox 0 0 2148 3412; ppageno 0'>
   <div class='ocr_carea' id='block_1_1' title="bbox 767 109 1858 155">
    <p class='ocr_par' dir='ltr' id='par_1_1' title="bbox 767 109 1858 155">
     <span class='ocr_line' id='line_1_1' title="bbox 767 109 1858 155; baseline 0.001 -7"><span class='ocrx_word' id='word_1_1' title='bbox 767 117 816 149; x_wconf 83' lang='lat' dir='ltr'>IN</span> <span class='ocrx_word' id='word_1_2' title='bbox 842 117 986 149; x_wconf 83' lang='lat' dir='ltr'>EPIST.</span> <span class='ocrx_word' id='word_1_3' title='bbox 1012 118 1038 155; x_wconf 86' lang='lat'>1,</span> <span class='ocrx_word' id='word_1_4' title='bbox 1068 121 1118 150; x_wconf 82' lang='lat'>19.</span> <span class='ocrx_word' id='word_1_5' title='bbox 1777 109 1858 149; x_wconf 84' lang='grc'>499</span> 
     </span>
    </p>
   </div>
   <div class='ocr_carea' id='block_1_2' title="bbox 26 239 1861 1329">
    <p class='ocr_par' dir='ltr' id='par_1_2' title="bbox 33 239 1861 442">
     <span class='ocr_line' id='line_1_2' title="bbox 35 239 1861 297; baseline 0.001 -15"><span class='ocrx_word' id='word_1_6' title='bbox 35 240 362 295; x_wconf 78' lang='lat' dir='ltr'>(laudabatur?)‚</span> <span class='ocrx_word' id='word_1_7' title='bbox 408 240 463 281; x_wconf 69' lang='lat' dir='ltr'>acl</span> <span class='ocrx_word' id='word_1_8' title='bbox 493 239 769 281; x_wconf 87' lang='lat' dir='ltr'>imitationem</span> <span class='ocrx_word' id='word_1_9' title='bbox 800 241 864 282; x_wconf 91' lang='lat' dir='ltr'>sui</span> <span class='ocrx_word' id='word_1_10' title='bbox 895 256 1148 295; x_wconf 85' lang='lat' dir='ltr'>prouocasse</span> <span class='ocrx_word' id='word_1_11' title='bbox 1179 241 1384 283; x_wconf 77' lang='lat' dir='ltr'>Iarbitam</span> <span class='ocrx_word' id='word_1_12' title='bbox 1429 243 1596 291; x_wconf 88' lang='lat' dir='ltr'>dicitur,</span> <span class='ocrx_word' id='word_1_13' title='bbox 1642 242 1715 297; x_wconf 90' lang='lat' dir='ltr'>qui</span> <span class='ocrx_word' id='word_1_14' title='bbox 1746 257 1789 284; x_wconf 88' lang='lat' dir='ltr'>se</span> <span class='ocrx_word' id='word_1_15' title='bbox 1820 250 1861 284; x_wconf 85' lang='lat' dir='ltr'>et</span> 
     </span>
     <span class='ocr_line' id='line_1_3' title="bbox 34 312 1859 371; baseline 0.001 -15"><span class='ocrx_word' id='word_1_16' title='bbox 34 314 226 370; x_wconf 60' lang='lat' dir='ltr'>(semeffl)</span> <span class='ocrx_word' id='word_1_17' title='bbox 258 313 470 355; x_wconf 80' lang='lat' dir='ltr'>stomacho</span> <span class='ocrx_word' id='word_1_18' title='bbox 502 312 707 368; x_wconf 62' lang='lat' dir='ltr'>subrupst,</span> <span class='ocrx_word' id='word_1_19' title='bbox 739 314 837 354; x_wconf 83' lang='lat' dir='ltr'>dum</span> <span class='ocrx_word' id='word_1_20' title='bbox 860 313 1139 370; x_wconf 81' lang='lat' dir='ltr'>Timagenem</span> <span class='ocrx_word' id='word_1_21' title='bbox 1161 322 1200 356; x_wconf 89' lang='lat' dir='ltr'>ct</span> <span class='ocrx_word' id='word_1_22' title='bbox 1230 316 1409 357; x_wconf 84' lang='lat' dir='ltr'>dicendo</span> <span class='ocrx_word' id='word_1_23' title='bbox 1442 325 1482 358; x_wconf 87' lang='lat' dir='ltr'>et</span> <span class='ocrx_word' id='word_1_24' title='bbox 1511 317 1722 371; x_wconf 85' lang='lat' dir='ltr'>pascendo</span> <span class='ocrx_word' id='word_1_25' title='bbox 1754 317 1859 358; x_wconf 86' lang='lat' dir='ltr'>ami-</span> 
     </span>
     <span class='ocr_line' id='line_1_4' title="bbox 33 386 860 442; baseline -0.004 -12"><span class='ocrx_word' id='word_1_26' title='bbox 33 403 102 430; x_wconf 89' lang='lat' dir='ltr'>cos</span> <span class='ocrx_word' id='word_1_27' title='bbox 131 394 306 428; x_wconf 89' lang='lat' dir='ltr'>conatur</span> <span class='ocrx_word' id='word_1_28' title='bbox 337 386 633 442; x_wconf 75' lang='lat' dir='ltr'>(conabatur‘P)</span> <span class='ocrx_word' id='word_1_29' title='bbox 666 401 860 441; x_wconf 88' lang='lat' dir='ltr'>aequare.</span> 
     </span>
    </p>

    <p class='ocr_par' dir='ltr' id='par_1_3' title="bbox 29 460 1859 663">
     <span class='ocr_line' id='line_1_5' title="bbox 143 460 1859 519; baseline 0.003 -18"><span class='ocrx_word' id='word_1_30' title='bbox 143 462 207 501; x_wconf 86' lang='lat'>17.</span> <span class='ocrx_word' id='word_1_31' title='bbox 241 461 402 516; x_wconf 63' lang='lat' dir='ltr'>Decipit</span> <span class='ocrx_word' id='word_1_32' title='bbox 431 460 637 516; x_wconf 69' lang='lat' dir='ltr'>exemplar</span> <span class='ocrx_word' id='word_1_33' title='bbox 668 462 736 501; x_wconf 81' lang='lat' dir='ltr'>w&#39;t.</span> <span class='ocrx_word' id='word_1_34' title='bbox 767 462 862 502; x_wconf 71' lang='lat' dir='ltr'>imit.</span> <span class='ocrx_word' id='word_1_35' title='bbox 924 460 1222 516; x_wconf 81' lang='lat' dir='ltr'>Decipiuntur,</span> <span class='ocrx_word' id='word_1_36' title='bbox 1269 464 1417 518; x_wconf 88' lang='lat' dir='ltr'>inquit,</span> <span class='ocrx_word' id='word_1_37' title='bbox 1463 464 1592 514; x_wconf 82' lang='lat' dir='ltr'>stulti,</span> <span class='ocrx_word' id='word_1_38' title='bbox 1637 465 1722 519; x_wconf 92' lang='lat' dir='ltr'>qui,</span> <span class='ocrx_word' id='word_1_39' title='bbox 1765 480 1859 519; x_wconf 89' lang='lat' dir='ltr'>cum</span> 
     </span>
     <span class='ocr_line' id='line_1_6' title="bbox 31 520 1858 591; baseline 0.002 -15"><span class='ocrx_word' id='word_1_40' title='bbox 31 534 323 591; x_wconf 80' lang='lat' dir='ltr'>proposuerint</span> <span class='ocrx_word' id='word_1_41' title='bbox 364 532 445 575; x_wconf 90' lang='lat' dir='ltr'>sibi</span> <span class='ocrx_word' id='word_1_42' title='bbox 490 532 695 574; x_wconf 90' lang='lat' dir='ltr'>bonorum</span> <span class='ocrx_word' id='word_1_43' title='bbox 728 534 956 588; x_wconf 85' lang='lat' dir='ltr'>exemplar,</span> <span class='ocrx_word' id='word_1_44' title='bbox 1003 536 1172 576; x_wconf 87' lang='lat' dir='ltr'>eosdem</span> <span class='ocrx_word' id='word_1_45' title='bbox 1202 543 1364 578; x_wconf 88' lang='lat' dir='ltr'>tantum</span> <span class='ocrx_word' id='word_1_46' title='bbox 1394 537 1508 579; x_wconf 85' lang='lat' dir='ltr'>uitiis</span> <span class='ocrx_word' id='word_1_47' title='bbox 1539 520 1770 587; x_wconf 60' lang='lat' dir='ltr'>imitantur.</span> <span class='ocrx_word' id='word_1_48' title='bbox 1812 546 1858 580; x_wconf 87' lang='lat' dir='ltr'>ut</span> 
     </span>
     <span class='ocr_line' id='line_1_7' title="bbox 29 604 1857 663; baseline 0.003 -14"><span class='ocrx_word' id='word_1_49' title='bbox 29 608 112 658; x_wconf 90' lang='lat' dir='ltr'>ille,</span> <span class='ocrx_word' id='word_1_50' title='bbox 144 607 215 662; x_wconf 91' lang='lat' dir='ltr'>qui</span> <span class='ocrx_word' id='word_1_51' title='bbox 248 604 453 654; x_wconf 85' lang='lat' dir='ltr'>Catonem</span> <span class='ocrx_word' id='word_1_52' title='bbox 484 605 639 647; x_wconf 84' lang='lat' dir='ltr'>imitari</span> <span class='ocrx_word' id='word_1_53' title='bbox 671 620 714 647; x_wconf 87' lang='lat' dir='ltr'>se</span> <span class='ocrx_word' id='word_1_54' title='bbox 745 614 875 661; x_wconf 86' lang='lat' dir='ltr'>putat,</span> <span class='ocrx_word' id='word_1_55' title='bbox 908 607 942 648; x_wconf 89' lang='lat' dir='ltr'>si</span> <span class='ocrx_word' id='word_1_56' title='bbox 974 622 1140 663; x_wconf 79' lang='lat' dir='ltr'>semper</span> <span class='ocrx_word' id='word_1_57' title='bbox 1169 609 1298 651; x_wconf 86' lang='lat' dir='ltr'>tristis</span> <span class='ocrx_word' id='word_1_58' title='bbox 1330 625 1379 651; x_wconf 88' lang='lat' dir='ltr'>ac</span> <span class='ocrx_word' id='word_1_59' title='bbox 1409 611 1647 653; x_wconf 83' lang='lat' dir='ltr'>sordidatus</span> <span class='ocrx_word' id='word_1_60' title='bbox 1678 612 1857 654; x_wconf 85' lang='lat' dir='ltr'>incedat.</span> 
     </span>
    </p>

    <p class='ocr_par' dir='ltr' id='par_1_4' title="bbox 27 678 1857 961">
     <span class='ocr_line' id='line_1_8' title="bbox 141 678 1857 738; baseline 0.003 -16"><span class='ocrx_word' id='word_1_61' title='bbox 141 683 205 722; x_wconf 85' lang='grc'>18.</span> <span class='ocrx_word' id='word_1_62' title='bbox 238 681 384 736; x_wconf 72' lang='lat' dir='ltr'>quodsi</span> <span class='ocrx_word' id='word_1_63' title='bbox 399 681 600 722; x_wconf 80' lang='lat' dir='ltr'>Pallerem</span> <span class='ocrx_word' id='word_1_64' title='bbox 630 695 739 721; x_wconf 77' lang='lat' dir='ltr'>casu.</span> <span class='ocrx_word' id='word_1_65' title='bbox 801 678 965 732; x_wconf 78' lang='lat' dir='ltr'>Quodsi</span> <span class='ocrx_word' id='word_1_66' title='bbox 996 696 1063 722; x_wconf 89' lang='lat' dir='ltr'>me</span> <span class='ocrx_word' id='word_1_67' title='bbox 1095 696 1228 730; x_wconf 87' lang='lat' dir='ltr'>casus,</span> <span class='ocrx_word' id='word_1_68' title='bbox 1260 683 1409 738; x_wconf 82' lang='lat' dir='ltr'>inquit,</span> <span class='ocrx_word' id='word_1_69' title='bbox 1441 684 1648 738; x_wconf 88' lang='lat' dir='ltr'>pallidum</span> <span class='ocrx_word' id='word_1_70' title='bbox 1679 686 1857 735; x_wconf 74' lang='lat' dir='ltr'>fecisset,</span> 
     </span>
     <span class='ocr_line' id='line_1_9' title="bbox 28 753 1857 814; baseline 0.001 -16"><span class='ocrx_word' id='word_1_71' title='bbox 28 755 210 798; x_wconf 82' lang='lat' dir='ltr'>imitator</span> <span class='ocrx_word' id='word_1_72' title='bbox 240 769 356 795; x_wconf 87' lang='lat' dir='ltr'>meus</span> <span class='ocrx_word' id='word_1_73' title='bbox 386 753 738 795; x_wconf 82' lang='lat' dir='ltr'>medicaminibus</span> <span class='ocrx_word' id='word_1_74' title='bbox 768 761 955 795; x_wconf 87' lang='lat' dir='ltr'>uteretur</span> <span class='ocrx_word' id='word_1_75' title='bbox 985 762 1024 795; x_wconf 85' lang='lat' dir='ltr'>et</span> <span class='ocrx_word' id='word_1_76' title='bbox 1056 755 1269 797; x_wconf 88' lang='lat' dir='ltr'>cuminum</span> <span class='ocrx_word' id='word_1_77' title='bbox 1300 763 1477 811; x_wconf 83' lang='lat' dir='ltr'>potaret,</span> <span class='ocrx_word' id='word_1_78' title='bbox 1508 765 1553 798; x_wconf 80' lang='lat' dir='ltr'>ut</span> <span class='ocrx_word' id='word_1_79' title='bbox 1583 758 1644 799; x_wconf 89' lang='lat' dir='ltr'>sic</span> <span class='ocrx_word' id='word_1_80' title='bbox 1674 759 1857 814; x_wconf 88' lang='lat' dir='ltr'>pallidus</span> 
     </span>
     <span class='ocr_line' id='line_1_10' title="bbox 27 827 1856 887; baseline 0.001 -15"><span class='ocrx_word' id='word_1_81' title='bbox 27 831 159 873; x_wconf 85' lang='lat' dir='ltr'>factus</span> <span class='ocrx_word' id='word_1_82' title='bbox 188 827 272 869; x_wconf 88' lang='lat' dir='ltr'>mei</span> <span class='ocrx_word' id='word_1_83' title='bbox 302 827 450 869; x_wconf 88' lang='lat' dir='ltr'>similis</span> <span class='ocrx_word' id='word_1_84' title='bbox 482 827 734 868; x_wconf 87' lang='lat' dir='ltr'>crederetur.</span> <span class='ocrx_word' id='word_1_85' title='bbox 794 827 929 869; x_wconf 89' lang='lat' dir='ltr'>Aiunt</span> <span class='ocrx_word' id='word_1_86' title='bbox 975 828 1099 877; x_wconf 88' lang='lat' dir='ltr'>enim,</span> <span class='ocrx_word' id='word_1_87' title='bbox 1146 830 1360 871; x_wconf 89' lang='lat' dir='ltr'>cuminum</span> <span class='ocrx_word' id='word_1_88' title='bbox 1405 831 1583 872; x_wconf 87' lang='lat' dir='ltr'>dilutum</span> <span class='ocrx_word' id='word_1_89' title='bbox 1628 839 1667 873; x_wconf 88' lang='lat' dir='ltr'>et</span> <span class='ocrx_word' id='word_1_90' title='bbox 1711 839 1856 887; x_wconf 87' lang='lat' dir='ltr'>potum</span> 
     </span>
     <span class='ocr_line' id='line_1_11' title="bbox 28 901 1039 961; baseline -0.001 -17"><span class='ocrx_word' id='word_1_91' title='bbox 28 902 232 961; x_wconf 86' lang='lat' dir='ltr'>pallidum</span> <span class='ocrx_word' id='word_1_92' title='bbox 261 902 420 951; x_wconf 82' lang='lat' dir='ltr'>facere3</span> <span class='ocrx_word' id='word_1_93' title='bbox 455 916 657 956; x_wconf 71' lang='lat' dir='ltr'>exsanyue</span> <span class='ocrx_word' id='word_1_94' title='bbox 688 915 790 957; x_wconf 86' lang='lat' dir='ltr'>ergo</span> <span class='ocrx_word' id='word_1_95' title='bbox 821 901 1039 956; x_wconf 88' lang='lat' dir='ltr'>pallidum.</span> 
     </span>
    </p>

    <p class='ocr_par' dir='ltr' id='par_1_5' title="bbox 27 975 1855 1106">
     <span class='ocr_line' id='line_1_12' title="bbox 140 975 1855 1033; baseline 0.001 -15"><span class='ocrx_word' id='word_1_96' title='bbox 140 977 204 1018; x_wconf 82' lang='lat'>19.</span> <span class='ocrx_word' id='word_1_97' title='bbox 239 976 274 1018; x_wconf 86' lang='grc' dir='ltr'><em>Ο</em></span> <span class='ocrx_word' id='word_1_98' title='bbox 303 977 535 1024; x_wconf 51' lang='lat' dir='ltr'>trassatores,</span> <span class='ocrx_word' id='word_1_99' title='bbox 567 989 732 1016; x_wconf 70' lang='lat' dir='ltr'>sernum.</span> <span class='ocrx_word' id='word_1_100' title='bbox 757 990 893 1030; x_wconf 78' lang='lat' dir='ltr'>pecus.</span> <span class='ocrx_word' id='word_1_101' title='bbox 970 975 1079 1016; x_wconf 81' lang='lat' dir='ltr'>Tam</span> <span class='ocrx_word' id='word_1_102' title='bbox 1111 976 1223 1018; x_wconf 88' lang='lat' dir='ltr'>enim</span> <span class='ocrx_word' id='word_1_103' title='bbox 1255 991 1400 1019; x_wconf 88' lang='lat' dir='ltr'>seruus</span> <span class='ocrx_word' id='word_1_104' title='bbox 1432 978 1486 1018; x_wconf 84' lang='lat' dir='ltr'>ad</span> <span class='ocrx_word' id='word_1_105' title='bbox 1517 978 1699 1020; x_wconf 90' lang='lat' dir='ltr'>alienum</span> <span class='ocrx_word' id='word_1_106' title='bbox 1732 994 1855 1033; x_wconf 88' lang='lat' dir='ltr'>prae—</span> 
     </span>
     <span class='ocr_line' id='line_1_13' title="bbox 27 1048 1277 1106; baseline -0.002 -13"><span class='ocrx_word' id='word_1_107' title='bbox 27 1051 227 1106; x_wconf 86' lang='lat' dir='ltr'>scriptum</span> <span class='ocrx_word' id='word_1_108' title='bbox 259 1049 380 1098; x_wconf 89' lang='lat' dir='ltr'>uiuit,</span> <span class='ocrx_word' id='word_1_109' title='bbox 413 1063 539 1103; x_wconf 90' lang='lat' dir='ltr'>quam</span> <span class='ocrx_word' id='word_1_110' title='bbox 569 1048 653 1096; x_wconf 85' lang='lat' dir='ltr'>ille,</span> <span class='ocrx_word' id='word_1_111' title='bbox 684 1049 756 1103; x_wconf 88' lang='lat' dir='ltr'>qui</span> <span class='ocrx_word' id='word_1_112' title='bbox 788 1055 850 1090; x_wconf 86' lang='lat' dir='ltr'>est</span> <span class='ocrx_word' id='word_1_113' title='bbox 877 1049 1062 1090; x_wconf 80' lang='lat' dir='ltr'>imitator</span> <span class='ocrx_word' id='word_1_114' title='bbox 1093 1049 1277 1092; x_wconf 87' lang='lat' dir='ltr'>alterius.</span> 
     </span>
    </p>

    <p class='ocr_par' dir='ltr' id='par_1_6' title="bbox 26 1122 1856 1329">
     <span class='ocr_line' id='line_1_14' title="bbox 137 1122 1856 1181; baseline 0.001 -15"><span class='ocrx_word' id='word_1_115' title='bbox 137 1127 200 1166; x_wconf 85' lang='lat'>21.</span> <span class='ocrx_word' id='word_1_116' title='bbox 235 1126 380 1166; x_wconf 67' lang='lat' dir='ltr'>Libera</span> <span class='ocrx_word' id='word_1_117' title='bbox 407 1139 483 1179; x_wconf 82' lang='lat' dir='ltr'>per</span> <span class='ocrx_word' id='word_1_118' title='bbox 512 1138 706 1166; x_wconf 78' lang='lat' dir='ltr'>uacuum.</span> <span class='ocrx_word' id='word_1_119' title='bbox 766 1122 858 1163; x_wconf 91' lang='lat' dir='ltr'>Iam</span> <span class='ocrx_word' id='word_1_120' title='bbox 888 1122 941 1164; x_wconf 86' lang='lat' dir='ltr'>de</span> <span class='ocrx_word' id='word_1_121' title='bbox 971 1138 1015 1164; x_wconf 87' lang='lat' dir='ltr'>se</span> <span class='ocrx_word' id='word_1_122' title='bbox 1047 1123 1161 1171; x_wconf 80' lang='lat' dir='ltr'>dicit,</span> <span class='ocrx_word' id='word_1_123' title='bbox 1194 1124 1431 1174; x_wconf 85' lang='lat' dir='ltr'>ostendens,</span> <span class='ocrx_word' id='word_1_124' title='bbox 1470 1133 1508 1165; x_wconf 87' lang='lat' dir='ltr'>ct</span> <span class='ocrx_word' id='word_1_125' title='bbox 1540 1140 1647 1180; x_wconf 88' lang='lat' dir='ltr'>quae</span> <span class='ocrx_word' id='word_1_126' title='bbox 1680 1132 1720 1167; x_wconf 86' lang='lat' dir='ltr'>et</span> <span class='ocrx_word' id='word_1_127' title='bbox 1750 1141 1856 1181; x_wconf 89' lang='lat' dir='ltr'>quo-</span> 
     </span>
     <span class='ocr_line' id='line_1_15' title="bbox 26 1196 1856 1251; baseline 0 -10"><span class='ocrx_word' id='word_1_128' title='bbox 26 1199 147 1241; x_wconf 89' lang='lat' dir='ltr'>modo</span> <span class='ocrx_word' id='word_1_129' title='bbox 179 1198 367 1240; x_wconf 80' lang='lat' dir='ltr'>carmina</span> <span class='ocrx_word' id='word_1_130' title='bbox 397 1197 634 1251; x_wconf 80' lang='lat' dir='ltr'>scripserit3</span> <span class='ocrx_word' id='word_1_131' title='bbox 682 1196 742 1238; x_wconf 87' lang='lat' dir='ltr'>sic</span> <span class='ocrx_word' id='word_1_132' title='bbox 777 1196 887 1237; x_wconf 82' lang='lat' dir='ltr'>enim</span> <span class='ocrx_word' id='word_1_133' title='bbox 933 1196 1095 1251; x_wconf 90' lang='lat' dir='ltr'>incipit,</span> <span class='ocrx_word' id='word_1_134' title='bbox 1141 1199 1262 1251; x_wconf 81' lang='lat' dir='ltr'>quasi</span> <span class='ocrx_word' id='word_1_135' title='bbox 1292 1198 1505 1239; x_wconf 85' lang='lat' dir='ltr'>neminem</span> <span class='ocrx_word' id='word_1_136' title='bbox 1535 1199 1659 1240; x_wconf 85' lang='lat' dir='ltr'>fuerit</span> <span class='ocrx_word' id='word_1_137' title='bbox 1691 1207 1856 1242; x_wconf 85' lang='lat' dir='ltr'>secutus</span> 
     </span>
     <span class='ocr_line' id='line_1_16' title="bbox 26 1270 1854 1329; baseline -0.001 -13"><span class='ocrx_word' id='word_1_138' title='bbox 26 1273 98 1316; x_wconf 85' lang='lat' dir='ltr'>sed</span> <span class='ocrx_word' id='word_1_139' title='bbox 127 1272 260 1314; x_wconf 91' lang='lat' dir='ltr'>libero</span> <span class='ocrx_word' id='word_1_140' title='bbox 292 1271 466 1314; x_wconf 90' lang='lat' dir='ltr'>consilio</span> <span class='ocrx_word' id='word_1_141' title='bbox 498 1286 572 1312; x_wconf 86' lang='lat' dir='ltr'>sua.</span> <span class='ocrx_word' id='word_1_142' title='bbox 603 1270 774 1311; x_wconf 87' lang='lat' dir='ltr'>inuenta</span> <span class='ocrx_word' id='word_1_143' title='bbox 797 1270 1093 1325; x_wconf 88' lang='lat' dir='ltr'>conscripserit</span> <span class='ocrx_word' id='word_1_144' title='bbox 1104 1285 1113 1320; x_wconf 84' lang='lat'><em>3</em></span> <span class='ocrx_word' id='word_1_145' title='bbox 1140 1285 1217 1327; x_wconf 79' lang='lat' dir='ltr'>per</span> <span class='ocrx_word' id='word_1_146' title='bbox 1241 1286 1429 1320; x_wconf 74' lang='lat' dir='ltr'>uacuum,</span> <span class='ocrx_word' id='word_1_147' title='bbox 1466 1272 1565 1326; x_wconf 86' lang='lat' dir='ltr'>quia</span> <span class='ocrx_word' id='word_1_148' title='bbox 1586 1287 1709 1315; x_wconf 89' lang='lat' dir='ltr'>nemo</span> <span class='ocrx_word' id='word_1_149' title='bbox 1730 1288 1854 1329; x_wconf 87' lang='lat' dir='ltr'>prae-</span> 
     </span>
    </p>
   </div>
   <div class='ocr_carea' id='block_1_3' title="bbox 26 1346 1851 1475">
    <p class='ocr_par' dir='ltr' id='par_1_7' title="bbox 26 1346 1851 1475">
     <span class='ocr_line' id='line_1_17' title="bbox 26 1346 206 1390; baseline -0.017 0"><span class='ocrx_word' id='word_1_150' title='bbox 26 1346 206 1390; x_wconf 83' lang='lat' dir='ltr'>cesserit.</span> 
     </span>
     <span class='ocr_line' id='line_1_18' title="bbox 137 1417 1851 1475; baseline 0.001 -14"><span class='ocrx_word' id='word_1_151' title='bbox 137 1422 201 1461; x_wconf 92' lang='lat'>22.</span> <span class='ocrx_word' id='word_1_152' title='bbox 235 1420 300 1461; x_wconf 81' lang='grc'>23.</span> <span class='ocrx_word' id='word_1_153' title='bbox 333 1418 607 1475; x_wconf 69' lang='lat' dir='ltr'>qzcz&#39;sibz&#39;fidet</span> <span class='ocrx_word' id='word_1_154' title='bbox 622 1418 734 1458; x_wconf 66' lang='lat' dir='ltr'>Dux.</span> <span class='ocrx_word' id='word_1_155' title='bbox 757 1432 836 1472; x_wconf 79' lang='lat' dir='ltr'>req.</span> <span class='ocrx_word' id='word_1_156' title='bbox 855 1432 1037 1459; x_wconf 70' lang='lat' dir='ltr'>examen.</span> <span class='ocrx_word' id='word_1_157' title='bbox 1084 1417 1365 1469; x_wconf 81' lang='lat' dir='ltr'>Praecedcre,</span> <span class='ocrx_word' id='word_1_158' title='bbox 1399 1418 1547 1474; x_wconf 87' lang='lat' dir='ltr'>inquit,</span> <span class='ocrx_word' id='word_1_159' title='bbox 1579 1419 1691 1462; x_wconf 88' lang='lat' dir='ltr'>solus</span> <span class='ocrx_word' id='word_1_160' title='bbox 1713 1420 1851 1469; x_wconf 84' lang='lat' dir='ltr'>audet,</span> 
     </span>
    </p>
   </div>
   <div class='ocr_carea' id='block_1_4' title="bbox 25 1490 1854 1624">
    <p class='ocr_par' dir='ltr' id='par_1_8' title="bbox 25 1490 1854 1624">
     <span class='ocr_line' id='line_1_19' title="bbox 25 1490 1854 1550; baseline -0.001 -14"><span class='ocrx_word' id='word_1_161' title='bbox 25 1494 95 1550; x_wconf 89' lang='lat' dir='ltr'>qui</span> <span class='ocrx_word' id='word_1_162' title='bbox 124 1499 236 1535; x_wconf 88' lang='lat' dir='ltr'>recte</span> <span class='ocrx_word' id='word_1_163' title='bbox 267 1492 348 1534; x_wconf 84' lang='lat' dir='ltr'>sibi</span> <span class='ocrx_word' id='word_1_164' title='bbox 379 1492 572 1540; x_wconf 84' lang='lat' dir='ltr'>confidet,</span> <span class='ocrx_word' id='word_1_165' title='bbox 607 1490 834 1547; x_wconf 76' lang='lat' dir='ltr'>[habetque</span> <span class='ocrx_word' id='word_1_166' title='bbox 865 1491 970 1533; x_wconf 86' lang='lat' dir='ltr'>alios</span> <span class='ocrx_word' id='word_1_167' title='bbox 1002 1506 1126 1532; x_wconf 86' lang='lat' dir='ltr'>curae</span> <span class='ocrx_word' id='word_1_168' title='bbox 1157 1492 1343 1534; x_wconf 85' lang='lat' dir='ltr'>imitatus</span> <span class='ocrx_word' id='word_1_169' title='bbox 1373 1507 1518 1549; x_wconf 79' lang='lat' dir='ltr'>regem</span> <span class='ocrx_word' id='word_1_170' title='bbox 1549 1494 1693 1549; x_wconf 85' lang='lat' dir='ltr'>apium</span> <span class='ocrx_word' id='word_1_171' title='bbox 1715 1494 1767 1535; x_wconf 86' lang='lat' dir='ltr'>de</span> <span class='ocrx_word' id='word_1_172' title='bbox 1789 1509 1854 1536; x_wconf 87' lang='lat' dir='ltr'>se-</span> 
     </span>
     <span class='ocr_line' id='line_1_20' title="bbox 25 1565 1854 1624; baseline 0 -14"><span class='ocrx_word' id='word_1_173' title='bbox 25 1568 246 1624; x_wconf 88' lang='lat' dir='ltr'>quentibus</span> <span class='ocrx_word' id='word_1_174' title='bbox 276 1566 446 1622; x_wconf 84' lang='lat' dir='ltr'>ducem]</span> <span class='ocrx_word' id='word_1_175' title='bbox 480 1565 699 1620; x_wconf 84' lang='lat' dir='ltr'>additque:</span> <span class='ocrx_word' id='word_1_176' title='bbox 748 1566 870 1620; x_wconf 71' lang='lat' dir='ltr'>(Dux</span> <span class='ocrx_word' id='word_1_177' title='bbox 901 1567 1003 1620; x_wconf 71' lang='lat' dir='ltr'>reyz&#39;t</span> <span class='ocrx_word' id='word_1_178' title='bbox 1033 1581 1202 1608; x_wconf 73' lang='lat' dir='ltr'>exa-men</span> <span class='ocrx_word' id='word_1_179' title='bbox 1232 1566 1280 1621; x_wconf 83' lang='lat' dir='ltr'>i.)</span> <span class='ocrx_word' id='word_1_180' title='bbox 1326 1567 1421 1609; x_wconf 92' lang='lat' dir='ltr'>aliis</span> <span class='ocrx_word' id='word_1_181' title='bbox 1452 1567 1589 1623; x_wconf 87' lang='lat' dir='ltr'>praeit</span> <span class='ocrx_word' id='word_1_182' title='bbox 1619 1568 1678 1609; x_wconf 90' lang='lat' dir='ltr'>uti</span> <span class='ocrx_word' id='word_1_183' title='bbox 1709 1583 1854 1624; x_wconf 78' lang='lat' dir='ltr'>regem</span> 
     </span>
    </p>
   </div>
   <div class='ocr_carea' id='block_1_5' title="bbox 24 1640 1854 1771">
    <p class='ocr_par' dir='ltr' id='par_1_9' title="bbox 24 1640 1854 1771">
     <span class='ocr_line' id='line_1_21' title="bbox 24 1640 1135 1698; baseline -0.007 -14"><span class='ocrx_word' id='word_1_184' title='bbox 24 1642 164 1698; x_wconf 86' lang='lat' dir='ltr'>apium</span> <span class='ocrx_word' id='word_1_185' title='bbox 196 1640 479 1696; x_wconf 85' lang='lat' dir='ltr'>sequentibus.</span> <span class='ocrx_word' id='word_1_186' title='bbox 1132 1694 1135 1695; x_wconf 12' lang='grc' dir='ltr'><em>γ</em></span> 
     </span>
     <span class='ocr_line' id='line_1_22' title="bbox 135 1711 1854 1771; baseline 0 -14"><span class='ocrx_word' id='word_1_187' title='bbox 135 1717 200 1757; x_wconf 82' lang='grc'>23.</span> <span class='ocrx_word' id='word_1_188' title='bbox 235 1717 392 1757; x_wconf 68' lang='lat' dir='ltr'>Parios.</span> <span class='ocrx_word' id='word_1_189' title='bbox 465 1713 567 1755; x_wconf 87' lang='lat' dir='ltr'>Ideo</span> <span class='ocrx_word' id='word_1_190' title='bbox 608 1714 786 1760; x_wconf 56' lang='lat' dir='ltr'>Parzfos„</span> <span class='ocrx_word' id='word_1_191' title='bbox 814 1712 912 1767; x_wconf 87' lang='lat' dir='ltr'>quia</span> <span class='ocrx_word' id='word_1_192' title='bbox 942 1711 1227 1755; x_wconf 87' lang='lat' dir='ltr'>Archilochus</span> <span class='ocrx_word' id='word_1_193' title='bbox 1257 1713 1410 1755; x_wconf 88' lang='lat' dir='ltr'>Parius</span> <span class='ocrx_word' id='word_1_194' title='bbox 1441 1721 1501 1756; x_wconf 90' lang='lat' dir='ltr'>cst</span> <span class='ocrx_word' id='word_1_195' title='bbox 1533 1715 1649 1771; x_wconf 81' lang='lat' dir='ltr'>(fuit)</span> <span class='ocrx_word' id='word_1_196' title='bbox 1682 1716 1854 1758; x_wconf 84' lang='lat' dir='ltr'>iambici</span> 
     </span>
    </p>
   </div>
   <div class='ocr_carea' id='block_1_6' title="bbox 25 1789 1855 1918">
    <p class='ocr_par' dir='ltr' id='par_1_10' title="bbox 25 1789 1855 1918">
     <span class='ocr_line' id='line_1_23' title="bbox 25 1789 738 1843; baseline -0.008 -10"><span class='ocrx_word' id='word_1_197' title='bbox 25 1790 220 1833; x_wconf 86' lang='lat' dir='ltr'>carminis</span> <span class='ocrx_word' id='word_1_198' title='bbox 251 1789 443 1843; x_wconf 86' lang='lat' dir='ltr'>scriptor.</span> <span class='ocrx_word' id='word_1_199' title='bbox 734 1831 738 1834; x_wconf 63' lang='grc'><strong>,</strong></span> 
     </span>
     <span class='ocr_line' id='line_1_24' title="bbox 134 1858 1855 1918; baseline 0 -13"><span class='ocrx_word' id='word_1_200' title='bbox 134 1864 198 1905; x_wconf 87' lang='grc'>25.</span> <span class='ocrx_word' id='word_1_201' title='bbox 231 1878 309 1904; x_wconf 76' lang='lat' dir='ltr'>non</span> <span class='ocrx_word' id='word_1_202' title='bbox 340 1877 416 1904; x_wconf 81' lang='lat' dir='ltr'>res.</span> <span class='ocrx_word' id='word_1_203' title='bbox 485 1860 555 1902; x_wconf 93' lang='lat' dir='ltr'>De</span> <span class='ocrx_word' id='word_1_204' title='bbox 585 1858 857 1909; x_wconf 77' lang='lat' dir='ltr'>Archilocho,</span> <span class='ocrx_word' id='word_1_205' title='bbox 890 1858 1038 1914; x_wconf 85' lang='lat' dir='ltr'>inquit,</span> <span class='ocrx_word' id='word_1_206' title='bbox 1070 1860 1264 1902; x_wconf 87' lang='lat' dir='ltr'>transtuli</span> <span class='ocrx_word' id='word_1_207' title='bbox 1295 1861 1356 1901; x_wconf 90' lang='lat' dir='ltr'>nil</span> <span class='ocrx_word' id='word_1_208' title='bbox 1386 1868 1554 1916; x_wconf 88' lang='lat' dir='ltr'>praeter</span> <span class='ocrx_word' id='word_1_209' title='bbox 1584 1869 1763 1904; x_wconf 88' lang='lat' dir='ltr'>metrum</span> <span class='ocrx_word' id='word_1_210' title='bbox 1794 1864 1855 1918; x_wconf 84' lang='lat' dir='ltr'>(et</span> 
     </span>
    </p>
   </div>
   <div class='ocr_carea' id='block_1_7' title="bbox 22 1992 1855 3174">
    <p class='ocr_par' dir='ltr' id='par_1_11' title="bbox 22 1992 1855 3174">
     <span class='ocr_line' id='line_1_25' title="bbox 137 1992 1854 2036; baseline 0 -10"><span class='ocrx_word' id='word_1_211' title='bbox 137 1997 168 2036; x_wconf 93' lang='lat'>1)</span> <span class='ocrx_word' id='word_1_212' title='bbox 194 1996 230 2025; x_wconf 76' lang='lat' dir='ltr'>ab</span> <span class='ocrx_word' id='word_1_213' title='bbox 255 1996 440 2025; x_wconf 81' lang='lat' dir='ltr'>imitatione</span> <span class='ocrx_word' id='word_1_214' title='bbox 464 1994 536 2026; x_wconf 85' lang='lat' dir='ltr'>MR.</span> <span class='ocrx_word' id='word_1_215' title='bbox 562 1994 604 2023; x_wconf 78' lang='lat' dir='ltr'>ad</span> <span class='ocrx_word' id='word_1_216' title='bbox 626 1993 837 2023; x_wconf 80' lang='lat' dir='ltr'>imitationem</span> <span class='ocrx_word' id='word_1_217' title='bbox 856 1992 975 2032; x_wconf 71' lang='lat' dir='ltr'>Q(G‘.²).</span> <span class='ocrx_word' id='word_1_218' title='bbox 1001 1993 1043 2023; x_wconf 68' lang='lat' dir='ltr'>(ul</span> <span class='ocrx_word' id='word_1_219' title='bbox 1065 1994 1305 2024; x_wconf 72' lang='lat' dir='ltr'>admirationem</span> <span class='ocrx_word' id='word_1_220' title='bbox 1333 1996 1360 2024; x_wconf 83' lang='lat'>2.</span> <span class='ocrx_word' id='word_1_221' title='bbox 1388 1995 1459 2024; x_wconf 88' lang='lat' dir='ltr'>rell.</span> <span class='ocrx_word' id='word_1_222' title='bbox 1484 1994 1515 2024; x_wconf 78' lang='lat' dir='ltr'>in</span> <span class='ocrx_word' id='word_1_223' title='bbox 1539 1995 1649 2025; x_wconf 72' lang='lat' dir='ltr'>admir.</span> <span class='ocrx_word' id='word_1_224' title='bbox 1677 2014 1719 2017; x_wconf 83' lang='lat'>——</span> <span class='ocrx_word' id='word_1_225' title='bbox 1745 1998 1798 2035; x_wconf 83' lang='lat' dir='ltr'>qni</span> <span class='ocrx_word' id='word_1_226' title='bbox 1823 2007 1854 2026; x_wconf 84' lang='lat' dir='ltr'>se</span> 
     </span>
     <span class='ocr_line' id='line_1_26' title="bbox 23 2050 1851 2091; baseline -0.001 -7"><span class='ocrx_word' id='word_1_227' title='bbox 23 2058 50 2084; x_wconf 76' lang='lat' dir='ltr'>et</span> <span class='ocrx_word' id='word_1_228' title='bbox 73 2054 234 2084; x_wconf 80' lang='lat' dir='ltr'>stomacho</span> <span class='ocrx_word' id='word_1_229' title='bbox 264 2052 382 2091; x_wconf 68' lang='lat' dir='ltr'>suppeti</span> <span class='ocrx_word' id='word_1_230' title='bbox 414 2051 555 2089; x_wconf 73' lang='lat' dir='ltr'>subrupit</span> <span class='ocrx_word' id='word_1_231' title='bbox 579 2050 682 2080; x_wconf 81' lang='lat' dir='ltr'>MRG.</span> <span class='ocrx_word' id='word_1_232' title='bbox 720 2051 774 2088; x_wconf 88' lang='lat' dir='ltr'>qui</span> <span class='ocrx_word' id='word_1_233' title='bbox 800 2059 833 2079; x_wconf 87' lang='lat' dir='ltr'>se</span> <span class='ocrx_word' id='word_1_234' title='bbox 859 2054 890 2079; x_wconf 89' lang='lat' dir='ltr'>et</span> <span class='ocrx_word' id='word_1_235' title='bbox 915 2052 1080 2080; x_wconf 82' lang='lat' dir='ltr'>stomacho</span> <span class='ocrx_word' id='word_1_236' title='bbox 1103 2051 1228 2089; x_wconf 76' lang='lat' dir='ltr'>abrupit</span> <span class='ocrx_word' id='word_1_237' title='bbox 1256 2052 1284 2080; x_wconf 88' lang='lat'>2.</span> <span class='ocrx_word' id='word_1_238' title='bbox 1323 2053 1377 2089; x_wconf 91' lang='lat' dir='ltr'>qui</span> <span class='ocrx_word' id='word_1_239' title='bbox 1404 2061 1437 2081; x_wconf 88' lang='lat' dir='ltr'>se</span> <span class='ocrx_word' id='word_1_240' title='bbox 1464 2056 1495 2081; x_wconf 68' lang='lat' dir='ltr'>et.</span> <span class='ocrx_word' id='word_1_241' title='bbox 1520 2055 1692 2082; x_wconf 80' lang='lat' dir='ltr'>stomacum</span> <span class='ocrx_word' id='word_1_242' title='bbox 1716 2054 1794 2083; x_wconf 75' lang='lat' dir='ltr'>subr.</span> <span class='ocrx_word' id='word_1_243' title='bbox 1821 2065 1851 2084; x_wconf 86' lang='lat' dir='ltr'>v.</span> 
     </span>
     <span class='ocr_line' id='line_1_27' title="bbox 24 2106 1854 2150; baseline -0.001 -9"><span class='ocrx_word' id='word_1_244' title='bbox 24 2111 76 2150; x_wconf 91' lang='lat' dir='ltr'>qui</span> <span class='ocrx_word' id='word_1_245' title='bbox 101 2120 135 2141; x_wconf 86' lang='lat' dir='ltr'>se</span> <span class='ocrx_word' id='word_1_246' title='bbox 160 2113 191 2139; x_wconf 88' lang='lat' dir='ltr'>et</span> <span class='ocrx_word' id='word_1_247' title='bbox 216 2109 406 2139; x_wconf 78' lang='lat' dir='ltr'>stomachum</span> <span class='ocrx_word' id='word_1_248' title='bbox 431 2108 492 2138; x_wconf 82' lang='lat' dir='ltr'>abr.</span> <span class='ocrx_word' id='word_1_249' title='bbox 518 2107 574 2137; x_wconf 79' lang='lat' dir='ltr'>afh</span> <span class='ocrx_word' id='word_1_250' title='bbox 599 2106 694 2145; x_wconf 84' lang='lat' dir='ltr'>(subr.</span> <span class='ocrx_word' id='word_1_251' title='bbox 709 2106 763 2145; x_wconf 84' lang='lat' dir='ltr'>Q).</span> <span class='ocrx_word' id='word_1_252' title='bbox 814 2107 848 2145; x_wconf 87' lang='lat'>2)</span> <span class='ocrx_word' id='word_1_253' title='bbox 876 2107 951 2136; x_wconf 87' lang='lat' dir='ltr'>dum</span> <span class='ocrx_word' id='word_1_254' title='bbox 978 2108 1033 2137; x_wconf 83' lang='lat' dir='ltr'>tibi</span> <span class='ocrx_word' id='word_1_255' title='bbox 1060 2117 1177 2145; x_wconf 82' lang='lat' dir='ltr'>magen</span> <span class='ocrx_word' id='word_1_256' title='bbox 1203 2107 1281 2147; x_wconf 85' lang='lat' dir='ltr'>(sic)</span> <span class='ocrx_word' id='word_1_257' title='bbox 1307 2108 1368 2137; x_wconf 89' lang='lat' dir='ltr'>MR</span> <span class='ocrx_word' id='word_1_258' title='bbox 1395 2108 1556 2147; x_wconf 79' lang='lat' dir='ltr'>(magem).</span> <span class='ocrx_word' id='word_1_259' title='bbox 1584 2127 1626 2129; x_wconf 97' lang='lat'>——</span> <span class='ocrx_word' id='word_1_260' title='bbox 1653 2114 1684 2139; x_wconf 85' lang='lat' dir='ltr'>et</span> <span class='ocrx_word' id='word_1_261' title='bbox 1710 2120 1795 2147; x_wconf 83' lang='lat' dir='ltr'>pasc.</span> <span class='ocrx_word' id='word_1_262' title='bbox 1823 2115 1854 2141; x_wconf 88' lang='lat' dir='ltr'>et</span> 
     </span>
     <span class='ocr_line' id='line_1_28' title="bbox 24 2164 1851 2206; baseline -0.001 -8"><span class='ocrx_word' id='word_1_263' title='bbox 24 2168 65 2198; x_wconf 90' lang='lat' dir='ltr'>di.</span> <span class='ocrx_word' id='word_1_264' title='bbox 92 2169 120 2197; x_wconf 84' lang='lat'>2.</span> <span class='ocrx_word' id='word_1_265' title='bbox 168 2168 204 2206; x_wconf 80' lang='lat'>4)</span> <span class='ocrx_word' id='word_1_266' title='bbox 230 2167 307 2196; x_wconf 89' lang='lat' dir='ltr'>Dec.</span> <span class='ocrx_word' id='word_1_267' title='bbox 334 2166 512 2204; x_wconf 71' lang='lat' dir='ltr'>exemplum</span> <span class='ocrx_word' id='word_1_268' title='bbox 534 2164 605 2201; x_wconf 84' lang='lat' dir='ltr'>MR,</span> <span class='ocrx_word' id='word_1_269' title='bbox 633 2165 665 2193; x_wconf 89' lang='lat' dir='ltr'>in</span> <span class='ocrx_word' id='word_1_270' title='bbox 691 2164 813 2194; x_wconf 82' lang='lat' dir='ltr'>scholio</span> <span class='ocrx_word' id='word_1_271' title='bbox 838 2165 1017 2203; x_wconf 73' lang='lat' dir='ltr'>exemplar,</span> <span class='ocrx_word' id='word_1_272' title='bbox 1043 2168 1079 2194; x_wconf 86' lang='lat' dir='ltr'>ut</span> <span class='ocrx_word' id='word_1_273' title='bbox 1105 2175 1188 2194; x_wconf 88' lang='lat' dir='ltr'>omn.</span> <span class='ocrx_word' id='word_1_274' title='bbox 1217 2166 1305 2195; x_wconf 84' lang='lat' dir='ltr'>codd.</span> <span class='ocrx_word' id='word_1_275' title='bbox 1331 2165 1408 2195; x_wconf 91' lang='lat' dir='ltr'>Hor.</span> <span class='ocrx_word' id='word_1_276' title='bbox 1435 2176 1475 2195; x_wconf 91' lang='lat' dir='ltr'>v:</span> <span class='ocrx_word' id='word_1_277' title='bbox 1506 2167 1696 2203; x_wconf 68' lang='lat' dir='ltr'>propositum</span> <span class='ocrx_word' id='word_1_278' title='bbox 1720 2166 1779 2196; x_wconf 67' lang='lat' dir='ltr'>sihi</span> <span class='ocrx_word' id='word_1_279' title='bbox 1800 2169 1851 2197; x_wconf 84' lang='lat' dir='ltr'>bo.</span> 
     </span>
     <span class='ocr_line' id='line_1_29' title="bbox 24 2220 1855 2264; baseline -0.001 -10"><span class='ocrx_word' id='word_1_280' title='bbox 24 2228 110 2255; x_wconf 75' lang='lat' dir='ltr'>extra</span> <span class='ocrx_word' id='word_1_281' title='bbox 132 2225 283 2254; x_wconf 78' lang='lat' dir='ltr'>Eosdem.</span> <span class='ocrx_word' id='word_1_282' title='bbox 344 2223 378 2262; x_wconf 84' lang='lat'>5)</span> <span class='ocrx_word' id='word_1_283' title='bbox 406 2221 624 2261; x_wconf 76' lang='lat' dir='ltr'>proposuerint</span> <span class='ocrx_word' id='word_1_284' title='bbox 645 2220 703 2249; x_wconf 74' lang='lat' dir='ltr'>sihi</span> <span class='ocrx_word' id='word_1_285' title='bbox 726 2220 822 2260; x_wconf 83' lang='lat' dir='ltr'>M(Q)</span> <span class='ocrx_word' id='word_1_286' title='bbox 849 2221 971 2264; x_wconf 54' lang='lat' dir='ltr'>RABrp.</span> <span class='ocrx_word' id='word_1_287' title='bbox 997 2226 1170 2260; x_wconf 73' lang='lat' dir='ltr'>proponant</span> <span class='ocrx_word' id='word_1_288' title='bbox 1194 2223 1256 2252; x_wconf 86' lang='lat' dir='ltr'>sibi</span> <span class='ocrx_word' id='word_1_289' title='bbox 1282 2223 1311 2251; x_wconf 91' lang='lat'>2.</span> <span class='ocrx_word' id='word_1_290' title='bbox 1338 2223 1407 2251; x_wconf 88' lang='lat' dir='ltr'>rell.</span> <span class='ocrx_word' id='word_1_291' title='bbox 1434 2222 1624 2260; x_wconf 69' lang='lat' dir='ltr'>propositum</span> <span class='ocrx_word' id='word_1_292' title='bbox 1647 2222 1694 2252; x_wconf 71' lang='lat' dir='ltr'>sit.</span> <span class='ocrx_word' id='word_1_293' title='bbox 1745 2222 1779 2261; x_wconf 86' lang='grc'>6)</span> <span class='ocrx_word' id='word_1_294' title='bbox 1806 2224 1855 2253; x_wconf 72' lang='lat' dir='ltr'>illi</span> 
     </span>
     <span class='ocr_line' id='line_1_30' title="bbox 22 2277 1853 2315; baseline -0.001 -5"><span class='ocrx_word' id='word_1_295' title='bbox 22 2279 67 2310; x_wconf 84' lang='lat' dir='ltr'>fh.</span> <span class='ocrx_word' id='word_1_296' title='bbox 93 2298 133 2302; x_wconf 85' lang='lat'>—</span> <span class='ocrx_word' id='word_1_297' title='bbox 159 2291 195 2310; x_wconf 86' lang='lat' dir='ltr'>ac</span> <span class='ocrx_word' id='word_1_298' title='bbox 221 2281 404 2311; x_wconf 84' lang='lat' dir='ltr'>sordidatus</span> <span class='ocrx_word' id='word_1_299' title='bbox 429 2279 471 2308; x_wconf 89' lang='lat' dir='ltr'>M.</span> <span class='ocrx_word' id='word_1_300' title='bbox 507 2288 542 2308; x_wconf 82' lang='lat' dir='ltr'>ac</span> <span class='ocrx_word' id='word_1_301' title='bbox 569 2277 711 2308; x_wconf 64' lang='lat' dir='ltr'>sor-datus</span> <span class='ocrx_word' id='word_1_302' title='bbox 736 2277 772 2306; x_wconf 78' lang='lat' dir='ltr'>R.</span> <span class='ocrx_word' id='word_1_303' title='bbox 801 2282 830 2307; x_wconf 78' lang='lat' dir='ltr'>et</span> <span class='ocrx_word' id='word_1_304' title='bbox 853 2279 1040 2308; x_wconf 82' lang='lat' dir='ltr'>sordidatus</span> <span class='ocrx_word' id='word_1_305' title='bbox 1067 2280 1094 2307; x_wconf 90' lang='lat'>2.</span> <span class='ocrx_word' id='word_1_306' title='bbox 1133 2288 1169 2308; x_wconf 81' lang='lat' dir='ltr'>ac</span> <span class='ocrx_word' id='word_1_307' title='bbox 1193 2279 1221 2308; x_wconf 72' lang='lat' dir='ltr'>si</span> <span class='ocrx_word' id='word_1_308' title='bbox 1244 2279 1329 2309; x_wconf 83' lang='lat' dir='ltr'>sord.</span> <span class='ocrx_word' id='word_1_309' title='bbox 1354 2280 1441 2308; x_wconf 81' lang='lat' dir='ltr'>vafh.</span> <span class='ocrx_word' id='word_1_310' title='bbox 1479 2282 1582 2315; x_wconf 82' lang='lat' dir='ltr'>putat.</span> <span class='ocrx_word' id='word_1_311' title='bbox 1620 2289 1749 2308; x_wconf 86' lang='lat' dir='ltr'>maurus</span> <span class='ocrx_word' id='word_1_312' title='bbox 1788 2280 1853 2309; x_wconf 85' lang='lat' dir='ltr'>elo-</span> 
     </span>
     <span class='ocr_line' id='line_1_31' title="bbox 25 2334 1851 2379; baseline -0.002 -12"><span class='ocrx_word' id='word_1_313' title='bbox 25 2342 171 2377; x_wconf 86' lang='lat' dir='ltr'>quentem</span> <span class='ocrx_word' id='word_1_314' title='bbox 196 2339 395 2376; x_wconf 77' lang='lat' dir='ltr'>timagenem</span> <span class='ocrx_word' id='word_1_315' title='bbox 420 2337 482 2379; x_wconf 82' lang='grc' dir='ltr'>Βφ.</span> <span class='ocrx_word' id='word_1_316' title='bbox 540 2335 574 2374; x_wconf 80' lang='grc'>7)</span> <span class='ocrx_word' id='word_1_317' title='bbox 601 2336 757 2364; x_wconf 73' lang='lat' dir='ltr'>Pallerent</span> <span class='ocrx_word' id='word_1_318' title='bbox 780 2335 876 2371; x_wconf 63' lang='grc' dir='ltr'>ΜΙῖ,1γ</span> <span class='ocrx_word' id='word_1_319' title='bbox 900 2334 1004 2373; x_wconf 84' lang='lat' dir='ltr'>(Quid</span> <span class='ocrx_word' id='word_1_320' title='bbox 1027 2335 1053 2365; x_wconf 87' lang='lat' dir='ltr'>si</span> <span class='ocrx_word' id='word_1_321' title='bbox 1079 2336 1136 2374; x_wconf 86' lang='lat' dir='ltr'>p.).</span> <span class='ocrx_word' id='word_1_322' title='bbox 1164 2336 1261 2377; x_wconf 77' lang='lat' dir='ltr'>schol.</span> <span class='ocrx_word' id='word_1_323' title='bbox 1290 2336 1404 2373; x_wconf 80' lang='lat' dir='ltr'>incipit</span> <span class='ocrx_word' id='word_1_324' title='bbox 1430 2336 1467 2364; x_wconf 86' lang='lat' dir='ltr'>in·</span> <span class='ocrx_word' id='word_1_325' title='bbox 1488 2334 1619 2364; x_wconf 66' lang='lat' dir='ltr'>MRQG:</span> <span class='ocrx_word' id='word_1_326' title='bbox 1658 2336 1724 2365; x_wconf 85' lang='lat' dir='ltr'>Nec</span> <span class='ocrx_word' id='word_1_327' title='bbox 1751 2336 1778 2365; x_wconf 88' lang='lat' dir='ltr'>si</span> <span class='ocrx_word' id='word_1_328' title='bbox 1805 2335 1851 2364; x_wconf 89' lang='lat' dir='ltr'>ui-</span> 
     </span>
     <span class='ocr_line' id='line_1_32' title="bbox 24 2390 1851 2434; baseline -0.002 -9"><span class='ocrx_word' id='word_1_329' title='bbox 24 2395 138 2425; x_wconf 84' lang='lat' dir='ltr'>tiosum</span> <span class='ocrx_word' id='word_1_330' title='bbox 163 2396 268 2434; x_wconf 87' lang='lat' dir='ltr'>inquit</span> <span class='ocrx_word' id='word_1_331' title='bbox 300 2394 446 2424; x_wconf 84' lang='lat' dir='ltr'>Pallidus</span> <span class='ocrx_word' id='word_1_332' title='bbox 472 2394 596 2432; x_wconf 78' lang='lat' dir='ltr'>egisset</span> <span class='ocrx_word' id='word_1_333' title='bbox 620 2392 785 2421; x_wconf 86' lang='lat' dir='ltr'>imitator.&#39;</span> <span class='ocrx_word' id='word_1_334' title='bbox 812 2390 914 2426; x_wconf 81' lang='lat' dir='ltr'>ath:</span> <span class='ocrx_word' id='word_1_335' title='bbox 942 2391 1045 2427; x_wconf 53' lang='lat' dir='ltr'>‘Quod</span> <span class='ocrx_word' id='word_1_336' title='bbox 1072 2392 1097 2421; x_wconf 88' lang='lat' dir='ltr'>si</span> <span class='ocrx_word' id='word_1_337' title='bbox 1122 2402 1173 2422; x_wconf 89' lang='lat' dir='ltr'>me</span> <span class='ocrx_word' id='word_1_338' title='bbox 1198 2402 1290 2422; x_wconf 80' lang='lat' dir='ltr'>casus</span> <span class='ocrx_word' id='word_1_339' title='bbox 1317 2394 1382 2431; x_wconf 85' lang='lat' dir='ltr'>inq.</span> <span class='ocrx_word' id='word_1_340' title='bbox 1410 2393 1471 2430; x_wconf 80' lang='lat' dir='ltr'>pal.</span> <span class='ocrx_word' id='word_1_341' title='bbox 1497 2392 1653 2421; x_wconf 56' lang='lat' dir='ltr'>fecisset?</span> <span class='ocrx_word' id='word_1_342' title='bbox 1679 2402 1717 2421; x_wconf 78' lang='lat' dir='ltr'>v:</span> <span class='ocrx_word' id='word_1_343' title='bbox 1757 2393 1851 2430; x_wconf 78' lang='lat' dir='ltr'>‘quod</span> 
     </span>
     <span class='ocr_line' id='line_1_33' title="bbox 24 2448 1853 2490; baseline -0.003 -8"><span class='ocrx_word' id='word_1_344' title='bbox 24 2452 51 2482; x_wconf 90' lang='lat' dir='ltr'>si</span> <span class='ocrx_word' id='word_1_345' title='bbox 75 2461 124 2481; x_wconf 85' lang='lat' dir='ltr'>me</span> <span class='ocrx_word' id='word_1_346' title='bbox 148 2462 184 2482; x_wconf 90' lang='lat' dir='ltr'>oc</span> <span class='ocrx_word' id='word_1_347' title='bbox 210 2451 288 2490; x_wconf 87' lang='lat' dir='ltr'>(sic)</span> <span class='ocrx_word' id='word_1_348' title='bbox 327 2452 434 2489; x_wconf 81' lang='lat' dir='ltr'>inquit</span> <span class='ocrx_word' id='word_1_349' title='bbox 461 2451 535 2488; x_wconf 85' lang='lat' dir='ltr'>pall.</span> <span class='ocrx_word' id='word_1_350' title='bbox 564 2450 721 2488; x_wconf 77' lang='lat' dir='ltr'>egissenc.’</span> <span class='ocrx_word' id='word_1_351' title='bbox 784 2450 818 2488; x_wconf 83' lang='lat'>8)</span> <span class='ocrx_word' id='word_1_352' title='bbox 844 2452 880 2478; x_wconf 88' lang='lat' dir='ltr'>ut</span> <span class='ocrx_word' id='word_1_353' title='bbox 904 2458 970 2478; x_wconf 79' lang='lat' dir='ltr'>eum</span> <span class='ocrx_word' id='word_1_354' title='bbox 994 2448 1153 2486; x_wconf 77' lang='lat' dir='ltr'>inpotaret</span> <span class='ocrx_word' id='word_1_355' title='bbox 1177 2449 1240 2478; x_wconf 79' lang='lat' dir='ltr'>MA</span> <span class='ocrx_word' id='word_1_356' title='bbox 1266 2450 1370 2488; x_wconf 82' lang='lat' dir='ltr'>(imp.)</span> <span class='ocrx_word' id='word_1_357' title='bbox 1397 2449 1453 2478; x_wconf 84' lang='lat' dir='ltr'>alt.</span> <span class='ocrx_word' id='word_1_358' title='bbox 1490 2453 1555 2478; x_wconf 82' lang='lat' dir='ltr'>net.</span> <span class='ocrx_word' id='word_1_359' title='bbox 1582 2449 1649 2478; x_wconf 84' lang='lat' dir='ltr'>cod.</span> <span class='ocrx_word' id='word_1_360' title='bbox 1676 2450 1801 2487; x_wconf 71' lang='lat' dir='ltr'>cymino</span> <span class='ocrx_word' id='word_1_361' title='bbox 1826 2453 1853 2478; x_wconf 71' lang='lat' dir='ltr'>et</span> 
     </span>
     <span class='ocr_line' id='line_1_34' title="bbox 24 2502 1852 2548; baseline -0.004 -8"><span class='ocrx_word' id='word_1_362' title='bbox 24 2513 147 2548; x_wconf 79' lang='lat' dir='ltr'>putaret</span> <span class='ocrx_word' id='word_1_363' title='bbox 171 2510 234 2539; x_wconf 87' lang='lat' dir='ltr'>A2.</span> <span class='ocrx_word' id='word_1_364' title='bbox 261 2513 296 2538; x_wconf 92' lang='lat' dir='ltr'>ut</span> <span class='ocrx_word' id='word_1_365' title='bbox 321 2519 390 2538; x_wconf 88' lang='lat' dir='ltr'>cum</span> <span class='ocrx_word' id='word_1_366' title='bbox 415 2502 442 2538; x_wconf 67' lang='lat' dir='ltr'>V</span> <span class='ocrx_word' id='word_1_367' title='bbox 468 2511 593 2546; x_wconf 83' lang='lat' dir='ltr'>potaret</span> <span class='ocrx_word' id='word_1_368' title='bbox 618 2508 653 2536; x_wconf 82' lang='lat' dir='ltr'>R.</span> <span class='ocrx_word' id='word_1_369' title='bbox 718 2507 753 2546; x_wconf 85' lang='lat'>9)</span> <span class='ocrx_word' id='word_1_370' title='bbox 779 2507 842 2536; x_wconf 87' lang='lat' dir='ltr'>mei</span> <span class='ocrx_word' id='word_1_371' title='bbox 867 2516 927 2535; x_wconf 89' lang='lat' dir='ltr'>om.</span> <span class='ocrx_word' id='word_1_372' title='bbox 953 2506 1041 2536; x_wconf 83' lang='lat' dir='ltr'>vafh.</span> <span class='ocrx_word' id='word_1_373' title='bbox 1108 2507 1163 2545; x_wconf 83' lang='lat'>10)</span> <span class='ocrx_word' id='word_1_374' title='bbox 1192 2516 1386 2544; x_wconf 80' lang='lat' dir='ltr'>exsanguem</span> <span class='ocrx_word' id='word_1_375' title='bbox 1413 2515 1484 2544; x_wconf 62' lang='lat' dir='ltr'>erqo</span> <span class='ocrx_word' id='word_1_376' title='bbox 1509 2505 1664 2543; x_wconf 84' lang='lat' dir='ltr'>pallidum</span> <span class='ocrx_word' id='word_1_377' title='bbox 1701 2504 1852 2536; x_wconf 72' lang='lat' dir='ltr'>MR2G,v</span> 
     </span>
     <span class='ocr_line' id='line_1_35' title="bbox 26 2562 1850 2606; baseline -0.003 -10"><span class='ocrx_word' id='word_1_378' title='bbox 26 2566 247 2606; x_wconf 80' lang='lat' dir='ltr'>(exanguem).</span> <span class='ocrx_word' id='word_1_379' title='bbox 272 2574 415 2604; x_wconf 61' lang='lat' dir='ltr'>exangue</span> <span class='ocrx_word' id='word_1_380' title='bbox 441 2574 515 2603; x_wconf 81' lang='lat' dir='ltr'>ergo</span> <span class='ocrx_word' id='word_1_381' title='bbox 540 2565 698 2602; x_wconf 74' lang='lat' dir='ltr'>pallidum</span> <span class='ocrx_word' id='word_1_382' title='bbox 725 2573 752 2592; x_wconf 88' lang='lat' dir='ltr'>a.</span> <span class='ocrx_word' id='word_1_383' title='bbox 779 2572 921 2602; x_wconf 76' lang='lat' dir='ltr'>exangue</span> <span class='ocrx_word' id='word_1_384' title='bbox 942 2573 1003 2602; x_wconf 80' lang='lat' dir='ltr'>pro</span> <span class='ocrx_word' id='word_1_385' title='bbox 1028 2563 1147 2601; x_wconf 79' lang='lat' dir='ltr'>pallido</span> <span class='ocrx_word' id='word_1_386' title='bbox 1172 2563 1217 2592; x_wconf 82' lang='lat' dir='ltr'>fh.</span> <span class='ocrx_word' id='word_1_387' title='bbox 1270 2564 1325 2601; x_wconf 88' lang='lat'>12)</span> <span class='ocrx_word' id='word_1_388' title='bbox 1351 2564 1408 2592; x_wconf 84' lang='lat' dir='ltr'>alt.</span> <span class='ocrx_word' id='word_1_389' title='bbox 1436 2565 1489 2592; x_wconf 91' lang='lat' dir='ltr'>im.</span> <span class='ocrx_word' id='word_1_390' title='bbox 1518 2563 1545 2591; x_wconf 82' lang='lat'>2.</span> <span class='ocrx_word' id='word_1_391' title='bbox 1613 2562 1668 2599; x_wconf 73' lang='lat'>14)</span> <span class='ocrx_word' id='word_1_392' title='bbox 1695 2563 1741 2591; x_wconf 78' lang='lat' dir='ltr'>sic</span> <span class='ocrx_word' id='word_1_393' title='bbox 1767 2563 1850 2591; x_wconf 84' lang='lat' dir='ltr'>enim</span> 
     </span>
     <span class='ocr_line' id='line_1_36' title="bbox 23 2618 1851 2663; baseline -0.003 -10"><span class='ocrx_word' id='word_1_394' title='bbox 23 2622 124 2662; x_wconf 76' lang='lat' dir='ltr'>incipit</span> <span class='ocrx_word' id='word_1_395' title='bbox 145 2624 217 2653; x_wconf 78' lang='lat' dir='ltr'>MR.</span> <span class='ocrx_word' id='word_1_396' title='bbox 234 2622 365 2662; x_wconf 75' lang='lat' dir='ltr'>—quocl</span> <span class='ocrx_word' id='word_1_397' title='bbox 390 2631 471 2651; x_wconf 90' lang='lat' dir='ltr'>nem.</span> <span class='ocrx_word' id='word_1_398' title='bbox 498 2622 534 2650; x_wconf 82' lang='lat' dir='ltr'>R.</span> <span class='ocrx_word' id='word_1_399' title='bbox 587 2621 641 2658; x_wconf 83' lang='grc'>17)</span> <span class='ocrx_word' id='word_1_400' title='bbox 670 2620 738 2649; x_wconf 72' lang='lat' dir='ltr'>fidit</span> <span class='ocrx_word' id='word_1_401' title='bbox 760 2619 805 2657; x_wconf 80' lang='lat' dir='ltr'>fh,</span> <span class='ocrx_word' id='word_1_402' title='bbox 831 2624 866 2649; x_wconf 93' lang='lat' dir='ltr'>ut</span> <span class='ocrx_word' id='word_1_403' title='bbox 894 2620 945 2662; x_wconf 77' lang='grc' dir='ltr'>Βφ</span> <span class='ocrx_word' id='word_1_404' title='bbox 970 2619 1009 2663; x_wconf 79' lang='grc' dir='ltr'>(φ</span> <span class='ocrx_word' id='word_1_405' title='bbox 1032 2622 1043 2649; x_wconf 94' lang='grc'>1</span> <span class='ocrx_word' id='word_1_406' title='bbox 1065 2630 1104 2649; x_wconf 86' lang='grc'>111.</span> <span class='ocrx_word' id='word_1_407' title='bbox 1132 2620 1240 2657; x_wconf 60' lang='lat' dir='ltr'>corin),</span> <span class='ocrx_word' id='word_1_408' title='bbox 1268 2621 1321 2658; x_wconf 86' lang='lat' dir='ltr'>qui</span> <span class='ocrx_word' id='word_1_409' title='bbox 1348 2621 1482 2648; x_wconf 73' lang='lat' dir='ltr'>habent:</span> <span class='ocrx_word' id='word_1_410' title='bbox 1516 2618 1587 2653; x_wconf 80' lang='lat' dir='ltr'>‘Qui</span> <span class='ocrx_word' id='word_1_411' title='bbox 1612 2619 1706 2654; x_wconf 66' lang='lat' dir='ltr'>bene,</span> <span class='ocrx_word' id='word_1_412' title='bbox 1733 2619 1851 2656; x_wconf 80' lang='lat' dir='ltr'>iuquit,</span> 
     </span>
     <span class='ocr_line' id='line_1_37' title="bbox 25 2675 1852 2718; baseline -0.003 -9"><span class='ocrx_word' id='word_1_413' title='bbox 25 2679 83 2709; x_wconf 90' lang='lat' dir='ltr'>sibi</span> <span class='ocrx_word' id='word_1_414' title='bbox 109 2681 191 2718; x_wconf 80' lang='lat' dir='ltr'>fidit,</span> <span class='ocrx_word' id='word_1_415' title='bbox 217 2681 302 2709; x_wconf 87' lang='lat' dir='ltr'>solus</span> <span class='ocrx_word' id='word_1_416' title='bbox 327 2680 424 2708; x_wconf 83' lang='lat' dir='ltr'>audet</span> <span class='ocrx_word' id='word_1_417' title='bbox 449 2678 661 2716; x_wconf 82' lang='lat' dir='ltr'>praecedere.&#39;</span> <span class='ocrx_word' id='word_1_418' title='bbox 689 2695 730 2698; x_wconf 78' lang='lat'>—</span> <span class='ocrx_word' id='word_1_419' title='bbox 757 2678 843 2707; x_wconf 85' lang='lat' dir='ltr'>solus</span> <span class='ocrx_word' id='word_1_420' title='bbox 869 2676 955 2706; x_wconf 78' lang='lat' dir='ltr'>habet</span> <span class='ocrx_word' id='word_1_421' title='bbox 977 2676 1066 2706; x_wconf 83' lang='lat' dir='ltr'>vafh.</span> <span class='ocrx_word' id='word_1_422' title='bbox 1092 2677 1161 2706; x_wconf 88' lang='lat' dir='ltr'>rell.</span> <span class='ocrx_word' id='word_1_423' title='bbox 1189 2676 1286 2713; x_wconf 68' lang='grc' dir='ltr'><em>αῑαῖσί,</em></span> <span class='ocrx_word' id='word_1_424' title='bbox 1314 2680 1348 2705; x_wconf 89' lang='lat' dir='ltr'>ut</span> <span class='ocrx_word' id='word_1_425' title='bbox 1373 2676 1489 2705; x_wconf 82' lang='lat' dir='ltr'>Acron.</span> <span class='ocrx_word' id='word_1_426' title='bbox 1558 2677 1613 2712; x_wconf 69' lang='lat'>18)</span> <span class='ocrx_word' id='word_1_427' title='bbox 1639 2675 1753 2704; x_wconf 73' lang='lat' dir='ltr'>Altera</span> <span class='ocrx_word' id='word_1_428' title='bbox 1778 2684 1852 2711; x_wconf 80' lang='lat' dir='ltr'>pars</span> 
     </span>
     <span class='ocr_line' id='line_1_38' title="bbox 25 2731 1852 2776; baseline -0.003 -11"><span class='ocrx_word' id='word_1_429' title='bbox 25 2736 135 2766; x_wconf 84' lang='lat' dir='ltr'>scholii</span> <span class='ocrx_word' id='word_1_430' title='bbox 163 2737 339 2776; x_wconf 85' lang='lat' dir='ltr'>(habetque</span> <span class='ocrx_word' id='word_1_431' title='bbox 357 2753 397 2757; x_wconf 31' lang='grc' dir='ltr'><em>Η</em></span> <span class='ocrx_word' id='word_1_432' title='bbox 415 2745 446 2765; x_wconf 85' lang='lat' dir='ltr'>se</span> <span class='ocrx_word' id='word_1_433' title='bbox 472 2736 680 2773; x_wconf 85' lang='lat' dir='ltr'>sequentibus</span> <span class='ocrx_word' id='word_1_434' title='bbox 706 2734 810 2763; x_wconf 74' lang='lat' dir='ltr'>(lucem</span> <span class='ocrx_word' id='word_1_435' title='bbox 834 2733 879 2763; x_wconf 88' lang='lat' dir='ltr'>fh.</span> <span class='ocrx_word' id='word_1_436' title='bbox 898 2751 939 2754; x_wconf 23' lang='grc' dir='ltr'>*ᾔ</span> <span class='ocrx_word' id='word_1_437' title='bbox 958 2743 1065 2771; x_wconf 86' lang='lat' dir='ltr'>regem</span> <span class='ocrx_word' id='word_1_438' title='bbox 1091 2734 1214 2771; x_wconf 80' lang='lat' dir='ltr'>appium</span> <span class='ocrx_word' id='word_1_439' title='bbox 1241 2733 1461 2771; x_wconf 80' lang='lat' dir='ltr'>iscquentibus</span> <span class='ocrx_word' id='word_1_440' title='bbox 1485 2742 1515 2761; x_wconf 91' lang='lat' dir='ltr'>v.</span> <span class='ocrx_word' id='word_1_441' title='bbox 1544 2741 1650 2769; x_wconf 78' lang='lat' dir='ltr'>regem</span> <span class='ocrx_word' id='word_1_442' title='bbox 1675 2732 1796 2769; x_wconf 82' lang='lat' dir='ltr'>Apium</span> <span class='ocrx_word' id='word_1_443' title='bbox 1821 2731 1852 2760; x_wconf 80' lang='lat' dir='ltr'>z&#39;n</span> 
     </span>
     <span class='ocr_line' id='line_1_39' title="bbox 26 2788 1852 2832; baseline -0.003 -10"><span class='ocrx_word' id='word_1_444' title='bbox 26 2795 231 2832; x_wconf 84' lang='lat' dir='ltr'>sequentibus</span> <span class='ocrx_word' id='word_1_445' title='bbox 257 2793 291 2831; x_wconf 86' lang='lat' dir='ltr'>a)</span> <span class='ocrx_word' id='word_1_446' title='bbox 319 2793 472 2822; x_wconf 79' lang='lat' dir='ltr'>audacius</span> <span class='ocrx_word' id='word_1_447' title='bbox 499 2791 701 2821; x_wconf 75' lang='lat' dir='ltr'>emendanda</span> <span class='ocrx_word' id='word_1_448' title='bbox 725 2795 811 2827; x_wconf 82' lang='lat' dir='ltr'>erat3</span> <span class='ocrx_word' id='word_1_449' title='bbox 839 2790 1084 2828; x_wconf 84' lang='lat' dir='ltr'>corruptissima</span> <span class='ocrx_word' id='word_1_450' title='bbox 1110 2793 1184 2819; x_wconf 80' lang='lat' dir='ltr'>sunt</span> <span class='ocrx_word' id='word_1_451' title='bbox 1209 2791 1309 2819; x_wconf 83' lang='lat' dir='ltr'>uerba</span> <span class='ocrx_word' id='word_1_452' title='bbox 1335 2790 1368 2818; x_wconf 90' lang='lat' dir='ltr'>in</span> <span class='ocrx_word' id='word_1_453' title='bbox 1397 2788 1528 2817; x_wconf 58' lang='lat' dir='ltr'>MRZG:</span> <span class='ocrx_word' id='word_1_454' title='bbox 1567 2789 1729 2825; x_wconf 81' lang='lat' dir='ltr'>habetque</span> <span class='ocrx_word' id='word_1_455' title='bbox 1770 2788 1852 2817; x_wconf 80' lang='lat' dir='ltr'>alios</span> 
     </span>
     <span class='ocr_line' id='line_1_40' title="bbox 25 2845 1853 2888; baseline -0.003 -10"><span class='ocrx_word' id='word_1_456' title='bbox 25 2857 78 2886; x_wconf 87' lang='lat' dir='ltr'>pro</span> <span class='ocrx_word' id='word_1_457' title='bbox 111 2859 148 2879; x_wconf 84' lang='lat' dir='ltr'>ea</span> <span class='ocrx_word' id='word_1_458' title='bbox 179 2851 259 2879; x_wconf 87' lang='lat' dir='ltr'>mihi</span> <span class='ocrx_word' id='word_1_459' title='bbox 284 2859 391 2888; x_wconf 84' lang='lat' dir='ltr'>regem</span> <span class='ocrx_word' id='word_1_460' title='bbox 417 2849 543 2888; x_wconf 74' lang='lat' dir='ltr'>appium</span> <span class='ocrx_word' id='word_1_461' title='bbox 568 2848 798 2886; x_wconf 81' lang='lat' dir='ltr'>sequentibus’.</span> <span class='ocrx_word' id='word_1_462' title='bbox 827 2847 872 2882; x_wconf 80' lang='lat' dir='ltr'>Q:</span> <span class='ocrx_word' id='word_1_463' title='bbox 900 2847 976 2876; x_wconf 69' lang='lat' dir='ltr'>‘Nos</span> <span class='ocrx_word' id='word_1_464' title='bbox 1001 2848 1124 2876; x_wconf 83' lang='lat' dir='ltr'>neutris</span> <span class='ocrx_word' id='word_1_465' title='bbox 1150 2847 1295 2876; x_wconf 82' lang='lat' dir='ltr'>contenti</span> <span class='ocrx_word' id='word_1_466' title='bbox 1322 2846 1415 2874; x_wconf 79' lang='lat' dir='ltr'>Fabr.</span> <span class='ocrx_word' id='word_1_467' title='bbox 1444 2845 1543 2873; x_wconf 79' lang='lat' dir='ltr'>secuti</span> <span class='ocrx_word' id='word_1_468' title='bbox 1569 2854 1678 2874; x_wconf 77' lang='lat' dir='ltr'>sumus</span> <span class='ocrx_word' id='word_1_469' title='bbox 1705 2845 1853 2873; x_wconf 81' lang='lat' dir='ltr'>emenda-</span> 
     </span>
     <span class='ocr_line' id='line_1_41' title="bbox 26 2900 1851 2945; baseline -0.004 -9"><span class='ocrx_word' id='word_1_470' title='bbox 26 2905 142 2936; x_wconf 81' lang='lat' dir='ltr'>tionem</span> <span class='ocrx_word' id='word_1_471' title='bbox 167 2908 240 2936; x_wconf 85' lang='lat' dir='ltr'>aliis</span> <span class='ocrx_word' id='word_1_472' title='bbox 264 2908 483 2945; x_wconf 84' lang='lat' dir='ltr'>relinquentes</span> <span class='ocrx_word' id='word_1_473' title='bbox 521 2904 732 2943; x_wconf 75' lang='lat' dir='ltr'>(sequentium</span> <span class='ocrx_word' id='word_1_474' title='bbox 757 2904 852 2933; x_wconf 84' lang='lat' dir='ltr'>habet</span> <span class='ocrx_word' id='word_1_475' title='bbox 878 2903 1060 2942; x_wconf 78' lang='lat' dir='ltr'>Ritterus).&#39;</span> <span class='ocrx_word' id='word_1_476' title='bbox 1102 2903 1237 2933; x_wconf 84' lang='lat' dir='ltr'>Constat</span> <span class='ocrx_word' id='word_1_477' title='bbox 1263 2912 1303 2931; x_wconf 77' lang='lat' dir='ltr'>cx</span> <span class='ocrx_word' id='word_1_478' title='bbox 1330 2902 1411 2931; x_wconf 85' lang='lat' dir='ltr'>Plin.</span> <span class='ocrx_word' id='word_1_479' title='bbox 1438 2901 1492 2937; x_wconf 84' lang='lat' dir='ltr'>XI,</span> <span class='ocrx_word' id='word_1_480' title='bbox 1524 2902 1573 2930; x_wconf 84' lang='grc'>16.</span> <span class='ocrx_word' id='word_1_481' title='bbox 1599 2901 1695 2938; x_wconf 76' lang='lat' dir='ltr'>Vcrg.</span> <span class='ocrx_word' id='word_1_482' title='bbox 1723 2900 1762 2932; x_wconf 80' lang='lat' dir='ltr'>G.</span> <span class='ocrx_word' id='word_1_483' title='bbox 1796 2900 1851 2937; x_wconf 77' lang='lat' dir='ltr'>IV,</span> 
     </span>
     <span class='ocr_line' id='line_1_42' title="bbox 28 2958 1852 3002; baseline -0.003 -10"><span class='ocrx_word' id='word_1_484' title='bbox 28 2963 88 2993; x_wconf 90' lang='grc'>106</span> <span class='ocrx_word' id='word_1_485' title='bbox 115 2967 146 2994; x_wconf 82' lang='lat' dir='ltr'>et</span> <span class='ocrx_word' id='word_1_486' title='bbox 172 2965 234 2993; x_wconf 83' lang='lat'>212</span> <span class='ocrx_word' id='word_1_487' title='bbox 262 2963 351 3002; x_wconf 83' lang='lat' dir='ltr'>(rege</span> <span class='ocrx_word' id='word_1_488' title='bbox 376 2964 527 2993; x_wconf 86' lang='lat' dir='ltr'>incolumi</span> <span class='ocrx_word' id='word_1_489' title='bbox 553 2970 642 2991; x_wconf 83' lang='lat' dir='ltr'>mens</span> <span class='ocrx_word' id='word_1_490' title='bbox 667 2961 815 2990; x_wconf 75' lang='lat' dir='ltr'>omnibus</span> <span class='ocrx_word' id='word_1_491' title='bbox 839 2970 903 2989; x_wconf 82' lang='lat' dir='ltr'>una</span> <span class='ocrx_word' id='word_1_492' title='bbox 922 2960 999 2999; x_wconf 74' lang='lat' dir='ltr'>est),</span> <span class='ocrx_word' id='word_1_493' title='bbox 1025 2970 1124 2999; x_wconf 67' lang='lat' dir='ltr'>reyem</span> <span class='ocrx_word' id='word_1_494' title='bbox 1149 2964 1180 2989; x_wconf 81' lang='lat' dir='ltr'>et</span> <span class='ocrx_word' id='word_1_495' title='bbox 1196 2968 1281 2999; x_wconf 63' lang='lat' dir='ltr'>reyes</span> <span class='ocrx_word' id='word_1_496' title='bbox 1298 2968 1387 2997; x_wconf 71' lang='lat' dir='ltr'>apum</span> <span class='ocrx_word' id='word_1_497' title='bbox 1405 2959 1478 2987; x_wconf 69' lang='lat' dir='ltr'>dici.</span> <span class='ocrx_word' id='word_1_498' title='bbox 1498 2958 1610 2995; x_wconf 66' lang='lat' dir='ltr'>partos.</span> <span class='ocrx_word' id='word_1_499' title='bbox 1636 2958 1711 2987; x_wconf 77' lang='lat' dir='ltr'>Ideo</span> <span class='ocrx_word' id='word_1_500' title='bbox 1738 2958 1852 2995; x_wconf 76' lang='lat' dir='ltr'>paries7</span> 
     </span>
     <span class='ocr_line' id='line_1_43' title="bbox 26 3014 1851 3059; baseline -0.005 -8"><span class='ocrx_word' id='word_1_501' title='bbox 26 3020 100 3057; x_wconf 82' lang='lat' dir='ltr'>quia</span> <span class='ocrx_word' id='word_1_502' title='bbox 124 3021 228 3059; x_wconf 79' lang='lat' dir='ltr'>parius</span> <span class='ocrx_word' id='word_1_503' title='bbox 254 3024 303 3050; x_wconf 87' lang='lat' dir='ltr'>est</span> <span class='ocrx_word' id='word_1_504' title='bbox 329 3021 413 3050; x_wconf 89' lang='lat' dir='ltr'>arch.</span> <span class='ocrx_word' id='word_1_505' title='bbox 440 3030 470 3049; x_wconf 87' lang='lat' dir='ltr'>v.</span> <span class='ocrx_word' id='word_1_506' title='bbox 496 3019 618 3049; x_wconf 72' lang='lat' dir='ltr'>Parios.</span> <span class='ocrx_word' id='word_1_507' title='bbox 657 3018 728 3047; x_wconf 82' lang='lat' dir='ltr'>ideo</span> <span class='ocrx_word' id='word_1_508' title='bbox 754 3018 829 3055; x_wconf 82' lang='lat' dir='ltr'>quia</span> <span class='ocrx_word' id='word_1_509' title='bbox 853 3018 962 3055; x_wconf 83' lang='lat' dir='ltr'>parius</span> <span class='ocrx_word' id='word_1_510' title='bbox 989 3021 1037 3046; x_wconf 88' lang='lat' dir='ltr'>est</span> <span class='ocrx_word' id='word_1_511' title='bbox 1062 3016 1204 3046; x_wconf 87' lang='lat' dir='ltr'>Archilo.</span> <span class='ocrx_word' id='word_1_512' title='bbox 1241 3025 1269 3045; x_wconf 88' lang='lat' dir='ltr'>a.</span> <span class='ocrx_word' id='word_1_513' title='bbox 1298 3016 1366 3044; x_wconf 83' lang='lat' dir='ltr'>rell.</span> <span class='ocrx_word' id='word_1_514' title='bbox 1398 3014 1518 3053; x_wconf 68' lang='lat' dir='ltr'>parias.</span> <span class='ocrx_word' id='word_1_515' title='bbox 1556 3015 1626 3043; x_wconf 84' lang='lat' dir='ltr'>ideo</span> <span class='ocrx_word' id='word_1_516' title='bbox 1664 3018 1725 3043; x_wconf 87' lang='lat' dir='ltr'>ctc.</span> <span class='ocrx_word' id='word_1_517' title='bbox 1764 3015 1851 3043; x_wconf 86' lang='lat' dir='ltr'>arch.</span> 
     </span>
     <span class='ocr_line' id='line_1_44' title="bbox 25 3070 1853 3114; baseline -0.004 -8"><span class='ocrx_word' id='word_1_518' title='bbox 25 3077 132 3114; x_wconf 85' lang='lat' dir='ltr'>parius</span> <span class='ocrx_word' id='word_1_519' title='bbox 157 3081 199 3107; x_wconf 75' lang='lat' dir='ltr'>est</span> <span class='ocrx_word' id='word_1_520' title='bbox 220 3078 263 3106; x_wconf 92' lang='lat' dir='ltr'>M.</span> <span class='ocrx_word' id='word_1_521' title='bbox 300 3077 460 3106; x_wconf 73' lang='lat' dir='ltr'>ambiloous</span> <span class='ocrx_word' id='word_1_522' title='bbox 487 3075 564 3114; x_wconf 85' lang='lat' dir='ltr'>(sic)</span> <span class='ocrx_word' id='word_1_523' title='bbox 592 3085 642 3112; x_wconf 84' lang='lat' dir='ltr'>pa.</span> <span class='ocrx_word' id='word_1_524' title='bbox 669 3079 711 3104; x_wconf 76' lang='lat' dir='ltr'>est</span> <span class='ocrx_word' id='word_1_525' title='bbox 734 3074 772 3104; x_wconf 81' lang='lat' dir='ltr'>R.</span> <span class='ocrx_word' id='word_1_526' title='bbox 799 3074 884 3103; x_wconf 84' lang='lat' dir='ltr'>arch.</span> <span class='ocrx_word' id='word_1_527' title='bbox 909 3083 959 3111; x_wconf 87' lang='lat' dir='ltr'>pa.</span> <span class='ocrx_word' id='word_1_528' title='bbox 976 3072 1044 3111; x_wconf 72' lang='lat' dir='ltr'>fait</span> <span class='ocrx_word' id='word_1_529' title='bbox 1069 3074 1097 3102; x_wconf 87' lang='lat'>2.</span> <span class='ocrx_word' id='word_1_530' title='bbox 1122 3073 1231 3110; x_wconf 84' lang='lat' dir='ltr'>parius</span> <span class='ocrx_word' id='word_1_531' title='bbox 1258 3075 1306 3100; x_wconf 82' lang='lat' dir='ltr'>cst</span> <span class='ocrx_word' id='word_1_532' title='bbox 1323 3071 1420 3100; x_wconf 83' lang='lat' dir='ltr'>Arch.</span> <span class='ocrx_word' id='word_1_533' title='bbox 1447 3071 1535 3100; x_wconf 74' lang='lat' dir='ltr'>vafh.</span> <span class='ocrx_word' id='word_1_534' title='bbox 1574 3070 1672 3099; x_wconf 84' lang='lat' dir='ltr'>Arch.</span> <span class='ocrx_word' id='word_1_535' title='bbox 1698 3079 1746 3108; x_wconf 82' lang='lat' dir='ltr'>pa.</span> <span class='ocrx_word' id='word_1_536' title='bbox 1774 3074 1801 3099; x_wconf 73' lang='lat' dir='ltr'>et</span> <span class='ocrx_word' id='word_1_537' title='bbox 1825 3070 1853 3105; x_wconf 84' lang='lat' dir='ltr'>Q</span> 
     </span>
     <span class='ocr_line' id='line_1_45' title="bbox 26 3126 1835 3174; baseline -0.004 -12"><span class='ocrx_word' id='word_1_538' title='bbox 26 3132 84 3163; x_wconf 88' lang='lat' dir='ltr'>inc.</span> <span class='ocrx_word' id='word_1_539' title='bbox 110 3135 218 3165; x_wconf 76' lang='lat' dir='ltr'>tacite.</span> <span class='ocrx_word' id='word_1_540' title='bbox 267 3135 324 3174; x_wconf 78' lang='lat'>23)</span> <span class='ocrx_word' id='word_1_541' title='bbox 351 3134 434 3163; x_wconf 88' lang='lat' dir='ltr'>Loco</span> <span class='ocrx_word' id='word_1_542' title='bbox 459 3133 620 3162; x_wconf 86' lang='lat' dir='ltr'>lemmatis</span> <span class='ocrx_word' id='word_1_543' title='bbox 645 3130 714 3160; x_wconf 73' lang='lat' dir='ltr'>Non</span> <span class='ocrx_word' id='word_1_544' title='bbox 737 3139 787 3160; x_wconf 77' lang='lat' dir='ltr'>res</span> <span class='ocrx_word' id='word_1_545' title='bbox 811 3130 866 3160; x_wconf 83' lang='lat' dir='ltr'>afh</span> <span class='ocrx_word' id='word_1_546' title='bbox 891 3133 1067 3169; x_wconf 85' lang='lat' dir='ltr'>posuerunt</span> <span class='ocrx_word' id='word_1_547' title='bbox 1092 3130 1171 3159; x_wconf 84' lang='lat' dir='ltr'>Nam</span> <span class='ocrx_word' id='word_1_548' title='bbox 1197 3129 1234 3158; x_wconf 89' lang='lat' dir='ltr'>de</span> <span class='ocrx_word' id='word_1_549' title='bbox 1252 3128 1350 3157; x_wconf 85' lang='lat' dir='ltr'>Arch.</span> <span class='ocrx_word' id='word_1_550' title='bbox 1371 3146 1402 3148; x_wconf 69' lang='lat'>—</span> <span class='ocrx_word' id='word_1_551' title='bbox 1425 3127 1470 3156; x_wconf 71' lang='lat' dir='ltr'>nil</span> <span class='ocrx_word' id='word_1_552' title='bbox 1493 3126 1646 3157; x_wconf 73' lang='lat' dir='ltr'>0111.MG.</span> <span class='ocrx_word' id='word_1_553' title='bbox 1672 3127 1719 3156; x_wconf 89' lang='lat' dir='ltr'>nil</span> <span class='ocrx_word' id='word_1_554' title='bbox 1744 3130 1835 3156; x_wconf 85' lang='lat' dir='ltr'>trans</span> 
     </span>
    </p>
   </div>
   <div class='ocr_carea' id='block_1_8' title="bbox 1515 3192 1568 3217">
    <p class='ocr_par' dir='ltr' id='par_1_12' title="bbox 1515 3192 1568 3217">
     <span class='ocr_line' id='line_1_46' title="bbox 1515 3192 1568 3217; baseline 0 0"><span class='ocrx_word' id='word_1_555' title='bbox 1515 3192 1568 3217; x_wconf 58' lang='lat'>3⁴2*</span> 
     </span>
    </p>
   </div>
   <div class='ocr_carea' id='block_1_9' title="bbox 1882 914 1922 945">
    <p class='ocr_par' dir='ltr' id='par_1_13' title="bbox 1882 914 1922 945">
     <span class='ocr_line' id='line_1_47' title="bbox 1882 914 1922 945; baseline 0 0"><span class='ocrx_word' id='word_1_556' title='bbox 1882 914 1922 945; x_wconf 89' lang='grc'>10</span> 
     </span>
    </p>
   </div>
   <div class='ocr_carea' id='block_1_10' title="bbox 1881 1281 1922 1312">
    <p class='ocr_par' dir='ltr' id='par_1_14' title="bbox 1881 1281 1922 1312">
     <span class='ocr_line' id='line_1_48' title="bbox 1881 1281 1922 1312; baseline 0 0"><span class='ocrx_word' id='word_1_557' title='bbox 1881 1281 1922 1312; x_wconf 85' lang='grc'>15</span> 
     </span>
    </p>
   </div>
  </div>
 </body>
</html>
