2148 3412
803 142 851 174 IN
876 143 1011 175 snRM.
1038 144 1062 183 1,
1089 150 1119 176 3.
1821 140 1872 181 57

166 263 229 304 58.
262 263 328 305 59.
358 265 438 306 Hic
465 265 550 318 fuq.
583 279 684 306 omn.
721 266 889 308 Insidias
919 281 988 308 nu.
1019 268 1124 309 malo
1156 269 1224 310 lat.
1256 269 1361 312 obdit
1381 280 1576 327 apertum.
1637 270 1684 313 Si
1716 272 1768 314 sit
1798 273 1875 314 ali-

0 362 2 388 ;
54 335 146 389 quis
176 342 323 377 cautus
354 344 394 377 et
422 352 506 378 non
535 337 658 379 facile
689 353 733 379 se
763 338 910 394 iungat
940 339 1167 392 insidiosis,
1199 356 1295 384 eum
1326 353 1501 386 astutum
1530 345 1806 401 appellamus.

163 409 279 450 obdit.
339 407 499 460 Obicit,
531 411 665 462 offert,
697 412 884 466 opponit.

163 482 227 522 60.
262 497 351 524 omn
378 499 503 538 yenus
532 485 615 526 hoc.
648 486 719 526 z'nt.
750 487 855 527 uitae
886 494 1083 528 uersatur.
1149 486 1259 529 Cum
1305 490 1349 530 in
1394 505 1548 547 genere
1592 492 1719 534 huius
1762 492 1875 534 uitae

59 562 249 596 uersetur
278 555 577 598 insidiosorum
606 557 833 599 hominum.
897 560 980 600 Ubi.
1042 557 1140 611 Quo
1171 567 1371 616 tempore.

160 628 224 669 63.
258 628 486 685 Se'mplz'ee‘or
515 632 602 685 quis
633 640 700 678 est,
733 632 886 687 qualem
907 647 957 673 m.
979 646 1008 673 s.
1034 633 1058 673 Ι.
1084 634 1172 675 Obt.
1204 635 1283 676 tibi.
1343 634 1463 678 Ordo
1494 645 1574 678 est:
1609 637 1657 680 Si
1689 639 1784 693 quis
1815 647 1876 681 est

49 700 290 755 simplicior,
324 702 492 756 qualem
522 718 588 744 me
619 703 695 745 tibi
726 704 965 755 obtulerim,
996 720 1019 747 o
1051 705 1292 757 Maecenas,
1333 708 1445 750 hunc
1476 711 1692 765 appellant
1721 694 1873 754 nioles-

0 789 1 834 j
47 779 132 814 tum
165 781 204 815 et
234 774 420 816 stultum.
482 774 642 818 Sensus
672 792 772 818 uero
803 777 871 819 hic
903 785 984 819 est:
1020 776 1067 819 Si
1099 779 1194 834 quis
1224 780 1356 822 libere
1388 789 1427 822 et
1459 782 1547 823 sine
1579 784 1873 826 obseruatione

46 847 245 901 temporis
275 848 554 903 appellauerit
584 850 767 891 amicum
799 865 936 901 suum,
967 852 1079 893 hunc
1110 853 1255 894 dicunt
1287 854 1460 896 stultum
1492 863 1532 897 et
1561 858 1779 899 molestum.

159 921 224 962 65.
257 921 452 977 Impellat.
522 921 804 978 Adloquatur.
873 925 1028 975 Quouis
1058 941 1250 968 sermone.
1326 926 1455 980 Quod
1498 929 1668 971 uidetur
1712 931 1870 986 impor-

47 992 248 1036 tunitatis.

157 1068 222 1109 66.
254 1066 478 1124 [communi
503 1084 620 1111 sensu
642 1070 703 1125 pl.
736 1067 876 1127 caret]
953 1070 1001 1113 Si
1032 1072 1127 1126 quis
1157 1080 1219 1114 est
1249 1073 1441 1129 simpleX,
1484 1083 1530 1116 ut
1559 1076 1770 1132 legentem
1801 1085 1872 1118 aut

44 1139 296 1195 cogitantem
326 1141 524 1183 molestus
553 1142 803 1197 interpellet,
835 1145 974 1186 statim
1006 1160 1102 1186 eum
1135 1161 1277 1188 carere
1299 1149 1511 1190 communi
1534 1164 1659 1191 sensu
1681 1150 1871 1193 dicimus.

44 1212 182 1255 Sensu.
244 1213 479 1270 Sapientia..
534 1218 748 1273 inquimus.
788 1217 1016 1273 [Συστολ-ὴ,
1058 1219 1177 1275 quia]
1217 1219 1426 1262 Dicimus.
1486 1223 1693 1278 Inquz'mus
1732 1224 1873 1266 media

45 1286 206 1341 syllaba
235 1287 364 1344 longa
394 1303 484 1330 esse
514 1288 698 1331 deberet.

157 1361 220 1401 67.
255 1361 386 1411 Quam
418 1370 503 1403 tem.
532 1363 574 1403 in
603 1377 727 1404 nosen.
765 1364 886 1418 leqetn
916 1378 1026 1405 sane.
1056 1366 1246 1420 iniquam.
1327 1366 1444 1418 Quia
1488 1369 1636 1410 eadem
1680 1369 1732 1411 ab
1778 1370 1872 1412 aliis

44 1432 262 1487 patiuntur
291 1441 332 1475 et
361 1434 498 1475 eidem
528 1435 757 1477 conditioni
788 1436 1069 1487 subiacemus,
1106 1438 1207 1492 quia
1238 1438 1363 1480 etiam
1394 1440 1456 1481 illi
1478 1441 1654 1482 eandem
1677 1443 1729 1484 de
1749 1443 1871 1485 nobis

42 1506 180 1562 legem
210 1514 457 1549 statuerunt.
520 1507 750 1565 [Sanee'mus
782 1516 921 1550 autem
951 1510 1180 1561 firmamus,
1213 1511 1485 1569 iudicamus]

156 1581 221 1622 68.
252 1595 348 1623 nam
379 1596 417 1623 u.
446 1597 485 1623 n.
506 1596 536 1624 s.
558 1597 596 1623 n.
654 1582 756 1625 Ideo
787 1582 988 1625 debemus
1018 1583 1131 1625 uitiis
1163 1584 1395 1626 amicorum
1426 1586 1659 1641 ignoscere,
1691 1596 1734 1630 ut
1768 1590 1868 1646 [illi]

0 1668 2 1695 ;
43 1660 84 1695 et
112 1653 184 1695 alii
214 1655 367 1696 nostris
401 1655 632 1711 ignoscant.

155 1729 221 1769 69.
253 1729 430 1771 Minimz's
468 1730 585 1771 Vitz'is.
617 1738 799 1785 urqetur.
860 1728 1093 1773 Grauatur.

156 1803 220 1844 70.
257 1802 484 1859 Conpensel.
546 1801 774 1858 Conparet.

156 1878 311 1918 amicus
343 1877 474 1918 dulcis
503 1893 543 1919 u.
576 1893 633 1918 ae.
667 1893 699 1919 c.
730 1893 778 1919 m.
811 1885 1020 1934 conpenset
1047 1880 1157 1919 uitiis
1187 1879 1302 1920 bona.
1372 1878 1552 1921 Amicus
1582 1881 1718 1923 bonus
1749 1882 1871 1923 debet

44 1962 302 2004 conpensare
333 1964 427 1991 mea
456 1950 561 1991 uitia
591 1965 686 1992 cum
716 1950 838 1992 bonis
867 1957 920 2000 et,
953 1950 988 1992 si
1017 1950 1142 2006 plura
1173 1960 1268 1993 sunt
1298 1951 1422 2003 bona,
1455 1953 1509 1994 ad
1539 1968 1589 1995 ea
1618 1956 1873 2010 propensior

42 2021 133 2063 fieri
162 2022 188 2063 i.
221 2036 255 2063 e.
286 2036 336 2063 ea
365 2022 502 2079 magis
531 2023 718 2064 laudare.

156 2097 232 2137 His
263 2110 315 2137 ee.
374 2095 457 2138 His
487 2095 609 2138 bonis
638 2096 830 2150 pluribus
861 2097 1046 2140 inclinet.

156 2171 222 2210 71.
254 2170 388 2212 Modo.
446 2169 773 2212 Tantummodo.

157 2243 222 2284 72.
255 2245 387 2284 amare·
407 2244 453 2285 Sz'
478 2244 597 2285 uolet.
655 2242 845 2284 Accedet
878 2244 931 2285 ad
962 2244 1147 2299 plurima
1167 2258 1261 2286 mea
1281 2245 1405 2296 bona,
1437 2253 1478 2288 et
1504 2246 1672 2288 recedet
1692 2261 1717 2287 a
1736 2247 1872 2297 malis,

47 2315 178 2357 amari
208 2316 243 2358 si
272 2315 375 2358 uult.
442 2317 553 2372 Leye.
615 2314 890 2359 Condicione.

162 2462 193 2500 1)
220 2461 254 2491 Si
281 2462 323 2491 sit
348 2462 389 2491 al.
417 2465 528 2491 cautus
554 2461 607 2503 ΥΟ.
632 2466 660 2491 et
682 2471 745 2491 non
770 2471 797 2502 γ.
824 2461 875 2500 qni
898 2470 961 2490 nou
988 2460 1024 2491 C.
1088 2462 1122 2500 2)
1151 2472 1221 2492 eum
1246 2473 1273 2504 γ.
1299 2463 1383 2493 hunc
1408 2462 1442 2492 C.
1469 2464 1538 2493 rell.
1566 2464 1628 2492 sic:
1656 2463 1688 2492 Si
1715 2473 1777 2492 non
1803 2464 1872 2494 uult

50 2526 83 2546 se
107 2517 284 2547 admiscere
309 2518 477 2547 insidiosis
503 2521 534 2547 et
561 2518 685 2547 nullum
712 2518 848 2554 laedere,
872 2518 991 2547 studium
1019 2519 1228 2556 appellamus.
1259 2520 1392 2557 opponit
1410 2530 1469 2549 om.
1490 2519 1615 2556 G‚mva.
1664 2521 1699 2557 4)
1726 2524 1874 2549 uersetur

48 2583 108 2603 om.
134 2573 173 2604 G.
224 2576 258 2613 5)
285 2575 380 2604 insid.
407 2575 570 2604 hominum
595 2585 621 2616 γ.
648 2575 730 2604 110111.
757 2575 852 2603 insid.
880 2574 916 2604 C.
944 2576 1013 2604 rell.
1040 2585 1099 2605 om.
1127 2576 1162 2604 In
1187 2585 1248 2613 quo
1274 2580 1415 2613 tempore
1432 2586 1457 2617 γ.
1485 2576 1622 2614 quando.
1642 2586 1702 2613 quo
1720 2579 1817 2613 temp.
1837 2575 1872 2605 C.

50 2630 84 2668 6)
109 2631 146 2660 fh
171 2632 381 2669 interponunt
406 2632 539 2660 lemma:
568 2629 718 2660 Communi
739 2640 827 2660 sensu
848 2631 940 2669 plane
965 2636 1055 2660 carel.
1114 2632 1147 2669 7)
1174 2636 1221 2660 est
1249 2632 1352 2669 simpl.
1378 2641 1404 2673 γ.
1432 2632 1499 2661 rell.
1526 2633 1632 2669 simpl.
1660 2635 1717 2661 est..
1747 2649 1783 2652 ——
1813 2632 1873 2661 tibi

48 2685 147 2716 exibui
169 2696 196 2728 γ.
257 2687 310 2726 10)
336 2687 540 2726 Adloquatur
564 2697 590 2729 γ.
617 2687 685 2716 rell.
712 2696 772 2716 om.
800 2686 891 2722 Quod
916 2688 1046 2717 uidetur
1071 2689 1198 2725 import.
1223 2697 1250 2729 γ.
1277 2688 1345 2717 1·θ11.
1371 2697 1431 2716 om.
1495 2688 1549 2725 12)
1576 2687 1706 2716 Lemma
1731 2697 1790 2717 om.
1817 2686 1874 2729 yG,

50 2751 131 2772 mva.
182 2744 237 2783 14)
263 2743 432 2782 Sapientia
455 2753 483 2785 γ.
511 2744 580 2773 rell.
606 2753 666 2773 om.
685 2761 726 2764 »Α
745 2739 838 2774 Συστ.
866 2744 941 2781 quia
966 2754 1027 2773 om.
1052 2754 1077 2785 γ.
1104 2744 1250 2773 Dicimus
1276 2744 1438 2781 inquimus
1463 2752 1489 2784 γ.
1516 2743 1584 2771 rell.
1611 2753 1671 2774 om.
1723 2743 1779 2781 15)
1807 2753 1875 2772 esse

51 2801 121 2830 deb.
147 2811 173 2842 γ.
199 2802 268 2830 rell.
295 2802 363 2830 deb.
391 2811 470 2831 esse.
524 2802 577 2840 17)
605 2802 764 2839 patiuntur
789 2810 815 2842 γ.
844 2800 912 2829 rell.
939 2801 1083 2838 patimur.
1137 2801 1190 2838 18)
1219 2804 1358 2828 statuere
1382 2809 1408 2840 γ.
1435 2800 1503 2827 rell.
1531 2802 1716 2827 statuerunt.
1736 2817 1775 2818 j
1796 2800 1874 2827 San-

51 2855 140 2886 cimus
165 2867 215 2886 au.
242 2858 321 2888 firm.
347 2861 449 2889 const,
477 2867 537 2887 om.
551 2867 577 2898 γ.
604 2861 700 2885 (cutem
724 2857 807 2885 inter
832 2855 924 2885 Sane.
953 2860 983 2885 ct
1009 2857 1086 2885 firm.
1108 2856 1174 2891 th
1212 2856 1391 2884 iudicamus
1410 2855 1533 2891 G‚1nva.
1553 2855 1778 2884 constituimus
1796 2853 1874 2889 th.

55 2913 109 2951 19)
134 2913 209 2942 Ideo
235 2913 296 2942 deb.
323 2914 380 2942 uit.
406 2923 466 2942 am.
494 2914 561 2951 ign.
586 2922 612 2954 γ.
639 2913 709 2941 rell.
736 2912 811 2942 Ideo
837 2914 896 2941 uit.
924 2921 983 2941 am.
1010 2913 1080 2941 deb.
1106 2913 1172 2949 ign.
1238 2911 1295 2949 20)
1324 2915 1353 2939 et
1376 2911 1444 2939 aliis
1468 2921 1494 2952 γ.
1523 2911 1599 2948 (sie)
1627 2915 1654 2939 et
1676 2910 1722 2939 illi
1745 2910 1779 2939 C.
1806 2911 1874 2939 rell.

52 2972 87 2997 ut
112 2969 170 3004 illi,
197 2979 257 2998 om.
286 2974 326 2998 et.
391 2968 449 3008 21)
474 2969 573 2998 Vitiis
598 2978 625 3010 γ.
651 2969 720 2997 rell.
747 2979 807 2998 om.
834 2972 989 3005 grauatur
1020 2978 1079 2997 om.
1105 2977 1131 3008 γ.
1197 2968 1254 3005 24)
1281 2976 1371 3003 conp.
1404 2976 1430 3007 γ.
1460 2983 1496 2986 —
1525 2971 1597 2995 sunt
1627 2967 1766 3007 *snivassn
1799 2967 1875 2995 sint.

52 3022 172 3064 (G?)Q.
201 3026 267 3054 fieri
293 3035 352 3055 om.
378 3025 424 3055 fh.
474 3026 531 3063 26)
558 3025 618 3054 His
644 3026 777 3055 inclinet
800 3035 826 3067 γ.
852 3025 920 3054 rell.
946 3034 1006 3053 om.
1055 3024 1113 3063 27)
1141 3024 1280 3052 Tantum
1306 3023 1396 3051 modo
1424 3032 1450 3063 γ.
1477 3023 1544 3051 rell.
1571 3032 1631 3051 om.
1682 3022 1738 3060 28)
1766 3022 1874 3052 Schol.

53 3090 112 3110 om.
139 3080 263 3118 G‚mva.
289 3082 381 3111 uncis
407 3082 481 3110 incl.
508 3081 544 3117 Q.
570 3090 601 3110 se
625 3082 704 3111 sedet
726 3082 768 3111 ad
792 3091 817 3123 γ.
843 3099 884 3102 »ψ
912 3081 1038 3111 recedat
1059 3090 1085 3122 γ.
1149 3080 1207 3118 29)
1234 3080 1333 3108 amari
1359 3079 1384 3107 si
1410 3078 1480 3108 uult
1505 3087 1531 3120 γ.
1557 3079 1627 3108 rell.
1655 3079 1682 3108 si
1707 3088 1768 3108 am.
1795 3080 1874 3108 uult.

55 3153 96 3157 —
121 3136 308 3168 Conditione
334 3135 389 3179 γΟ.
419 3137 489 3167 rell.
516 3146 576 3167 om.

1923 578 1940 607 5

1900 942 1940 973 10

1896 1672 1938 1703 20
