2148 3412
850 153 896 183 IN
923 153 1059 186 snum.
1086 154 1131 192 11,
1158 157 1187 185 6.
1850 146 1931 186 315

208 273 275 312 47.
308 273 387 314 Per
409 281 532 315 {ocum
553 273 627 315 hoc
650 281 763 329 temp.
825 273 924 327 Quo
954 275 1014 316 fui
1045 276 1205 318 amicus
1236 275 1512 329 Maecenatis,
1544 292 1621 333 per
1652 270 1931 333 septennium,

100 346 169 387 uel
198 346 453 387 octennium.

208 420 276 459 47.
306 420 528 461 subt'eete'or.
592 419 765 461 Scilicet
796 421 868 461 fui.
929 421 1014 463 Pro
1046 424 1259 474 subiet-lus,
1291 424 1335 464 id
1367 432 1445 466 est:
1479 425 1580 466 istos
1611 432 1772 481 septem
1800 441 1933 468 annos

97 492 283 533 inuidiae
305 491 594 542 subiaceba1n;
635 509 733 534 nam
755 494 886 548 siquis
907 509 973 536 me
997 510 1091 536 cum
1112 495 1362 539 Maecenate
1383 514 1466 539 una
1488 499 1664 541 uidisset
1686 499 1932 556 (uidebatP),

98 565 235 608 statim
262 566 391 622 filium
422 567 624 609 Fortunae
655 567 833 609 dicebat.
1837 569 1847 571 “

207 641 245 681 z'n
280 640 381 681 diem
412 648 448 681 et
477 641 630 682 horam.
689 640 775 682 Per
806 641 996 697 singulos
1026 642 1117 684 dies
1148 651 1188 684 et
1218 658 1295 699 per
1326 645 1515 700 singulas
1546 646 1683 688 horas.

207 714 273 755 48.
305 714 438 755 Inm'd.
470 723 618 756 noster.
681 714 764 770 [Ita
794 715 992 756 dicebant
1024 716 1191 773 inuidi.]
1253 717 1339 759 Pro
1371 735 1452 773 esso.
1498 713 1657 761 *Verba
1688 721 1931 763 inuidorum

96 787 232 829 refert.
294 785 368 828 Sic
398 787 532 828 solent
563 788 703 828 dicere
734 788 875 829 liberti
906 796 975 829 aut
1008 789 1180 832 clientes
1203 792 1254 832 de
1276 793 1477 846 patronis.
1539 802 1806 849 speclauerat.
1837 810 1930 836 una.

97 860 331 910 Mora-liter,
365 858 536 915 (Simul.
567 859 785 915 Aliter-z)
817 862 963 904 idest:
996 862 1226 907 Maecenas
1257 867 1478 921 mecum.†)

206 935 273 975 49.
303 936 496 988 fortunae
523 935 644 990 filius.
706 934 756 976 Id
788 943 861 986 est,
895 937 1142 980 fortunatus.

210 1023 356 1050 omnes.
417 1006 592 1050 Scilicet
623 1010 773 1051 dieunt.

208 1083 275 1123 49.
311 1083 493 1123 Luserat.
555 1081 653 1124 Hoc
684 1083 883 1124 dicebant
916 1083 1105 1140 [inuidi]

207 1156 380 1197 Luserat
409 1157 450 1196 in
486 1156 643 1212 Campo.
720 1156 767 1198 Si
813 1157 1002 1199 lusissem
1047 1158 1091 1199 in
1138 1156 1303 1213 Campo
1350 1175 1444 1201 cum
1475 1161 1738 1213 Maecenate,
1785 1178 1930 1204 omnes

96 1228 313 1271 dicebant:
351 1229 409 1269 ita
440 1237 553 1270 amat
582 1229 700 1270 illum
732 1231 898 1271 fortuna
929 1231 1050 1285 quasi
1085 1232 1217 1273 filium
1254 1249 1373 1274 suum
1400 1234 1519 1291 [quia
1540 1251 1685 1277 omnes
1706 1236 1927 1294 uic-eram]

97 1300 298 1344 Solebant
328 1302 440 1343 enim
470 1309 633 1343 ueteres
663 1302 846 1344 Romani
876 1304 984 1346 filios
1015 1320 1111 1346 suos
1142 1306 1196 1346 ad
1228 1304 1439 1362 Campum
1474 1308 1717 1366 [Martium]
1751 1311 1929 1361 mittere,

96 1383 138 1418 ut
168 1375 255 1417 illic
284 1375 374 1431 pila
403 1375 607 1417 luderent.

206 1450 271 1491 50.
308 1450 506 1504 Frzfflklua
564 1448 741 1500 Noxius,
788 1457 858 1492 aut.
888 1451 1026 1508 magis
1056 1467 1203 1503 uanus,
1251 1453 1323 1508 qui
1354 1469 1420 1496 me
1451 1470 1535 1497 non
1567 1456 1799 1498 calefaciat.
1857 1473 1932 1514 per

97 1525 276 1581 compita.
334 1523 419 1564 Per
449 1523 640 1565 diuersas
670 1523 774 1565 uias.

205 1598 408 1653 Friqz'dus.
438 1596 476 1638 F
479 1596 771 1639 orinidolosus.
831 1607 980 1640 manat.
1028 1597 1076 1640 Si
1107 1601 1355 1642 manauerit.
1410 1618 1488 1658 per
1521 1605 1706 1660 compita.
1751 1603 1931 1646 Viarum

95 1671 138 1713 in
168 1687 296 1713 unum
328 1686 569 1713 concursus.

207 1748 272 1788 52.
305 1746 408 1787 deos.
467 1745 760 1787 Maecenatem
798 1752 837 1786 ct
868 1744 1123 1801 Augustum,
1170 1756 1215 1788 ut
1249 1747 1385 1804 [Verq.
1425 1748 1494 1804 (B.
1526 1750 1560 1800 Ι,
1592 1753 1688 1806 41):
1736 1753 1819 1794 Nec
1853 1761 1930 1794 tam

90 1829 319 1876 praesentes
348 1820 443 1861 alibi
473 1834 708 1874 coynoseere
741 1819 873 1876 cliuos]
906 1821 1016 1875 Very.
1041 1820 1107 1875 (B.
1129 1820 1163 1871 I,
1188 1823 1252 1877 7>:
1286 1824 1469 1879 Namque
1496 1826 1570 1866 erit
1600 1826 1667 1867 ille
1698 1827 1798 1867 mihi
1827 1841 1929 1867 sam-

91 1908 165 1950 per
195 1895 305 1944 deus,
338 1901 378 1935 et
407 1894 487 1935 hoc
519 1893 569 1934 de
600 1892 813 1949 Augusto.

207 1968 298 2009 cleos
330 1969 518 2023 quoniam
543 1968 714 2023 propias
747 1968 959 2022 constnqis.
1032 1967 1082 2009 Id
1129 1976 1210 2010 est:
1259 1970 1458 2024 quoniam
1505 1972 1558 2012 ad
1591 1972 1822 2014 amicitiam
1855 1988 1930 2028 po-

99 2041 271 2083 tentium
302 2041 546 2097 peruenisti.

212 2197 246 2236 1)
271 2197 340 2234 Quo
366 2215 407 2218 ——
432 2198 610 2228 mecenatis
636 2207 661 2238 γ.
689 2199 758 2228 rell.
786 2208 846 2228 om.
874 2209 930 2237 per
956 2200 1137 2237 septenium
1164 2199 1242 2239 (sie)
1268 2201 1321 2229 uel
1346 2201 1528 2231 octennium
1554 2211 1580 2242 γ.
1605 2202 1676 2231 rell.
1702 2212 1764 2232 om.
1804 2202 1929 2241 Septen-

98 2253 197 2291 nium,
235 2263 299 2283 non
335 2255 554 2292 septaennium
585 2254 714 2292 (Festus
747 2265 770 2284 s.
797 2265 826 2284 u.
853 2254 1086 2295 sextantarii),
1124 2266 1142 2286 a
1167 2257 1345 2287 Prudentio
1382 2262 1505 2288 tautum
1545 2259 1730 2295 adhibetur,
1767 2259 1931 2288 occwmimn,

98 2314 203 2340 autem
227 2320 395 2349 nusquam,
422 2315 577 2350 quantum
603 2313 680 2349 scio,
705 2312 834 2350 legitur.
859 2322 913 2350 pei·
938 2317 1042 2343 totum
1067 2314 1127 2343 hoc
1151 2314 1332 2352 septemium
1355 2319 1382 2344 et
1406 2315 1534 2353 amplius
1560 2320 1619 2344 etc.
1645 2315 1679 2345 C.
1741 2315 1773 2353 3)
1799 2314 1929 2345 Scilicet

98 2367 143 2396 fui
168 2376 224 2405 pro
249 2367 399 2397 subiectis
425 2368 503 2407 (sic)
532 2386 573 2389 —
601 2369 730 2399 dicebat
753 2378 781 2410 γ.
809 2369 893 2398 conf.
921 2369 955 2406 C7
982 2371 1037 2408 qui
1062 2371 1178 2400 habet:
1213 2389 1253 2391 -—
1281 2372 1307 2400 si
1334 2373 1406 2409 quis
1431 2381 1481 2400 nie
1507 2381 1569 2401 una
1596 2382 1665 2401 cum
1689 2372 1874 2401 Maecenate
1899 2372 1930 2401 in

99 2433 200 2462 campo
223 2424 350 2463 uidebat,
377 2426 489 2455 statim
516 2426 646 2455 dicebat
672 2436 722 2456 me
748 2436 819 2456 esse
848 2426 993 2457 fortunae
1020 2428 1122 2458 filium
1147 2427 1201 2457 hoc
1226 2432 1269 2457 est
1280 2427 1485 2467 fortunatmn.
1550 2428 1585 2467 6)
1613 2438 1668 2466 per
1693 2429 1789 2458 horas
1822 2439 1848 2470 γ.
1875 2439 1930 2466 pei·

99 2481 179 2519 sing.
206 2482 275 2511 dies
302 2486 331 2512 et
355 2483 450 2512 horas
477 2482 514 2512 O.
541 2483 610 2512 rell.
637 2494 697 2513 om.
751 2484 784 2522 7)
810 2484 860 2514 Ita
886 2485 917 2513 d.
945 2485 1010 2513 inu.
1038 2494 1099 2515 om.
1126 2495 1153 2527 γ.
1180 2485 1241 2514 Pro
1268 2494 1326 2523 ego
1352 2494 1377 2526 γ.
1405 2486 1475 2514 rell.
1502 2495 1562 2514 om.
1588 2485 1693 2514 Verba
1786 2486 1930 2523 patronis

99 2546 126 2579 γ.
152 2539 220 2567 rell.
247 2549 307 2568 om.
334 2538 378 2569 C:
416 2540 521 2569 Verba
545 2544 616 2569 sant
638 2541 823 2570 inuidorum
848 2540 884 2569 aa
908 2541 1046 2579 Horatio,
1085 2542 1131 2571 sic
1157 2551 1182 2571 e.
1210 2551 1235 2571 s.
1262 2542 1291 2570 d.
1318 2542 1339 2571 l.
1366 2551 1393 2571 a.
1421 2543 1567 2571 clientes.
1633 2542 1668 2580 9)
1693 2542 1864 2571 Moraliter
1889 2559 1929 2562 —-

100 2603 220 2624 mecum
246 2605 272 2637 γ.
298 2597 367 2626 rell.
394 2606 454 2626 om.
508 2597 562 2635 10)
588 2597 624 2626 Id
650 2601 710 2634 est,
726 2596 909 2636 fortunatas
927 2598 1049 2635 sumpsi
1069 2607 1109 2627 ex
1128 2597 1164 2627 C.
1191 2607 1208 2640 γ
1234 2599 1346 2628 habet:
1375 2597 1507 2636 i.stllas.
1536 2598 1603 2626 rell.
1631 2607 1691 2627 om.
1744 2599 1798 2637 11)
1825 2598 1855 2628 S.
1882 2599 1931 2627 ‹li-

101 2655 174 2681 cunt
197 2661 223 2693 γ.
249 2653 361 2684 dicunt
387 2654 491 2682 inuidi
518 2652 554 2683 C.
580 2654 652 2683 rell.
679 2664 740 2683 om.
808 2655 863 2693 12)
890 2654 1036 2684 Luserat.
1076 2654 1145 2684 Hoc
1171 2655 1323 2684 dicebant
1348 2665 1373 2696 γ.
1401 2655 1469 2684 rell.
1496 2665 1558 2684 om.
1626 2655 1681 2694 13)
1708 2655 1741 2683 in
1768 2664 1878 2693 campo
1903 2664 1929 2696 γ.

101 2707 168 2736 rell.
194 2718 254 2738 om.
305 2710 360 2749 14)
387 2710 478 2739 illum
504 2710 577 2740 fort.
604 2720 630 2752 γ.
658 2711 726 2740 rell.
752 2711 824 2741 sor‘t.
852 2711 954 2740 illum.
981 2729 1021 2731 —
1047 2711 1135 2750 quasi
1158 2721 1183 2752 γ.
1210 2712 1279 2741 rell.
1306 2716 1345 2740 ut.
1361 2728 1403 2733 —
1422 2712 1495 2749 quia
1521 2721 1628 2741 omnes
1653 2712 1792 2740 uiccram
1817 2721 1877 2741 om.
1903 2721 1929 2753 γ.

104 2764 159 2803 15)
185 2764 335 2795 Solebant
360 2771 456 2795 (cutem
480 2766 615 2797 Romani
640 2768 674 2796 in
699 2777 812 2805 eampo
837 2767 957 2798 Martio
984 2768 1093 2797 ludere
1118 2769 1185 2806 pila
1209 2768 1353 2807 trlyonah‘
1376 2768 1410 2797 C.
1442 2768 1507 2805 pila
1532 2768 1704 2806 trigonalis
1728 2768 1871 2797 Martial.
1899 2769 1931 2797 in

102 2819 246 2859 inscript.
272 2822 356 2860 XIV,
383 2824 435 2860 46,
463 2833 518 2861 pro
544 2833 607 2861 qua
631 2824 753 2861 pluries
780 2825 860 2853 dis-it
885 2824 983 2864 ίνίῃοη
1008 2822 1152 2866 (τρι-(ὠν)
1178 2825 1232 2861 IV7
1255 2827 1304 2861 19,
1325 2826 1352 2854 5.
1385 2824 1454 2859 VH,
1484 2825 1533 2856 71,
1561 2826 1589 2853 9.
1617 2824 1687 2861 XII,
1716 2825 1766 2859 84.
1794 2826 1823 2854 3.
1876 2825 1931 2863 15)

102 2875 249 2907 Martium
275 2889 336 2908 om.
362 2889 403 2921 γ..
443 2881 496 2919 17)
522 2881 576 2918 qui
603 2891 651 2910 me
677 2890 741 2910 non
766 2881 937 2910 calefaciat
961 2891 988 2923 γ.
1014 2882 1082 2910 rell.
1110 2892 1170 2911 om.
1224 2883 1278 2920 19)
1304 2882 1545 2911 Formidolosus
1570 2891 1597 2922 γ.
1626 2881 1706 2910 ‘Hoc
1731 2885 1790 2918 est,
1819 2882 1844 2910 si
1872 2882 1929 2910 ali-

104 2934 172 2970 quis
207 2944 312 2965 rumor
348 2937 457 2974 grauis
493 2941 525 2966 et
550 2936 770 2976 formidolosas
795 2938 977 2966 manauerit
1004 2947 1058 2975 per
1085 2938 1172 2967 uicos
1199 2942 1230 2967 etv
1257 2939 1390 2975 plateas.
1430 2942 1460 2966 et
1485 2938 1649 2974 dispersus
1675 2936 1771 2967 fuerit
1799 2939 1868 2967 etc.7
1896 2939 1931 2967 C.

105 2990 171 3018 rell.
198 3001 256 3020 (nn.
283 2992 317 3021 Si
342 2994 524 3022 manauerit
549 3003 575 3035 γ.
602 2994 684 3023 conf.
712 2994 747 3024 C.
776 2995 844 3024 rell.
872 3005 930 3024 om.
968 2995 1100 3024 Viarmu
1127 2996 1160 3024 in
1185 3005 1280 3024 unum
1306 3004 1477 3023 eonem-sus
1503 3003 1528 3034 γ.
1549 3003 1607 3032 pel·
1632 2993 1768 3032 compita.
1799 2993 1932 3033 Cbmpita

106 3050 178 3075 sunt
203 3048 360 3078 multarum
384 3051 508 3079 uiarum
534 3060 710 3079 concursus
737 3052 768 3079 in
795 3061 893 3080 unum
914 3051 949 3080 (J.
978 3053 1047 3081 rell.
1074 3062 1133 3081 om.
1183 3053 1240 3090 21)
1267 3061 1342 3080 mee.
1371 3056 1401 3079 et
1428 3060 1500 3087 aug.
1527 3060 1553 3092 γ.
1580 3051 1647 3079 rell.
1676 3051 1761 3088 Aug.
1782 3055 1812 3080 et
1831 3051 1931 3079 Maec.

99 3106 140 3131 ut
165 3120 203 3123 ——
230 3105 317 3134 diuos
343 3116 403 3137 om.
429 3116 455 3148 γ.
513 3107 570 3144 22)
598 3108 743 3145 Namque
768 3108 891 3136 *deus
915 3107 983 3149 ·(‚C.
1010 3108 1078 3137 rell.
1105 3118 1166 3138 om.
1232 3108 1287 3145 23)
1315 3111 1345 3136 ct
1439 3107 1587 3144 Augusto
1610 3117 1638 3148 γ.
1665 3107 1734 3136 rell.
1761 3117 1822 3136 om.
1874 3108 1930 3145 2-1)

106 3156 142 3186 Id
166 3164 259 3189 est—
280 3163 457 3199 peruenisti
481 3172 507 3205 ⁴(-
536 3163 605 3193 rell.
630 3173 691 3193 om.
741 3162 771 3203 †)
798 3162 835 3193 C.
862 3163 1026 3194 Hermann
1052 3165 1173 3195 uoluit:
1207 3162 1414 3193 Gnnmzmitcr.
1449 3163 1518 3201 Ego
1545 3164 1653 3201 posui:
1681 3163 1797 3193 Simul:
1824 3163 1930 3193 Aliter.

1981 583 1999 613 σε

1960 950 1999 980 10

1959 1319 1998 1349 15
