2148 3412
782 131 832 163 IN
857 131 992 163 SERM.
1017 131 1043 170 1,
1070 135 1098 162 5.
1126 134 1156 162 6.
1801 119 1880 159 111

172 270 316 312 rzsusq.
345 257 487 312 ioeosq.
521 256 557 297 d.
574 256 614 312 sl.
645 270 674 296 s.
705 263 801 297 tura
832 256 856 297 l.
880 255 904 296 l.
933 269 963 297 s.
993 269 1033 310 p.
1065 270 1098 296 0.
1158 252 1393 310 Significat,
1427 252 1611 296 Gnatiae
1641 268 1759 296 aram
1780 268 1883 305 esse,

62 331 104 372 in
135 345 216 385 qua
244 329 373 384 lignis
402 328 617 370 exstinctis
647 343 811 383 quoque
841 328 989 383 positis
1018 328 1161 384 ignem
1193 343 1267 369 sua
1311 334 1458 383 sponte
1503 328 1694 383 gliscere,
1741 327 1884 382 opinio

63 404 133 453 sit3
179 403 290 457 quod
335 410 473 444 tamen
519 418 562 444 se
599 418 738 444 coram
775 418 860 444 non
891 402 1081 444 euenisse
1126 409 1276 443 nosset.
1335 401 1438 443 Ideo
1470 401 1745 443 deridendam
1775 401 1885 443 hanc

63 476 300 532 opinionem
335 476 540 518 adfirmat.

174 551 266 591 100.
298 551 436 591 eredat
465 551 643 592 Iudaeus
675 550 829 606 Apella,
861 550 950 591 Non
982 565 1062 604 eqo.
1140 548 1482 590 Urbanissimum
1528 564 1682 590 nomen
1726 548 1884 590 Iudaeo
1933 558 1951 588 5

63 623 258 680 inposuit,
305 625 449 681 Apella
493 624 652 674 dicens,
698 623 815 678 quasi
863 624 975 678 quod
1004 623 1158 679 pellem
1188 623 1231 664 in
1269 629 1388 678 parte
1419 623 1593 678 genitali
1623 622 1771 664 Iudaei
1800 637 1885 663 non

62 696 252 738 habeant.

176 771 267 811 101.
297 785 426 826 namq.
460 772 551 813 deos
583 771 708 813 didici
735 785 863 812 secur.
896 785 958 826 aq.
990 785 1077 812 aeu.
1136 768 1234 811 Hoc
1264 769 1317 810 de
1347 769 1546 824 opinione
1576 768 1886 824 Epicureorum

62 843 187 895 uenit,
233 844 304 899 qui
335 844 435 886 deos
466 844 583 886 aiunt
611 860 695 886 non
726 844 846 886 aliter
875 858 998 899 posse
1029 843 1272 885 inmortales
1303 857 1406 893 esse,
1451 843 1534 885 nisi
1578 843 1707 898 quieti
1749 850 1789 884 et
1832 843 1885 885 ab

63 917 175 960 omni
206 933 304 959 cura
335 919 517 974 separati
548 918 641 960 sint.
1914 926 1954 957 10

175 992 267 1032 102.
301 992 392 1033 103.
424 993 508 1035 Nec
528 993 676 1048 siquid
696 993 792 1034 miri
807 993 930 1046 faciat
951 999 1115 1040 natura,
1148 992 1239 1032 cleos
1259 991 1312 1032 ia'.
1337 991 1374 1031 T
1372 992 1456 1032 rist.
1479 1006 1528 1032 ex
1560 991 1640 1032 alto
1663 991 1771 1032 Caeli
1788 991 1886 1032 clem.

65 1072 173 1106 tecto.
245 1063 480 1106 Verissima
510 1065 707 1121 opinione
751 1065 830 1107 1100
875 1065 1040 1106 dicitur.
1121 1062 1297 1106 Constat
1327 1063 1452 1114 enim,
1493 1063 1635 1105 omnia
1670 1063 1887 1113 miracula,

64 1151 168 1194 quae
198 1138 242 1179 in
272 1144 355 1180 toto
386 1139 542 1180 mundo
571 1140 686 1190 fiant,
732 1146 845 1181 certa
874 1139 1035 1181 ratione
1064 1138 1168 1179 fieri.
1242 1137 1312 1179 De
1343 1137 1496 1193 quibus
1525 1137 1654 1178 iidem
1684 1136 1889 1193 Epicurei

64 1211 382 1267 diligentissime
413 1212 640 1268 disputant.

176 1287 268 1327 104.
301 1287 569 1328 Brundisium
600 1287 737 1342 lonqae
764 1286 857 1342 finis
889 1286 1014 1328 chart.
1036 1287 1202 1342 uiaeque
1224 1293 1292 1326 est.
1352 1283 1540 1326 Iucunde
1572 1283 1672 1326 satis
1702 1284 1760 1325 ita
1789 1290 1889 1325 tunc
1915 1293 1955 1324 15

63 1359 187 1401 finem
216 1359 310 1401 uiae
339 1358 616 1403 Brundisium
647 1360 728 1402 sibi
757 1360 885 1403 fuisse
916 1360 1139 1418 significat,
1175 1366 1219 1402 ut
1249 1373 1361 1402 nunc
1390 1357 1618 1402 relationis.

753 1519 1031 1574 sATIRA
1071 1519 1111 1587 1,
1155 1521 1202 1572 e.

882 1630 1070 1675 Aeaea.
1917 1666 1958 1698 20

179 1733 214 1772 1.
246 1733 282 1772 2.
313 1731 402 1774 Non
433 1734 527 1789 quia
559 1733 687 1776 Maec.
746 1732 1036 1774 Maecenatem
1077 1733 1331 1788 adloquitur,
1372 1733 1599 1774 candorem
1637 1732 1767 1773 animi
1804 1732 1893 1774 eius

68 1819 410 1857 commemorans,
457 1807 528 1862 qui
574 1821 800 1863 generosos
831 1814 955 1862 atque
984 1807 1163 1848 humiles
1208 1806 1366 1861 absque
1412 1806 1655 1849 discrimine
1700 1805 1893 1861 accipiat.

70 1879 294 1930 Maecenas,
324 1887 368 1921 ut
401 1880 454 1935 (I,
487 1882 525 1931 1,
559 1882 623 1934 1):
649 1882 861 1924 Maecenas
893 1882 1025 1923 (clauis
1056 1882 1153 1922 edite
1183 1882 1352 1936 reyibus.

69 2013 232 2051 penuriam
258 2022 358 2052 aquae
384 2014 460 2043 dicit
484 2013 550 2044 afh.
573 2014 643 2044 Hoc
668 2014 766 2044 schol.
793 2024 854 2044 om.
880 2014 917 2050 R,
943 2015 997 2053 qui
1023 2014 1134 2043 habet:
1161 2013 1266 2043 deliine
1288 2013 1392 2053 qratia
1416 2013 1534 2052 limphis
1557 2013 1644 2043 iratis
1668 2018 1812 2050 erm-acta,
1838 2023 1894 2043 om.

69 2069 153 2106 deda.
178 2070 315 2109 risusque
339 2070 481 2110 iocosque.
507 2071 593 2100 Dum
618 2074 742 2101 tlamma
767 2073 835 2101 sine
860 2071 950 2101 thura
974 2089 1016 2091 ῌ
1041 2070 1247 2100 Persuadere.
1274 2069 1445 2108 Significat
1471 2067 1527 2108 ξεῖ-ἶλ-
1552 2080 1639 2100 aram
1665 2080 1744 2100 esse.

185 2127 216 2165 1)
242 2128 329 2157 breu.
358 2128 428 2157 lem.
456 2129 490 2157 in
514 2128 586 2159 afh:
613 2128 760 2167 Risusqae
784 2129 928 2167 iocosque.
955 2128 1005 2157 De
1020 2127 1158 2157 Gnatiae
1183 2137 1248 2164 ara,
1275 2129 1309 2157 in
1335 2137 1397 2165 qua
1422 2131 1479 2157 etc.
1507 2127 1679 2165 Significat
1695 2145 1729 2148 -—
1748 2128 1898 2157 adfirmat

70 2183 103 2213 M
128 2183 208 2222 (ads.
236 2185 304 2214 rell.
333 2184 405 2224 aff.)
432 2184 627 2225 RA2G<2²>Q
653 2189 684 2215 et
708 2196 739 2223 v,
766 2187 820 2224 qui
845 2187 959 2215 habet:
986 2189 1104 2224 gnatae
1130 2194 1218 2214 aram
1243 2188 1275 2214 et
1301 2194 1330 2222 q.
1357 2193 1437 2222 seq.,
1462 2193 1523 2214 om.
1549 2183 1728 2222 Significat.
1779 2184 1813 2222 2)
1841 2193 1897 2213 ex-

71 2241 236 2279 tinctisque
261 2241 329 2278 M‚v
354 2241 432 2280 (non
458 2243 634 2272 exstinctis
659 2251 780 2281 qaoque,
807 2246 842 2272 ut
866 2252 1030 2281 perperam
1055 2242 1110 2271 ref.
1138 2242 1193 2279 Q).
1228 2241 1441 2279 extractisque
1465 2240 1499 2269 R.
1527 2241 1684 2270 extinctis
1709 2240 1897 2279 A2G(Q),a.

72 2298 219 2327 extractis
245 2298 291 2327 fh.
329 2316 370 2319 -—
408 2299 520 2336 positis
546 2309 607 2328 om.
634 2298 680 2328 fh.
706 2300 842 2337 gliscere
868 2299 978 2335 (licant,
1017 2300 1199 2337 opinionem
1225 2298 1351 2327 deridet
1376 2298 1442 2326 afh.
1469 2298 1539 2327 1011.
1564 2298 1654 2335 glise.
1681 2297 1779 2336 opinio
1806 2297 1844 2326 sit
1868 2301 1900 2327 et

73 2363 152 2392 quae
176 2364 240 2393 seq.
266 2355 344 2393 qaod
366 2373 408 2375 -ν
433 2355 582 2395 (affirmat.
645 2356 679 2394 5)
706 2356 775 2385 Hoc
801 2357 897 2385 schol.
925 2366 966 2385 ex
990 2355 1248 2394 MRA‘zG(Q)‚v.
1309 2355 1342 2393 6)
1369 2354 1473 2392 apella
1498 2355 1564 2386 M2.
1590 2355 1660 2384 rell.
1687 2354 1829 2392 apellam.
1856 2372 1899 2374 —

73 2411 140 2441 sine
162 2412 262 2450 pelle:
289 2416 344 2441 aut
369 2416 455 2442 certe
480 2413 616 2451 Appella,
643 2414 718 2451 quia
743 2413 942 2451 praeputium
967 2422 1028 2442 non
1054 2413 1160 2442 habet.
1187 2421 1220 2441 a:
1250 2412 1334 2441 cred.
1360 2412 1429 2440 Iud.
1456 2412 1591 2450 appella.
1619 2411 1704 2449 quod
1723 2411 1840 2448 pellem
1866 2411 1899 2439 in

73 2472 162 2506 parte
187 2469 321 2506 genitali
347 2478 410 2498 non
434 2469 552 2499 habeat.
601 2470 635 2508 9)
660 2470 751 2499 uenit
777 2479 836 2499 om.
862 2468 903 2498 af.
923 2469 1126 2507 Hoenigerus
1152 2469 1254 2498 leuius
1274 2472 1419 2498 extrema
1445 2469 1566 2497 scholia
1581 2467 1763 2497 Acroniana
1782 2467 1899 2505 posuit.

73 2525 154 2555 conf.
179 2525 252 2555 Acr.
305 2526 357 2564 11)
383 2527 455 2555 111111
482 2526 578 2555 faciat
602 2526 726 2555 MRAQ.
752 2527 850 2555 faciat
875 2526 947 2555 niiri
972 2525 1092 2561 vath,
1120 2527 1174 2563 qui
1200 2526 1294 2555 dicit:
1335 2525 1445 2554 ‘faciat
1470 2526 1545 2555 libri
1569 2534 1678 2554 omnes
1704 2522 1793 2561 (GP),
1830 2523 1902 2552 miri

64 2581 168 2621 saciat
192 2583 281 2612 codd.
306 2583 459 2621 Horatt.⁷7
486 2584 604 2622 quibus
631 2593 689 2621 ego
715 2584 812 2612 addo:
841 2592 962 2612 omnes.
1016 2584 1070 2622 12)
1099 2582 1234 2612 Constat
1258 2592 1318 2611 non
1343 2592 1425 2612 omn.
1452 2582 1520 2611 afh.
1549 2581 1688 2611 Constat
1706 2591 1745 2610 an
1763 2591 1791 2609 v.
1845 2579 1900 2618 13)

75 2648 151 2676 quae
176 2640 256 2669 fiunt
280 2639 343 2669 afh.
370 2657 411 2660 j<
437 2641 515 2669 fiant
541 2641 570 2669 2.
597 2658 639 2660 —
664 2640 763 2669 iidem
788 2649 848 2669 om.
875 2638 941 2668 ath.
967 2638 1048 2668 iclein
1074 2639 1181 2676 MA,v.
1208 2638 1304 2668 iidem
1330 2639 1388 2668 R2.
1415 2637 1515 2667 eidem
1542 2638 1569 2673 Q
1588 2647 1611 2667 s.
1631 2647 1671 2666 m.
1726 2638 1779 2676 15)
1805 2638 1901 2665 brun-

75 2695 140 2725 dus.
166 2695 376 2734 RA2‚vath.
401 2696 470 2726 Hoc
494 2700 677 2726 extremum
702 2697 799 2725 schol.
831 2696 949 2725 abiecit
974 2695 1017 2731 M,
1056 2696 1120 2733 qui,
1158 2699 1194 2725 ut
1218 2696 1282 2724 iam
1307 2695 1428 2724 dietum
1454 2699 1511 2731 est,
1548 2694 1742 2732 interposuit
1767 2694 1901 2722 satiram

75 2752 201 2781 tertiam
228 2752 400 2789 (Omnibus
425 2753 513 2791 etc),
550 2763 621 2783 cum
647 2754 858 2790 inscriptione
884 2751 1067 2782 EGLOGA
1091 2752 1149 2789 ΙΙΙ,
1188 2762 1283 2790 quam
1309 2753 1433 2789 excipit
1460 2754 1566 2787 sexta,
1604 2760 1685 2789 quae
1711 2751 1902 2779 inscribitur

76 2806 192 2838 HAEC
218 2809 400 2840 EGLOGA
426 2810 591 2839 ORDINE
618 2809 840 2845 SEQVITVR.
879 2809 950 2838 Non
977 2810 1132 2846 scriptum
1158 2813 1206 2839 est
1230 2808 1410 2838 ECLOGA
1440 2808 1591 2847 (Halm),
1629 2807 1686 2837 sed
1712 2805 1901 2836 EGLOGA.

78 2865 195 2903 quippe
221 2865 245 2895 C
270 2876 401 2904 paruam
427 2867 561 2896 caudam
586 2867 695 2896 habet.

187 2921 347 2953 ACRON.
395 2922 455 2952 AD
482 2922 759 2952 MECENATEM
784 2922 843 2952 DE
868 2922 969 2952 VITA
997 2921 1077 2952 SVA
1102 2923 1151 2963 11),
1184 2925 1220 2952 ut
1244 2922 1355 2951 Ambr.
1382 2922 1477 2950 Fran.
1504 2921 1556 2950 FP
1582 2921 1713 2959 aliique.
1738 2920 1770 2949 H
1795 2921 1901 2950 addit:

79 2978 202 3016 egloga.
218 2979 288 3008 VH.
316 2980 346 3009 I:
373 2981 496 3018 egloga.
514 2980 567 3009 VI.
594 2979 643 3008 Aa
669 2984 867 3009 mecenatem
892 2980 1018 3018 egloga.
1035 2979 1094 3009 VH
1119 2979 1150 3008 J.
1178 2978 1311 3008 Abiecto
1336 2987 1457 3015 argum.
1485 2977 1530 3007 E:
1557 2978 1669 3015 egloca
1686 2977 1755 3014 VII,
1783 2978 1903 3016 aliique

79 3039 158 3065 uett.
184 3041 220 3066 ut
244 3036 325 3079 BgoD
354 3041 385 3066 et
410 3046 489 3066 rece.
515 3041 551 3066 ut
579 3056 618 3058 fi
645 3036 779 3067 Serbon.
808 3042 839 3066 ct
863 3037 902 3065 W
930 3037 1068 3076 (8223>:
1099 3037 1214 3074 egloga
1238 3035 1297 3064 VII
1324 3038 1384 3064 etc.

171 3093 226 3132 21)
251 3093 366 3135 *sG‚niv
390 3098 580 3132 argumento
605 3095 820 3132 praemittunt
846 3094 977 3123 haecce:
1014 3102 1148 3122 mecenas
1173 3096 1208 3121 ut
1234 3101 1379 3121 mecenas
1405 3091 1510 3121 atauis
1537 3091 1622 3121 edite
1652 3091 1793 3129 regibus.
1819 3090 1900 3121 Meo.

82 3148 174 3188 alloq.
222 3150 279 3186 22)
305 3154 337 3180 at
358 3151 445 3180 hum.
471 3160 497 3192 γ.
524 3151 593 3181 sine
618 3151 712 3180 discr.
739 3150 778 3179 X.
828 3150 884 3189 23)
910 3149 981 3179 Huc
1006 3150 1096 3187 posui
1122 3149 1220 3179 schol.
1247 3148 1338 3178 illud.
