2148 3412
179 926 221 958 lO

185 1296 224 1329 15

242 114 324 154 580
878 119 982 152 ACR.
1008 118 1068 151 ET
1093 118 1260 151 PORPH.
1288 119 1437 152 CoMM.

355 249 421 288 29.
458 247 539 296 Qua·
556 246 724 287 uariare
747 245 864 300 cupit.
926 242 1014 295 Qui
1044 242 1133 283 uult
1162 242 1325 284 uarium
1356 258 1462 298 opus
1493 243 1746 295 describere,
1778 259 1904 300 saepe
1925 244 2069 300 inepta

244 320 399 363 scribit.
456 319 748 375 prodiyz‘aliler.
808 316 1133 358 Admirabiliter
1165 316 1223 373 [et
1254 317 1548 374 monstruose]

355 394 421 435 31.
452 393 504 435 In
522 395 666 436 uitium
687 393 803 434 [lucit.
867 389 936 447 [Id
959 400 1037 432 est:
1071 390 1169 432 dum
1193 390 1283 432 uult
1312 391 1459 447 fugere
1490 391 1671 445 culpam,
1704 391 1817 433 cadit
1837 391 1880 432 in
1901 391 2069 448 uitium]

242 468 380 510 Docet
410 467 491 518 hic,
523 482 607 509 non
637 478 728 509 esse
758 464 1066 522 indulgendum
1097 464 1374 519 eloquentiae,
1396 466 1523 520 (quae
1545 472 1686 507 careat
1707 472 1794 506 arte
1816 472 1856 506 et
1876 465 2071 520 ratione‚)

242 544 259 600 ll
288 558 341 586 ne
372 543 465 599 quis
494 542 654 585 incidat
684 542 727 583 in
758 540 1000 597 opinionem
1031 539 1164 594 inepti
1194 546 1235 580 et
1264 538 1475 594 superflui.

358 618 499 675 eulpae
528 619 640 673 fuya.
714 615 765 657 Id
796 620 874 657 est:
916 615 1057 671 eulpae
1087 614 1188 668 fuya
1220 613 1331 655 ducit
1376 614 1418 654 in
1462 613 1617 662 uitium,
1665 612 1699 653 si
1744 612 1876 654 nescit
1923 612 2075 667 aliquis

244 691 414 748 culpam
442 690 577 732 uitare
610 694 636 744 [,
668 696 713 731 ut
742 689 840 745 Ipse
870 687 973 729 alibi
1009 713 1054 717 —a
1089 685 1132 728 S.
1165 686 1198 735 Ι,
1232 688 1269 735 2,
1302 687 1355 727 24
1388 702 1462 727 --z
1499 687 1605 728 Dum
1635 686 1766 729 uitam
1810 687 1924 728 stulti
1963 688 2076 735 uitia,

244 767 283 808 z'n
317 767 527 808 contraria
559 763 768 820 currunt]
827 764 943 818 Fuqa
980 767 1119 803 autem
1149 760 1436 802 nominatiuus
1468 766 1527 802 est
1559 775 1691 802 casus.

359 840 427 881 32.
446 839 673 889 ιΑεήιίὶίιιιη
705 839 818 879 circa
851 836 1004 878 ludum.
1078 833 1168 892 [Ab
1199 834 1386 876 Aemilio
1417 834 1648 884 inuentum,
1681 834 1752 889 qui
1782 833 1963 876 faciebat
1994 840 2078 875 sta-

246 922 351 964 tuas,
398 928 505 968 quae
535 910 801 968 ponebantur
831 910 876 951 in
906 924 1047 959 arena,
1094 908 1166 950 ubi
1196 908 1283 950 ludi
1318 906 1673 965 celebrabantur]
1736 907 1925 950 Aemilius
1956 908 2078 950 ludus

246 988 362 1031 locus
393 986 625 1036 dicebatur,
672 985 716 1026 in
746 999 829 1040 quo
859 983 1070 1026 Aemilius
1100 982 1273 1038 quidam
1304 982 1562 1039 gladiatores
1592 996 1688 1024 suos
1718 981 1875 1023 habuit.
1952 980 2080 1024 Circa

247 1063 361 1104 hunc
391 1061 537 1103 ludum
566 1059 682 1101 Imus
712 1066 802 1101 erat
831 1057 1005 1114 quidam
1036 1056 1273 1099 statuarius.
1335 1056 1418 1098 Alii
1444 1056 1589 1098 dicunt
1620 1062 1742 1098 {namn
1772 1055 1957 1104 breuem,
1990 1054 2081 1096 Alii

249 1137 293 1179 in
324 1141 511 1178 extrema
540 1140 660 1190 parte
691 1133 782 1175 ludi
812 1133 1008 1189 positum,
1041 1131 1114 1187 qui
1145 1145 1239 1172 cum
1270 1145 1435 1187 ungues
1467 1136 1505 1172 et
1528 1130 1704 1186 capillos
1725 1137 1765 1172 et
1786 1130 1870 1171 alia
1890 1129 2079 1172 membra

250 1211 356 1253 bene
400 1210 612 1258 formaret,
658 1209 702 1249 in
747 1206 1004 1263 perfectione
1035 1211 1196 1248 statuae
1227 1204 1459 1247 deficiebat.
1520 1203 1606 1246 Hic
1652 1219 1754 1260 ergo
1800 1204 1932 1255 docet,
1977 1203 2082 1245 nihil

251 1291 445 1341 oportere
476 1284 621 1325 deesse
652 1288 813 1338 poetae.

365 1360 430 1401 33.
462 1358 695 1415 Exprimet.
744 1356 829 1398 Pro
861 1355 1068 1411 exprimit,
1114 1354 1300 1396 futurum
1331 1366 1408 1408 pro
1440 1353 1663 1407 praesenti.
1722 1353 1954 1395 imitabitur.
1998 1351 2084 1394 Pro

252 1433 457 1475 imitatur.

367 1508 432 1549 34.
462 1507 629 1561 Infelioe.
693 1504 866 1547 Scilicet.
897 1503 940 1545 in
970 1502 1227 1558 perfectione
1258 1502 1398 1556 operis
1428 1516 1512 1542 non
1543 1501 1689 1543 doctus
1719 1501 1793 1543 sed
1823 1501 1980 1544 infelix.

368 1583 494 1638 operis
530 1595 698 1622 summa.
759 1578 811 1620 Id
842 1584 915 1628 est,
949 1576 1219 1633 perfectione.
1275 1590 1435 1631 ponere.
1468 1574 1655 1632 Fingere
1689 1574 1744 1632 [F
1748 1575 1887 1632 inire]
1952 1585 2085 1619 totum.

188 1672 194 1681 ·
255 1656 305 1698 Id
336 1662 409 1706 est,
455 1656 581 1697 finem
612 1662 683 1696 aut
726 1659 988 1695 uenustatem
1034 1650 1418 1693 consummationis.
1478 1648 1695 1690 Interdum
1742 1649 1853 1690 enim
1897 1649 2087 1692 uidemus

257 1730 424 1787 singula
455 1729 645 1771 membra
676 1727 900 1770 artificiose
931 1727 1042 1768 facta
1073 1732 1111 1767 et
1157 1725 1282 1767 totius
1329 1723 1470 1780 operis
1514 1724 1691 1766 formam
1738 1723 1910 1766 minime
1954 1724 2088 1779 placi-

257 1812 406 1847 turam.

371 1880 437 1921 35.
470 1879 636 1922 Nesciet.
698 1876 812 1930 Quia
844 1875 1020 1918 deficiet.

372 1954 550 1995 35—37.
583 1952 690 1994 hunc
722 1958 798 1992 etc.
858 1949 1022 1999 Talem,
1064 1955 1108 1990 ut
1138 1946 1213 2003 (A.
1235 1946 1291 1996 II,
1315 1948 1409 1989 554.
1442 1946 1579 2000 555.):
1615 1946 1767 2001 Haecr)
1800 1947 1959 1988 Priami
1981 1947 2088 2003 sinis,

216 2059 222 2066 .
259 2029 440 2082 satorum
471 2027 533 2068 hic
556 2027 690 2068 exitus
713 2026 826 2067 illum
848 2024 963 2066 Sorte
986 2024 1087 2066 tulit.
1149 2020 1197 2063 Si
1218 2021 1359 2069 uelim,
1382 2019 1531 2074 inquit,
1554 2018 1737 2061 scribere
1764 2019 1938 2074 aliquid,
1960 2020 2090 2062 nolim

260 2101 358 2143 huic
388 2115 478 2143 esse
510 2100 672 2150 similis,
705 2099 777 2141 sed
809 2098 946 2154 magis
977 2097 1087 2146 uolo,
1118 2109 1184 2136 me
1215 2093 1438 2150 pulchrum
1469 2108 1558 2135 esse
1590 2093 1724 2149 nigris
1747 2093 1910 2151 capillis
1932 2101 1970 2136 et
1992 2109 2091 2137 ocu-

379 2242 411 2280 1)
437 2241 613 2271 describere
638 2250 664 2280 γ.
692 2238 763 2268 rell.
789 2238 939 2267 scribere.
959 2234 1178 2276 prodiyz'aliter
1204 2235 1319 2264 lemma
1345 2244 1405 2264 om.
1433 2233 1554 2264 rveafh.
1581 2233 1824 2264 Admirabiliter
1848 2244 1875 2277 γ.
1902 2235 1970 2264 rell.
1997 2235 2092 2265 mira-

263 2300 382 2330 biliter.
409 2303 439 2328 et
464 2300 640 2327 monstrose
666 2296 700 2324 fh
728 2294 775 2333 (et
800 2304 860 2324 om.
887 2291 1029 2329 rvcaCQ.
1055 2296 1230 2323 monstrose
1257 2291 1328 2321 caC.
1355 2295 1550 2321 monstruose
1576 2291 1657 2328 ΠΩ)
1685 2301 1744 2321 om.
1773 2301 1802 2333 γ.
1852 2292 1887 2329 3)
1914 2292 1950 2320 Id
1975 2309 2017 2313 —
2042 2293 2092 2321 ui-

262 2358 344 2387 tium
363 2365 421 2387 om.
440 2364 494 2396 γ,ι·.
514 2353 721 2392 eloquentiae,
742 2361 823 2390 quae
840 2354 947 2381 eareat
966 2354 1035 2380 arte
1055 2354 1086 2380 et
1103 2350 1228 2380 ratione
1247 2359 1271 2378 r.
1291 2349 1360 2378 rell.
1380 2358 1438 2378 om.
1490 2349 1523 2387 5)
1550 2349 1658 2386 inepte
1683 2352 1714 2378 et
1741 2348 1897 2386 superflue
1920 2348 1978 2378 XN
2003 2348 2088 2378 Med.

263 2412 330 2451 (tte)
357 2411 429 2448 ΘΝ.
480 2412 513 2450 6)
542 2410 671 2441 Lemma
696 2409 800 2448 culpae
812 2407 897 2448 fuya
922 2409 1056 2446 interpo.
1083 2417 1108 2449 γ.
1134 2407 1203 2437 rell.
1230 2417 1292 2437 om.
1320 2406 1396 2435 dicit
1423 2405 1549 2435 initium
1574 2414 1599 2446 γ.
1652 2406 1685 2444 7)
1709 2410 1741 2434 ut
1767 2423 1807 2426 Α
1832 2410 1958 2436 currunt
1982 2416 2041 2436 om.
2066 2415 2092 2447 γ.

263 2470 353 2509 Fuga
378 2487 420 2490 Η
446 2478 540 2499 casus
565 2477 581 2509 γ
607 2471 638 2497 et
666 2466 689 2496 C
717 2465 941 2504 (nominativi)
966 2465 1035 2494 rell.
1062 2474 1124 2494 om.
1189 2464 1223 2502 9)
1251 2464 1389 2493 Emilius
1416 2481 1456 2484 ῃ
1483 2466 1597 2501 poetae
1622 2472 1648 2504 γ.
1674 2462 1756 2492 conf.
1784 2462 1818 2493 C.
1845 2464 1915 2493 rell.
1942 2464 2094 2502 praemit-

264 2532 353 2558 tunt:
395 2527 446 2556 Ab
472 2526 612 2555 Aemilio
640 2524 753 2563 (Emil.
780 2523 823 2562 X)
850 2540 892 2543 —-
920 2522 1123 2552 celebrantur
1161 2520 1420 2559 (celebrabantur
1444 2519 1505 2549 XN
1529 2519 1613 2549 Med.
1642 2518 1789 2561 G(Q)‚1·).
1824 2520 1926 2550 ‘Aem.
1954 2520 2018 2550 lud.
2045 2520 2094 2550 di-

265 2585 331 2614 ceb.
358 2585 446 2614 locus
471 2592 528 2612 non
548 2581 680 2620 procula
704 2580 797 2617 οἰνσο,
834 2580 887 2609 ubi
914 2577 1005 2609 Aeni.
1035 2596 1074 2599 ——
1100 2579 1227 2615 habuit,
1254 2578 1338 2607 circa
1362 2587 1446 2617 quem
1470 2582 1538 2607 erat
1563 2578 1750 2615 statuarius,
1789 2578 1841 2616 qui
1869 2587 1942 2616 ung.
1969 2581 2000 2606 et
2026 2587 2093 2616 cap.

265 2645 346 2673 bene
371 2642 546 2680 expressit,
584 2643 710 2669 caetera
734 2637 923 2677 imperfecta
948 2637 1142 2675 relinquens,
1178 2636 1264 2666 unde
1289 2636 1427 2666 multum
1453 2635 1580 2664 derisus
1607 2635 1665 2663 est'
1703 2634 1737 2664 C.
1763 2634 1922 2664 Aemilius
1947 2635 2035 2664 locus
2061 2635 2095 2664 in

266 2711 327 2740 quo
344 2700 374 2730 N
398 2699 482 2728 Med.
511 2697 638 2735 G‚rvca.
665 2696 764 2735 (iocus
789 2695 849 2724 XN
866 2694 962 2730 Med„
981 2692 1027 2735 r).
1053 2694 1197 2733 Haemyl.
1225 2697 1257 2724 et
1279 2693 1418 2723 Haemil.
1444 2691 1528 2721 Med.
1555 2691 1704 2731 Haemyl.
1730 2695 1761 2721 et
1788 2693 1900 2731 aemyl.
1927 2702 1958 2721 v.
1985 2691 2093 2731 Emyl.

266 2768 290 2788 r.
344 2758 398 2796 13)
425 2758 455 2785 et
481 2754 572 2784 multa
609 2754 673 2783 alia
700 2752 787 2790 G,fh.
855 2751 911 2789 14)
938 2751 1021 2780 docet
1044 2760 1069 2792 γ.
1096 2751 1166 2780 rell.
1194 2751 1283 2780 dicit.
1320 2750 1388 2780 Hoc
1413 2760 1491 2789 crgo
1517 2749 1596 2778 dicit
1623 2749 1662 2778 N.
1733 2750 1786 2787 16)
1813 2749 1872 2778 Pro
1898 2748 2053 2787 exprimit
2077 2756 2095 2790 γ

268 2814 336 2843 rell.
364 2823 424 2842 om.
452 2811 515 2841 Pro
542 2811 686 2840 imitatur
710 2819 737 2851 γ.
763 2809 832 2838 rell.
859 2818 919 2838 om.
987 2809 1042 2846 19)
1066 2808 1198 2847 Finyere
1222 2807 1291 2850 ·(,C.
1320 2812 1416 2837 recte.
1444 2807 1514 2836 rell.
1540 2805 1803 2845 Fini7·e.pone1·e.
1832 2806 1920 2835 finem
1944 2805 1982 2835 X.
2009 2808 2097 2834 tolum

269 2871 356 2900 idem
383 2869 455 2908 (aut
479 2868 512 2898 z'cl
535 2872 586 2903 est,
613 2868 631 2897 i.
658 2867 736 2905 perf.
763 2876 789 2908 γ.
816 2866 885 2895 rell.
913 2875 973 2895 om.
1003 2868 1058 2894 aut
1081 2864 1167 2905 item)
1204 2866 1298 2894 finem
1323 2869 1378 2894 aut
1404 2874 1473 2894 uen.
1500 2873 1544 2894 co.
1569 2862 1599 2892 X
1623 2863 1708 2894 Med.
1758 2863 1815 2901 21)
1856 2862 1955 2892 omnia
1979 2863 2092 2893 memb.

269 2926 306 2955 X.
357 2926 414 2965 23)
440 2925 523 2961 Quia
548 2925 677 2954 deficiet
699 2933 726 2965 γ.
753 2924 821 2953 rell.
848 2932 907 2952 om.
959 2922 1015 2953 24)
1042 2921 1159 2951 Locum
1185 2921 1280 2960 Verg.
1308 2926 1340 2952 ut
1362 2940 1400 2942 ψ
1417 2922 1492 2951 tulit
1519 2931 1578 2951 om.
1605 2930 1631 2963 γ.
1660 2920 1788 2950 Scholia
1814 2919 1850 2949 Si
1871 2918 1959 2948 uelim
1979 2936 2018 2940 .--
2035 2918 2096 2949 clis-

269 2992 396 3021 crepcms
421 2983 467 3012 sic
491 2982 587 3012 habet
612 2991 637 3023 γ.
663 2981 787 3019 Vulgo:
812 2980 839 3009 si
862 2990 889 3019 q.
914 2988 1006 3017 comp.
1033 2988 1144 3010 curem.
1172 2979 1253 3009 Nolo
1278 2989 1327 3010 me
1352 2982 1443 3018 parte
1469 2978 1605 3017 quadam
1631 2987 1714 3015 corp.
1741 2977 1820 3006 foed.
1842 2995 1880 2997 -—
1900 2977 2095 3014 discrepans.

273 3041 324 3070 36.
351 3040 419 3068 Non
443 3049 521 3079 nzay.
548 3049 571 3068 e.
597 3038 693 3068 uelim.
720 3037 753 3067 Si
781 3047 840 3075 me,
867 3036 1093 3075 inquit—qui
1119 3037 1197 3074 pers.
1226 3046 1288 3066 non
1315 3039 1371 3066 est..
1397 3046 1486 3075 quam
1510 3044 1584 3065 naso
1607 3035 1668 3064 uz’u.
1685 3044 1794 3073 prauo.
1819 3033 1972 3067 Marc-ido,
1999 3033 2094 3072 turpi.

274 3096 306 3127 Si
330 3096 428 3126 uelim
456 3113 495 3116 *a
521 3096 618 3125 desit..

387 3152 421 3191 ss)
450 3152 520 3182 haec
533 3151 610 3190 finis
635 3151 755 3181 Priami
779 3151 851 3181 libri
876 3151 968 3189 Verg.
996 3154 1027 3181 et
1053 3148 1259 3180 Grammatiei
1285 3149 1422 3189 (Ribb.).
