2148 3412
812 92 860 123 IN
888 92 1024 123 SERM.
1049 92 1077 131 1,
1105 95 1134 123 9.
1811 85 1887 124 161

63 216 221 274 [Alite
233 215 292 271 1⁸2]
327 213 443 257 Olim
466 215 538 268 qui
560 213 860 264 antestabatur‚
893 213 1124 255 auriculam
1148 215 1432 270 contingebat,
1465 216 1644 270 ideoque
1666 222 1790 271 poeta
1811 218 1890 258 ait:

59 290 236 332 libenter
265 287 496 329 auriculam
529 287 672 329 obtuli.
732 287 935 342 Tangens
955 296 1093 328 autem
1116 288 1347 329 auriculam
1369 289 1435 330 his
1456 288 1598 330 uerbis
1619 289 1889 344 loquebatur:

61 365 147 406 licet
176 361 398 403 antestari?
460 359 508 402 Si
539 360 609 401 ille
641 360 944 416 respondisset:
993 361 1095 408 licet,
1144 361 1258 418 [per]
1291 362 1602 418 iniectione[1n]
1637 377 1785 404 manus
1815 363 1891 404 ad-

59 435 289 480 uersarium
319 449 438 475 suum
469 433 512 474 in
543 433 746 474 iudicium
776 433 981 474 trahebat.
1042 432 1169 485 Quod
1191 434 1225 476 si
1247 441 1476 477 antestatus
1506 451 1591 477 non
1612 442 1719 478 esset
1742 442 1781 476 et
1800 451 1891 477 ma-

59 525 157 552 num
177 506 400 557 iniecisset,
432 505 611 547 iniuriae
641 520 737 548 reus
768 505 964 548 constitui
993 513 1169 561 poterat.
1234 508 1404 550 Plautus
1438 507 1482 549 in
1511 507 1663 557 Persa3
1710 509 1806 550 leno
1836 509 1891 550 ad

61 581 324 637 Satyrionem
365 579 597 635 parasitum
636 579 734 634 (IV,
767 581 805 629 9,
830 580 894 621 10.
929 580 1151 621 747—748
1172 579 1373 636 Ritsch.):
1405 582 1547 623 Nonne
1577 584 1824 624 antestarz's?
1852 590 1892 624 et

59 654 283 712 parasitus:
320 655 459 695 Tuane
490 668 560 708 eqo
592 668 713 694 causa
747 654 937 707 carnz‘sea=
963 653 1158 708 Cuiquam
1187 655 1349 695 morlalz‘
1375 654 1497 696 libero
1529 669 1650 697 aures
1680 657 1894 698 adteram?

58 728 249 770 Aliter:
287 727 397 768 Licet
410 726 622 768 Antestarz'
637 726 663 766 i.
687 740 721 767 e.
754 732 856 767 teste
879 726 986 781 (teP)
1008 726 1081 775 uti,
1115 726 1227 781 quod
1257 726 1404 768 iudicii
1436 742 1563 769 causa
1594 728 1688 769 uolo
1720 744 1890 770 manum

56 801 221 843 inicere.
280 798 389 840 Nam
410 799 515 840 haec
536 806 625 840 erat
645 799 921 840 consuetudo:
955 799 990 840 si
1012 800 1105 854 quis
1134 800 1288 841 uadato
1310 815 1393 841 non
1424 800 1645 855 paruisset,
1678 801 1716 841 ei
1738 801 1890 842 aduer-

57 873 189 917 sarius
218 871 401 927 aliquem
433 872 485 913 de
516 872 808 926 praesentibus
839 872 1126 914 antestabatur
1156 873 1181 913 i.
1214 887 1249 914 e.
1282 872 1483 929 tangebat
1527 874 1616 915 eius
1661 889 1805 915 aurem
1851 881 1891 915 et

56 946 236 989 dicebat:
268 946 425 988 Licetne
447 946 670 987 antestari?
713 943 761 987 Si
783 945 1069 1000 respondisset
1088 945 1180 986 ille:
1215 947 1337 995 Licet,
1361 953 1460 987 tunc
1481 946 1680 987 iniciebat
1713 947 1890 988 uadatus

56 1035 223 1062 manum
252 1018 297 1060 in
327 1033 435 1069 eum,
468 1018 539 1074 qui
569 1033 653 1060 non
685 1019 906 1074 paruisset,
939 1026 979 1060 et
1008 1018 1190 1060 ducebat
1219 1018 1263 1060 in
1299 1019 1515 1069 iudicium,
1563 1019 1686 1061 aliter
1717 1020 1751 1061 si
1783 1020 1888 1061 inie-

57 1093 179 1136 cisset
208 1107 392 1142 manum,
423 1091 673 1133 iniuriarum
705 1099 867 1147 poterat
898 1093 1101 1134 accusari.

166 1168 229 1208 77.
264 1166 428 1223 Oppono
459 1166 702 1207 auriculam.
762 1165 824 1207 Ut
854 1165 925 1207 ille
956 1166 1289 1221 antest(ar)etur‚
1336 1165 1379 1206 in
1425 1165 1488 1207 ius
1534 1166 1688 1208 ducere
1732 1166 1889 1208 inserta

56 1254 191 1281 manu.

787 1366 1150 1412 PORPHYRION.

164 1458 278 1500 Ibam
306 1459 360 1512 fo.
401 1459 467 1499 Via
492 1459 637 1508 Sacra,
668 1459 770 1499 sicat
800 1472 872 1498 me.
895 1473 925 1498 e.
946 1473 1040 1500 mos.
1100 1458 1247 1499 Refert
1276 1458 1357 1500 hac
1387 1458 1528 1508 satira,
1561 1458 1888 1502 descendentem

55 1546 98 1574 se
127 1530 210 1573 Via
241 1530 374 1573 Sacra
404 1530 604 1572 incidisse
634 1531 678 1571 in
709 1530 922 1573 hominem
952 1530 1172 1572 molestum
1203 1538 1242 1572 et
1284 1532 1516 1587 garrulum,
1562 1547 1699 1587 neque
1744 1548 1788 1575 se
1833 1533 1886 1574 ab

55 1620 102 1647 eo
131 1604 310 1646 auellere
342 1604 540 1660 potuisse,
572 1604 653 1645 nisi
684 1603 952 1645 aduersarius
982 1604 1307 1659 superuenissct,
1344 1621 1367 1645 a
1390 1621 1471 1660 quo
1493 1605 1781 1648 uadimonium
1803 1606 1885 1649 sibi
1911 1619 1917 1628 ⁸

55 1678 209 1720 dictum
239 1677 303 1720 sit.
363 1677 420 1718 Et
452 1685 582 1720 totum
614 1677 726 1719 hunc
757 1692 991 1719 sermonem
1022 1677 1254 1719 dramatico
1292 1678 1534 1719 charactere
1578 1679 1739 1721 alterno
1786 1695 1885 1721 ser-

57 1766 176 1793 mone
205 1751 355 1793 uariat.

166 1827 202 1866 2.
233 1825 377 1868 Nescio
408 1825 503 1880 quid
533 1825 663 1865 medic.
695 1838 912 1878 nuqarum.
987 1822 1061 1865 Sic
1091 1824 1329 1865 uerecunde
1360 1831 1509 1878 poetae
1544 1839 1676 1879 nuyas
1707 1831 1747 1866 et
1777 1824 1885 1866 risus

54 1897 184 1940 solent
213 1897 429 1953 adpellare
459 1896 692 1938 uersiculos
723 1912 834 1939 suos.
1778 1883 1780 1885 ¹

163 1972 200 2012 3.
234 1972 424 2013 Accurrit
454 1987 488 2025 q.
518 1979 637 2012 notus
668 1972 765 2012 mihi
790 1972 947 2013 nomine
978 1978 1142 2012 tantum.
1205 1969 1302 2012 Hoc
1333 1978 1412 2012 est:
1461 1969 1578 2011 cuius
1617 1970 1722 2012 nihil
1768 1971 1884 2013 aliud

54 2059 251 2086 noueram
283 2059 410 2100 quam
440 2058 605 2085 nomen.

166 2119 229 2159 11.
264 2119 327 2159 12.
360 2132 381 2159 o
412 2125 459 2165 te,
492 2117 657 2166 Bolum,
689 2118 842 2158 cerebri
859 2117 1051 2159 Felicem!
1084 2118 1238 2159 aiebam
1259 2119 1415 2159 tacitus.
1476 2118 1683 2159 Bolanum
1713 2117 1883 2159 nomine

55 2191 192 2233 nescio
223 2206 346 2247 quem
377 2191 505 2233 fuisse
535 2190 638 2232 dicit
658 2189 762 2231 adeo
783 2189 975 2241 liberum,
1007 2197 1051 2232 ut
1072 2190 1228 2232 nullius
1248 2190 1429 2245 ineptias
1449 2191 1590 2240 ferret,
1623 2190 1738 2245 quin,
1771 2191 1884 2245 quod

56 2263 106 2306 de
137 2279 184 2307 eo
216 2264 401 2315 sentiret,
434 2263 573 2306 statim
604 2263 648 2304 in
678 2278 773 2305 eum
805 2262 974 2305 diceret.

168 2465 200 2504 1)
224 2464 329 2494 Aliter
352 2474 413 2495 om.
441 2482 481 2485 -—
507 2463 727 2494 antestabatm·
752 2480 794 2484 —
820 2462 1026 2501 contingebat
1049 2472 1076 2504 γ.
1104 2463 1172 2492 rell.
1203 2462 1449 2492 antestabantur
1485 2480 1526 2484 -«
1563 2462 1796 2501 contingebant.
1848 2462 1883 2501 3)

57 2522 222 2552 iniectione
246 2532 263 2564 γ
289 2522 369 2561 (non
393 2522 441 2560 fh,
479 2526 513 2551 ut
538 2521 595 2551 ref.
623 2520 678 2559 Q).
711 2530 769 2558 per
794 2521 1001 2550 iniectionem
1026 2517 1223 2558 mva(G?Q).
1257 2529 1315 2557 pei·
1339 2529 1400 2548 om,
1427 2519 1547 2548 iniecta
1571 2517 1618 2547 fh.
1645 2529 1740 2548 manu
1765 2519 1882 2557 Porph.

57 2579 91 2617 8)
116 2578 246 2609 Lemma
263 2580 298 2608 in
315 2578 386 2608 afh:
413 2579 560 2608 Alcestari
586 2577 755 2616 (attestari
780 2577 854 2606 Asc.
882 2578 979 2606 etiam
1006 2577 1039 2606 in
1056 2577 1163 2615 Hor.)
1226 2577 1260 2615 9)
1287 2576 1352 2605 eius
1375 2575 1468 2617 ·sG,v.
1496 2576 1523 2604 ei
1551 2573 1649 2609 ath.
1704 2575 1757 2612 14)
1784 2576 1883 2604 schol.

57 2643 97 2664 ex
112 2643 138 2676 γ.
158 2636 226 2665 rell.
245 2645 306 2665 om.
322 2652 359 2656 —
376 2639 596 2665 antestaretur
613 2644 640 2675 γ,
668 2643 773 2664 errore
791 2634 928 2670 scribae,
955 2634 1010 2671 qui
1027 2634 1247 2662 recordaretur
1271 2632 1416 2671 praeced.
1436 2632 1547 2661 uerba:
1567 2631 1743 2660 auriculam
1769 2631 1883 2660 obtuli.

165 2691 318 2722 PORPH.
367 2691 543 2722 ECLOGA
568 2691 606 2721 X.
632 2691 674 2720 M.
702 2690 810 2720 Sermo
836 2699 938 2719 nonus
966 2691 995 2719 2.

170 2747 223 2786 18)
249 2758 285 2778 ac
309 2748 344 2777 M
368 2757 454 2778 more
480 2758 546 2778 suo.
572 2766 613 2768 —
639 2751 746 2776 satura
759 2746 801 2775 M.
828 2747 897 2776 rell.
925 2750 1044 2785 satyra.
1070 2745 1301 2774 descendentem
1327 2744 1541 2787 MRA2B<p‚v.
1568 2743 1761 2772 incedentem
1786 2742 1883 2773 ath.

58 2801 114 2841 20)
138 2804 236 2834 auelle
252 2804 273 2834 f.
300 2804 396 2834 auelli
419 2804 479 2834 hC.
503 2805 574 2835 rell.
599 2805 746 2834 auellere.
796 2803 853 2842 21)
878 2807 920 2832 est
943 2803 1030 2832 vafh.
1057 2802 1124 2831 rell.
1152 2802 1207 2831 sit.
1235 2802 1287 2840 qui
1306 2802 1344 2831 ab
1363 2810 1398 2830 eo
1415 2800 1553 2829 uadatus
1572 2803 1637 2828 erat
1655 2798 1691 2829 C.
1742 2799 1884 2838 drayma-

57 2859 118 2889 tico
141 2860 200 2890 R2.
225 2857 411 2904 ὃραματικῷ
437 2863 616 2905 χαρακτῆρι
642 2860 717 2890 th.
767 2860 824 2898 23)
850 2863 942 2898 poeta
959 2876 999 2880 —
1020 2859 1093 2888 solet
1114 2859 1149 2888 R.
1175 2858 1244 2887 rell.
1271 2862 1377 2896 poetae
1401 2857 1503 2895 (poete
1527 2856 1575 2895 Μ)
1598 2873 1636 2878 —-
1658 2856 1774 2885 solent.
1823 2856 1881 2894 25)

62 2915 202 2947 Occurrit
224 2917 441 2956 MR,va(GQ).
469 2918 542 2948 lem.
569 2922 600 2947 et
626 2917 724 2947 schol.
750 2926 810 2946 om.
836 2915 912 2946 th.
939 2916 1037 2945 Posui
1063 2916 1221 2952 Accurrit,
1258 2918 1292 2944 ut
1323 2915 1356 2944 in
1380 2913 1515 2948 Acrone,
1554 2913 1630 2951 quia
1665 2913 1787 2942 scholia
1812 2914 1883 2951 ipsa

58 2980 149 3002 uerae
171 2974 304 3003 lectioni
330 2983 394 3004 non
419 2978 610 3013 repugnant.
636 2973 718 3003 conf.
745 2973 819 3002 Acr.
884 2972 942 3011 27)
968 2973 1097 3011 ayebam
1123 2972 1167 3009 M,
1195 2976 1230 3001 ut
1253 2970 1316 3012 Βφ,
1354 2971 1408 3008 qui
1433 2970 1507 2999 hab.
1534 2970 1693 3007 glossam:
1732 2970 1882 3007 putabam

59 3028 161 3066 inquit
185 3031 281 3060 tesani
306 3031 427 3060 cerebri
452 3040 532 3060 esse.
557 3030 673 3060 celebri
698 3030 735 3059 R.
754 3047 791 3050 k>
811 3028 966 3067 Felicem]
994 3029 1126 3058 Tacitus
1151 3028 1319 3057 Bollrnuni
1344 3036 1362 3055 a
1387 3023 1576 3064 (Bolanum)
1601 3025 1645 3054 fh.
1674 3042 1709 3047 *-
1741 3025 1883 3055 hominem

58 3085 142 3115 vafh.
170 3087 297 3116 nomine
320 3085 508 3125 MR2(GQ).
573 3085 631 3125 28)
657 3086 736 3117 adeo
761 3086 898 3116 liberum
923 3095 985 3116 om.
1008 3084 1134 3115 MR2G.
1172 3084 1332 3114 Bolanum
1358 3083 1484 3112 nomine
1510 3078 1525 3123 Η
1551 3081 1651 3111 fuisse
1677 3082 1757 3112 dicit
1781 3078 1808 3123 Η,
1834 3081 1884 3120 φεῖ

189 3150 345 3178 nnuman,
361 3151 429 3172 Aen.
446 3152 486 3173 ΕΤ
503 3151 615 3172 Ponrn.
633 3151 662 3172 11.
1578 3148 1607 3172 11

1918 884 1957 915 10

1915 1249 1955 1280 15
