<?xml version="1.0" encoding="UTF-8"?>
<!DOCTYPE html PUBLIC "-//W3C//DTD XHTML 1.0 Transitional//EN"
    "http://www.w3.org/TR/xhtml1/DTD/xhtml1-transitional.dtd">
<html xmlns="http://www.w3.org/1999/xhtml" xml:lang="en" lang="en">
 <head>
  <title>
</title>
<meta http-equiv="Content-Type" content="text/html;charset=utf-8" />
  <meta name='ocr-system' content='tesseract 3.04.00' />
  <meta name='ocr-capabilities' content='ocr_page ocr_carea ocr_par ocr_line ocrx_word'/>
</head>
<body>
  <div class='ocr_page' id='page_1' title='image "acronisetporphyr02pseuuoft_0606.png"; bbox 0 0 2148 3412; ppageno 0'>
   <div class='ocr_carea' id='block_1_1' title="bbox 245 121 1443 161">
    <p class='ocr_par' dir='ltr' id='par_1_1' title="bbox 245 121 1443 161">
     <span class='ocr_line' id='line_1_1' title="bbox 245 121 1443 161; baseline -0.002 -1"><span class='ocrx_word' id='word_1_1' title='bbox 245 121 325 161; x_wconf 66' lang='lat'>598</span> <span class='ocrx_word' id='word_1_2' title='bbox 885 128 990 159; x_wconf 76' lang='lat' dir='ltr'>Aen.</span> <span class='ocrx_word' id='word_1_3' title='bbox 1016 127 1076 159; x_wconf 83' lang='lat' dir='ltr'>ET</span> <span class='ocrx_word' id='word_1_4' title='bbox 1102 126 1269 159; x_wconf 80' lang='lat' dir='ltr'>PORPH.</span> <span class='ocrx_word' id='word_1_5' title='bbox 1295 126 1443 159; x_wconf 78' lang='lat' dir='ltr'>comm.</span> 
     </span>
    </p>
   </div>
   <div class='ocr_carea' id='block_1_2' title="bbox 241 249 2074 527">
    <p class='ocr_par' dir='ltr' id='par_1_2' title="bbox 243 249 2067 377">
     <span class='ocr_line' id='line_1_2' title="bbox 358 249 2067 308; baseline 0.001 -16"><span class='ocrx_word' id='word_1_6' title='bbox 358 254 449 292; x_wconf 83' lang='lat'>127.</span> <span class='ocrx_word' id='word_1_7' title='bbox 483 260 518 292; x_wconf 79' lang='lat' dir='ltr'>et</span> <span class='ocrx_word' id='word_1_8' title='bbox 548 251 623 292; x_wconf 58' lang='lat' dir='ltr'>siba·</span> <span class='ocrx_word' id='word_1_9' title='bbox 649 259 811 292; x_wconf 78' lang='lat' dir='ltr'>constet.</span> <span class='ocrx_word' id='word_1_10' title='bbox 874 249 944 306; x_wconf 89' lang='lat' dir='ltr'>[In</span> <span class='ocrx_word' id='word_1_11' title='bbox 976 264 1019 291; x_wconf 84' lang='lat' dir='ltr'>se</span> <span class='ocrx_word' id='word_1_12' title='bbox 1048 250 1218 290; x_wconf 83' lang='lat' dir='ltr'>finiatur</span> <span class='ocrx_word' id='word_1_13' title='bbox 1248 249 1437 300; x_wconf 85' lang='lat' dir='ltr'>materia,</span> <span class='ocrx_word' id='word_1_14' title='bbox 1473 264 1551 292; x_wconf 86' lang='lat' dir='ltr'>nec</span> <span class='ocrx_word' id='word_1_15' title='bbox 1595 250 1647 292; x_wconf 88' lang='lat' dir='ltr'>ad</span> <span class='ocrx_word' id='word_1_16' title='bbox 1694 249 1808 292; x_wconf 84' lang='lat' dir='ltr'>aliud</span> <span class='ocrx_word' id='word_1_17' title='bbox 1852 251 2067 308; x_wconf 63' lang='lat' dir='ltr'>transeat]</span> 
     </span>
     <span class='ocr_line' id='line_1_3' title="bbox 243 322 1352 377; baseline -0.001 -11"><span class='ocrx_word' id='word_1_18' title='bbox 243 325 306 367; x_wconf 88' lang='lat' dir='ltr'>Ne</span> <span class='ocrx_word' id='word_1_19' title='bbox 338 333 526 365; x_wconf 77' lang='lat' dir='ltr'>transeas</span> <span class='ocrx_word' id='word_1_20' title='bbox 557 324 611 364; x_wconf 77' lang='lat' dir='ltr'>ad</span> <span class='ocrx_word' id='word_1_21' title='bbox 641 323 782 373; x_wconf 84' lang='lat' dir='ltr'>aliam,</span> <span class='ocrx_word' id='word_1_22' title='bbox 815 330 1040 377; x_wconf 80' lang='lat' dir='ltr'>antequam</span> <span class='ocrx_word' id='word_1_23' title='bbox 1071 322 1187 364; x_wconf 72' lang='lat' dir='ltr'>illam</span> <span class='ocrx_word' id='word_1_24' title='bbox 1218 323 1352 365; x_wconf 86' lang='lat' dir='ltr'>finias.</span> 
     </span>
    </p>

    <p class='ocr_par' dir='ltr' id='par_1_3' title="bbox 241 396 2074 527">
     <span class='ocr_line' id='line_1_4' title="bbox 356 396 2074 453; baseline 0 -15"><span class='ocrx_word' id='word_1_25' title='bbox 356 400 446 440; x_wconf 73' lang='lat'>128.</span> <span class='ocrx_word' id='word_1_26' title='bbox 482 398 654 452; x_wconf 74' lang='lat' dir='ltr'>Difficile</span> <span class='ocrx_word' id='word_1_27' title='bbox 686 407 749 438; x_wconf 73' lang='lat' dir='ltr'>est.</span> <span class='ocrx_word' id='word_1_28' title='bbox 814 396 948 453; x_wconf 86' lang='lat' dir='ltr'>[Satis</span> <span class='ocrx_word' id='word_1_29' title='bbox 979 396 1150 437; x_wconf 87' lang='lat' dir='ltr'>difficile</span> <span class='ocrx_word' id='word_1_30' title='bbox 1181 403 1254 446; x_wconf 87' lang='lat' dir='ltr'>est,</span> <span class='ocrx_word' id='word_1_31' title='bbox 1287 396 1440 447; x_wconf 84' lang='lat' dir='ltr'>dicere,</span> <span class='ocrx_word' id='word_1_32' title='bbox 1484 398 1708 439; x_wconf 84' lang='lat' dir='ltr'>conmunia</span> <span class='ocrx_word' id='word_1_33' title='bbox 1738 397 1882 449; x_wconf 88' lang='lat' dir='ltr'>uerba,</span> <span class='ocrx_word' id='word_1_34' title='bbox 1928 398 1985 439; x_wconf 84' lang='lat' dir='ltr'>ita</span> <span class='ocrx_word' id='word_1_35' title='bbox 2029 404 2074 439; x_wconf 84' lang='lat' dir='ltr'>ut</span> 
     </span>
     <span class='ocr_line' id='line_1_5' title="bbox 241 468 2073 527; baseline 0.001 -15"><span class='ocrx_word' id='word_1_36' title='bbox 241 471 405 512; x_wconf 80' lang='lat' dir='ltr'>auditor</span> <span class='ocrx_word' id='word_1_37' title='bbox 436 470 589 526; x_wconf 76' lang='lat' dir='ltr'>cogitet</span> <span class='ocrx_word' id='word_1_38' title='bbox 614 474 758 525; x_wconf 71' lang='lat' dir='ltr'>(esse),</span> <span class='ocrx_word' id='word_1_39' title='bbox 781 469 955 525; x_wconf 82' lang='lat' dir='ltr'>propria</span> <span class='ocrx_word' id='word_1_40' title='bbox 986 469 1197 526; x_wconf 66' lang='lat' dir='ltr'>dicentis]</span> <span class='ocrx_word' id='word_1_41' title='bbox 1258 468 1355 512; x_wconf 79' lang='lat' dir='ltr'>Hoc</span> <span class='ocrx_word' id='word_1_42' title='bbox 1385 470 1705 527; x_wconf 83' lang='lat' dir='ltr'>interrogatiue3</span> <span class='ocrx_word' id='word_1_43' title='bbox 1738 471 1796 513; x_wconf 86' lang='lat' dir='ltr'>ait</span> <span class='ocrx_word' id='word_1_44' title='bbox 1826 471 1952 522; x_wconf 89' lang='lat' dir='ltr'>enim,</span> <span class='ocrx_word' id='word_1_45' title='bbox 1983 471 2073 513; x_wconf 84' lang='lat' dir='ltr'>dic-</span> 
     </span>
    </p>
   </div>
   <div class='ocr_carea' id='block_1_3' title="bbox 176 543 1570 599">
    <p class='ocr_par' dir='ltr' id='par_1_4' title="bbox 176 543 1570 599">
     <span class='ocr_line' id='line_1_6' title="bbox 176 543 1570 599; baseline 0.001 -15"><span class='ocrx_word' id='word_1_46' title='bbox 176 555 192 584; x_wconf 72' lang='grc'>5</span> <span class='ocrx_word' id='word_1_47' title='bbox 241 554 328 586; x_wconf 86' lang='lat' dir='ltr'>tum</span> <span class='ocrx_word' id='word_1_48' title='bbox 360 544 531 586; x_wconf 88' lang='lat' dir='ltr'>difficile</span> <span class='ocrx_word' id='word_1_49' title='bbox 564 559 666 594; x_wconf 85' lang='lat' dir='ltr'>esse,</span> <span class='ocrx_word' id='word_1_50' title='bbox 699 544 924 586; x_wconf 87' lang='lat' dir='ltr'>comnunia</span> <span class='ocrx_word' id='word_1_51' title='bbox 954 543 1140 599; x_wconf 83' lang='lat' dir='ltr'>propriis</span> <span class='ocrx_word' id='word_1_52' title='bbox 1171 543 1384 599; x_wconf 85' lang='lat' dir='ltr'>explicare</span> <span class='ocrx_word' id='word_1_53' title='bbox 1414 544 1570 586; x_wconf 80' lang='lat' dir='ltr'>uerbis.</span> 
     </span>
    </p>
   </div>
   <div class='ocr_carea' id='block_1_4' title="bbox 180 922 219 953">
    <p class='ocr_par' dir='ltr' id='par_1_5' title="bbox 180 922 219 953">
     <span class='ocr_line' id='line_1_7' title="bbox 180 922 219 953; baseline -0.103 -1"><span class='ocrx_word' id='word_1_54' title='bbox 180 922 190 952; x_wconf 80' lang='lat' dir='ltr'>i</span> <span class='ocrx_word' id='word_1_55' title='bbox 201 924 219 953; x_wconf 74' lang='lat' dir='ltr'>U</span> 
     </span>
    </p>
   </div>
   <div class='ocr_carea' id='block_1_5' title="bbox 184 1292 220 1322">
    <p class='ocr_par' dir='ltr' id='par_1_6' title="bbox 184 1292 220 1322">
     <span class='ocr_line' id='line_1_8' title="bbox 184 1292 220 1322; baseline 0.028 -1"><span class='ocrx_word' id='word_1_56' title='bbox 184 1292 220 1322; x_wconf 83' lang='lat'>15</span> 
     </span>
    </p>
   </div>
   <div class='ocr_carea' id='block_1_6' title="bbox 182 2032 222 2061">
    <p class='ocr_par' dir='ltr' id='par_1_7' title="bbox 182 2032 222 2061">
     <span class='ocr_line' id='line_1_9' title="bbox 182 2032 222 2061; baseline 0 0"><span class='ocrx_word' id='word_1_57' title='bbox 182 2032 222 2061; x_wconf 76' lang='lat'>25</span> 
     </span>
    </p>
   </div>
   <div class='ocr_carea' id='block_1_7' title="bbox 241 617 2138 2146">
    <p class='ocr_par' dir='ltr' id='par_1_8' title="bbox 241 617 2138 1175">
     <span class='ocr_line' id='line_1_10' title="bbox 355 617 2133 673; baseline 0 -14"><span class='ocrx_word' id='word_1_58' title='bbox 355 620 570 660; x_wconf 65' lang='lat' dir='ltr'>commertia</span> <span class='ocrx_word' id='word_1_59' title='bbox 603 619 746 659; x_wconf 73' lang='lat' dir='ltr'>(licere.</span> <span class='ocrx_word' id='word_1_60' title='bbox 805 617 857 658; x_wconf 85' lang='lat' dir='ltr'>Id</span> <span class='ocrx_word' id='word_1_61' title='bbox 889 623 971 658; x_wconf 83' lang='lat' dir='ltr'>est:</span> <span class='ocrx_word' id='word_1_62' title='bbox 1018 617 1158 658; x_wconf 82' lang='lat' dir='ltr'>dicere</span> <span class='ocrx_word' id='word_1_63' title='bbox 1190 617 1365 667; x_wconf 84' lang='lat' dir='ltr'>intacta3</span> <span class='ocrx_word' id='word_1_64' title='bbox 1411 633 1509 659; x_wconf 90' lang='lat' dir='ltr'>nam</span> <span class='ocrx_word' id='word_1_65' title='bbox 1555 618 1723 673; x_wconf 88' lang='lat' dir='ltr'>quando</span> <span class='ocrx_word' id='word_1_66' title='bbox 1768 618 1970 659; x_wconf 86' lang='lat' dir='ltr'>intactum</span> <span class='ocrx_word' id='word_1_67' title='bbox 2014 623 2075 660; x_wconf 83' lang='lat' dir='ltr'>est</span> <span class='ocrx_word' id='word_1_68' title='bbox 2130 617 2133 659; x_wconf 60' lang='grc' dir='ltr'>ξ</span> 
     </span>
     <span class='ocr_line' id='line_1_11' title="bbox 241 690 2076 748; baseline 0 -16"><span class='ocrx_word' id='word_1_69' title='bbox 241 691 415 746; x_wconf 81' lang='lat' dir='ltr'>aliquid,</span> <span class='ocrx_word' id='word_1_70' title='bbox 463 705 669 732; x_wconf 87' lang='lat' dir='ltr'>conmune</span> <span class='ocrx_word' id='word_1_71' title='bbox 701 698 780 732; x_wconf 87' lang='lat' dir='ltr'>est:</span> <span class='ocrx_word' id='word_1_72' title='bbox 829 705 922 731; x_wconf 87' lang='lat' dir='ltr'>cum</span> <span class='ocrx_word' id='word_1_73' title='bbox 954 690 1084 731; x_wconf 89' lang='lat' dir='ltr'>semel</span> <span class='ocrx_word' id='word_1_74' title='bbox 1114 690 1272 732; x_wconf 86' lang='lat' dir='ltr'>dictum</span> <span class='ocrx_word' id='word_1_75' title='bbox 1303 690 1356 732; x_wconf 88' lang='lat' dir='ltr'>ab</span> <span class='ocrx_word' id='word_1_76' title='bbox 1388 691 1531 745; x_wconf 84' lang='lat' dir='ltr'>aliquo</span> <span class='ocrx_word' id='word_1_77' title='bbox 1575 691 1712 748; x_wconf 85' lang='lat' dir='ltr'>(alio),</span> <span class='ocrx_word' id='word_1_78' title='bbox 1757 692 1802 732; x_wconf 87' lang='lat' dir='ltr'>fit</span> <span class='ocrx_word' id='word_1_79' title='bbox 1845 691 2076 746; x_wconf 79' lang='lat' dir='ltr'>proprium.</span> 
     </span>
     <span class='ocr_line' id='line_1_12' title="bbox 241 763 2075 821; baseline -0.001 -15"><span class='ocrx_word' id='word_1_80' title='bbox 241 765 347 806; x_wconf 83' lang='lat' dir='ltr'>Item</span> <span class='ocrx_word' id='word_1_81' title='bbox 380 767 594 807; x_wconf 69' lang='lat' dir='ltr'>conmunia</span> <span class='ocrx_word' id='word_1_82' title='bbox 625 765 650 805; x_wconf 91' lang='lat' dir='ltr'>i.</span> <span class='ocrx_word' id='word_1_83' title='bbox 683 779 717 805; x_wconf 88' lang='lat' dir='ltr'>e.</span> <span class='ocrx_word' id='word_1_84' title='bbox 750 779 834 805; x_wconf 86' lang='lat' dir='ltr'>non</span> <span class='ocrx_word' id='word_1_85' title='bbox 865 770 960 804; x_wconf 84' lang='lat' dir='ltr'>ante</span> <span class='ocrx_word' id='word_1_86' title='bbox 991 763 1116 814; x_wconf 84' lang='lat' dir='ltr'>dicta,</span> <span class='ocrx_word' id='word_1_87' title='bbox 1150 764 1262 819; x_wconf 86' lang='lat' dir='ltr'>quia,</span> <span class='ocrx_word' id='word_1_88' title='bbox 1295 764 1330 805; x_wconf 89' lang='lat' dir='ltr'>si</span> <span class='ocrx_word' id='word_1_89' title='bbox 1362 764 1464 819; x_wconf 88' lang='lat' dir='ltr'>quid</span> <span class='ocrx_word' id='word_1_90' title='bbox 1496 764 1674 821; x_wconf 86' lang='lat' dir='ltr'>[dictum</span> <span class='ocrx_word' id='word_1_91' title='bbox 1696 771 1790 806; x_wconf 85' lang='lat' dir='ltr'>ante</span> <span class='ocrx_word' id='word_1_92' title='bbox 1813 764 1866 806; x_wconf 85' lang='lat' dir='ltr'>sit</span> <span class='ocrx_word' id='word_1_93' title='bbox 1886 770 1947 805; x_wconf 85' lang='lat' dir='ltr'>est</span> <span class='ocrx_word' id='word_1_94' title='bbox 1976 779 2075 820; x_wconf 90' lang='lat' dir='ltr'>pro-</span> 
     </span>
     <span class='ocr_line' id='line_1_13' title="bbox 242 836 2076 894; baseline -0.001 -15"><span class='ocrx_word' id='word_1_95' title='bbox 242 839 402 894; x_wconf 81' lang='lat' dir='ltr'>prium3</span> <span class='ocrx_word' id='word_1_96' title='bbox 443 839 555 893; x_wconf 89' lang='lat' dir='ltr'>quod</span> <span class='ocrx_word' id='word_1_97' title='bbox 587 838 620 880; x_wconf 88' lang='lat' dir='ltr'>si</span> <span class='ocrx_word' id='word_1_98' title='bbox 654 837 774 893; x_wconf 87' lang='lat' dir='ltr'>quid]</span> <span class='ocrx_word' id='word_1_99' title='bbox 809 836 980 886; x_wconf 78' lang='lat' dir='ltr'>dixeris,</span> <span class='ocrx_word' id='word_1_100' title='bbox 1026 836 1111 878; x_wconf 85' lang='lat' dir='ltr'>iam</span> <span class='ocrx_word' id='word_1_101' title='bbox 1141 844 1257 879; x_wconf 88' lang='lat' dir='ltr'>tuum</span> <span class='ocrx_word' id='word_1_102' title='bbox 1289 846 1351 879; x_wconf 87' lang='lat' dir='ltr'>est</span> <span class='ocrx_word' id='word_1_103' title='bbox 1396 838 1628 894; x_wconf 86' lang='lat' dir='ltr'>proprium.</span> <span class='ocrx_word' id='word_1_104' title='bbox 1690 839 1910 881; x_wconf 70' lang='lat' dir='ltr'>Communia</span> <span class='ocrx_word' id='word_1_105' title='bbox 1938 844 2076 879; x_wconf 86' lang='lat' dir='ltr'>autem</span> 
     </span>
     <span class='ocr_line' id='line_1_14' title="bbox 246 899 2138 968; baseline -0.001 -15"><span class='ocrx_word' id='word_1_106' title='bbox 246 913 364 962; x_wconf 80' lang='lat' dir='ltr'>dixit,</span> <span class='ocrx_word' id='word_1_107' title='bbox 397 913 509 966; x_wconf 79' lang='lat' dir='ltr'>quia,</span> <span class='ocrx_word' id='word_1_108' title='bbox 542 912 743 967; x_wconf 83' lang='lat' dir='ltr'>quamdiu</span> <span class='ocrx_word' id='word_1_109' title='bbox 774 927 797 952; x_wconf 84' lang='lat' dir='ltr'>a</span> <span class='ocrx_word' id='word_1_110' title='bbox 829 910 943 952; x_wconf 89' lang='lat' dir='ltr'>nullo</span> <span class='ocrx_word' id='word_1_111' title='bbox 975 910 1057 952; x_wconf 87' lang='lat' dir='ltr'>sint</span> <span class='ocrx_word' id='word_1_112' title='bbox 1088 917 1181 952; x_wconf 83' lang='lat' dir='ltr'>acta</span> <span class='ocrx_word' id='word_1_113' title='bbox 1210 911 1279 952; x_wconf 91' lang='lat' dir='ltr'>uel</span> <span class='ocrx_word' id='word_1_114' title='bbox 1309 911 1434 962; x_wconf 85' lang='lat' dir='ltr'>dicta,</span> <span class='ocrx_word' id='word_1_115' title='bbox 1478 911 1656 968; x_wconf 85' lang='lat' dir='ltr'>singulis</span> <span class='ocrx_word' id='word_1_116' title='bbox 1687 926 1819 967; x_wconf 89' lang='lat' dir='ltr'>aeque</span> <span class='ocrx_word' id='word_1_117' title='bbox 1849 918 1994 967; x_wconf 84' lang='lat' dir='ltr'>patent</span> <span class='ocrx_word' id='word_1_118' title='bbox 2023 911 2077 952; x_wconf 84' lang='lat' dir='ltr'>ad</span> <span class='ocrx_word' id='word_1_119' title='bbox 2134 899 2138 914; x_wconf 56' lang='lat'>²</span> 
     </span>
     <span class='ocr_line' id='line_1_15' title="bbox 244 982 2129 1041; baseline -0.001 -15"><span class='ocrx_word' id='word_1_120' title='bbox 244 985 494 1035; x_wconf 78' lang='lat' dir='ltr'>dicendum3</span> <span class='ocrx_word' id='word_1_121' title='bbox 535 993 577 1027; x_wconf 90' lang='lat' dir='ltr'>ut</span> <span class='ocrx_word' id='word_1_122' title='bbox 609 985 730 1027; x_wconf 88' lang='lat' dir='ltr'>uerbi</span> <span class='ocrx_word' id='word_1_123' title='bbox 762 985 923 1040; x_wconf 82' lang='lat' dir='ltr'>gratia:</span> <span class='ocrx_word' id='word_1_124' title='bbox 972 982 1342 1037; x_wconf 79' lang='lat' dir='ltr'>Quemadmodum</span> <span class='ocrx_word' id='word_1_125' title='bbox 1374 985 1522 1027; x_wconf 88' lang='lat' dir='ltr'>domus</span> <span class='ocrx_word' id='word_1_126' title='bbox 1553 991 1622 1026; x_wconf 83' lang='lat' dir='ltr'>aut</span> <span class='ocrx_word' id='word_1_127' title='bbox 1654 1000 1757 1041; x_wconf 84' lang='lat' dir='ltr'>ager</span> <span class='ocrx_word' id='word_1_128' title='bbox 1787 985 1876 1027; x_wconf 87' lang='lat' dir='ltr'>sine</span> <span class='ocrx_word' id='word_1_129' title='bbox 1907 984 2077 1026; x_wconf 90' lang='lat' dir='ltr'>domino</span> <span class='ocrx_word' id='word_1_130' title='bbox 2128 1020 2129 1025; x_wconf 73' lang='grc'>,</span> 
     </span>
     <span class='ocr_line' id='line_1_16' title="bbox 243 1057 2130 1115; baseline -0.001 -15"><span class='ocrx_word' id='word_1_131' title='bbox 243 1059 462 1102; x_wconf 83' lang='lat' dir='ltr'>eonmunis</span> <span class='ocrx_word' id='word_1_132' title='bbox 484 1067 557 1111; x_wconf 88' lang='lat' dir='ltr'>est,</span> <span class='ocrx_word' id='word_1_133' title='bbox 589 1065 818 1115; x_wconf 80' lang='lat' dir='ltr'>occupatus</span> <span class='ocrx_word' id='word_1_134' title='bbox 849 1072 950 1101; x_wconf 85' lang='lat' dir='ltr'>uero</span> <span class='ocrx_word' id='word_1_135' title='bbox 981 1057 1065 1099; x_wconf 85' lang='lat' dir='ltr'>iam</span> <span class='ocrx_word' id='word_1_136' title='bbox 1096 1058 1292 1114; x_wconf 86' lang='lat' dir='ltr'>proprius</span> <span class='ocrx_word' id='word_1_137' title='bbox 1322 1059 1377 1109; x_wconf 80' lang='lat' dir='ltr'>fit,</span> <span class='ocrx_word' id='word_1_138' title='bbox 1418 1059 1477 1100; x_wconf 84' lang='lat' dir='ltr'>ita</span> <span class='ocrx_word' id='word_1_139' title='bbox 1508 1066 1549 1100; x_wconf 87' lang='lat' dir='ltr'>et</span> <span class='ocrx_word' id='word_1_140' title='bbox 1577 1074 1644 1101; x_wconf 86' lang='lat' dir='ltr'>res</span> <span class='ocrx_word' id='word_1_141' title='bbox 1675 1075 1700 1101; x_wconf 84' lang='lat' dir='ltr'>a</span> <span class='ocrx_word' id='word_1_142' title='bbox 1729 1058 1843 1101; x_wconf 90' lang='lat' dir='ltr'>nullo</span> <span class='ocrx_word' id='word_1_143' title='bbox 1875 1058 1987 1100; x_wconf 82' lang='lat' dir='ltr'>dieta</span> <span class='ocrx_word' id='word_1_144' title='bbox 2017 1063 2079 1100; x_wconf 83' lang='lat' dir='ltr'>est</span> <span class='ocrx_word' id='word_1_145' title='bbox 2127 1082 2130 1115; x_wconf 65' lang='lat'>3</span> 
     </span>
     <span class='ocr_line' id='line_1_17' title="bbox 246 1134 480 1175; baseline 0 -1"><span class='ocrx_word' id='word_1_146' title='bbox 246 1134 480 1175; x_wconf 87' lang='lat' dir='ltr'>conmunis.</span> 
     </span>
    </p>

    <p class='ocr_par' dir='ltr' id='par_1_9' title="bbox 246 1204 2131 1416">
     <span class='ocr_line' id='line_1_18' title="bbox 359 1204 2126 1264; baseline -0.001 -17"><span class='ocrx_word' id='word_1_147' title='bbox 359 1208 452 1248; x_wconf 77' lang='grc'><strong>128.</strong></span> <span class='ocrx_word' id='word_1_148' title='bbox 486 1208 579 1248; x_wconf 80' lang='grc'><strong>129.</strong></span> <span class='ocrx_word' id='word_1_149' title='bbox 612 1215 730 1264; x_wconf 76' lang='lat' dir='ltr'>tuque</span> <span class='ocrx_word' id='word_1_150' title='bbox 749 1208 927 1257; x_wconf 70' lang='lat' dir='ltr'>Rectius,</span> <span class='ocrx_word' id='word_1_151' title='bbox 952 1208 1122 1249; x_wconf 75' lang='lat' dir='ltr'>Iliacum</span> <span class='ocrx_word' id='word_1_152' title='bbox 1145 1220 1317 1248; x_wconf 75' lang='lat' dir='ltr'>carmen.</span> <span class='ocrx_word' id='word_1_153' title='bbox 1379 1205 1494 1262; x_wconf 88' lang='lat' dir='ltr'>[Hoc</span> <span class='ocrx_word' id='word_1_154' title='bbox 1516 1205 1839 1262; x_wconf 83' lang='lat' dir='ltr'>interrogatiue:</span> <span class='ocrx_word' id='word_1_155' title='bbox 1871 1205 1931 1246; x_wconf 90' lang='lat' dir='ltr'>At</span> <span class='ocrx_word' id='word_1_156' title='bbox 1952 1204 2077 1256; x_wconf 88' lang='lat' dir='ltr'>enim,</span> <span class='ocrx_word' id='word_1_157' title='bbox 2124 1234 2126 1239; x_wconf 68' lang='lat'>,</span> 
     </span>
     <span class='ocr_line' id='line_1_19' title="bbox 247 1278 2128 1336; baseline 0.001 -16"><span class='ocrx_word' id='word_1_158' title='bbox 247 1279 403 1330; x_wconf 80' lang='lat' dir='ltr'>dicunt,</span> <span class='ocrx_word' id='word_1_159' title='bbox 437 1280 607 1321; x_wconf 83' lang='lat' dir='ltr'>difficile</span> <span class='ocrx_word' id='word_1_160' title='bbox 639 1288 700 1322; x_wconf 88' lang='lat' dir='ltr'>est</span> <span class='ocrx_word' id='word_1_161' title='bbox 731 1280 972 1322; x_wconf 85' lang='lat' dir='ltr'>communia</span> <span class='ocrx_word' id='word_1_162' title='bbox 1001 1279 1186 1336; x_wconf 86' lang='lat' dir='ltr'>propriis</span> <span class='ocrx_word' id='word_1_163' title='bbox 1207 1279 1420 1335; x_wconf 80' lang='lat' dir='ltr'>explicare</span> <span class='ocrx_word' id='word_1_164' title='bbox 1441 1279 1628 1336; x_wconf 85' lang='lat' dir='ltr'>uerbis?]</span> <span class='ocrx_word' id='word_1_165' title='bbox 1669 1278 1827 1321; x_wconf 83' lang='lat' dir='ltr'>Melius</span> <span class='ocrx_word' id='word_1_166' title='bbox 1857 1279 1901 1320; x_wconf 89' lang='lat' dir='ltr'>in</span> <span class='ocrx_word' id='word_1_167' title='bbox 1923 1278 2078 1321; x_wconf 81' lang='lat' dir='ltr'>fabula.</span> <span class='ocrx_word' id='word_1_168' title='bbox 2126 1306 2128 1309; x_wconf 92' lang='lat'><em>-</em></span> 
     </span>
     <span class='ocr_line' id='line_1_20' title="bbox 246 1352 2131 1416; baseline 0.001 -23"><span class='ocrx_word' id='word_1_169' title='bbox 246 1362 369 1396; x_wconf 81' lang='lat' dir='ltr'>actus.</span> <span class='ocrx_word' id='word_1_170' title='bbox 401 1353 472 1395; x_wconf 86' lang='lat' dir='ltr'>Ab</span> <span class='ocrx_word' id='word_1_171' title='bbox 504 1354 691 1410; x_wconf 75' lang='lat' dir='ltr'>agendo,</span> <span class='ocrx_word' id='word_1_172' title='bbox 721 1353 896 1411; x_wconf 90' lang='lat' dir='ltr'>[neque]</span> <span class='ocrx_word' id='word_1_173' title='bbox 930 1369 1015 1396; x_wconf 91' lang='lat' dir='ltr'>non</span> <span class='ocrx_word' id='word_1_174' title='bbox 1047 1354 1182 1396; x_wconf 88' lang='lat' dir='ltr'>solum</span> <span class='ocrx_word' id='word_1_175' title='bbox 1211 1352 1378 1396; x_wconf 82' lang='lat' dir='ltr'>facilius</span> <span class='ocrx_word' id='word_1_176' title='bbox 1409 1353 1482 1395; x_wconf 86' lang='lat' dir='ltr'>sed</span> <span class='ocrx_word' id='word_1_177' title='bbox 1511 1352 1740 1395; x_wconf 79' lang='lat' dir='ltr'>honestius.</span> <span class='ocrx_word' id='word_1_178' title='bbox 2123 1406 2131 1416; x_wconf 82' lang='lat'>.</span> 
     </span>
    </p>

    <p class='ocr_par' dir='ltr' id='par_1_10' title="bbox 247 1426 2128 1558">
     <span class='ocr_line' id='line_1_21' title="bbox 359 1426 2128 1484; baseline -0.001 -16"><span class='ocrx_word' id='word_1_179' title='bbox 359 1428 521 1470; x_wconf 74' lang='lat' dir='ltr'>deducis</span> <span class='ocrx_word' id='word_1_180' title='bbox 552 1429 593 1469; x_wconf 75' lang='lat' dir='ltr'>in</span> <span class='ocrx_word' id='word_1_181' title='bbox 625 1436 751 1470; x_wconf 83' lang='lat' dir='ltr'>actus.</span> <span class='ocrx_word' id='word_1_182' title='bbox 815 1426 1115 1484; x_wconf 82' lang='lat' dir='ltr'>[Comoediam</span> <span class='ocrx_word' id='word_1_183' title='bbox 1146 1434 1216 1469; x_wconf 79' lang='lat' dir='ltr'>aut</span> <span class='ocrx_word' id='word_1_184' title='bbox 1246 1427 1510 1483; x_wconf 81' lang='lat' dir='ltr'>tragoediam</span> <span class='ocrx_word' id='word_1_185' title='bbox 1541 1427 1743 1469; x_wconf 86' lang='lat' dir='ltr'>scribens.</span> <span class='ocrx_word' id='word_1_186' title='bbox 1819 1426 1969 1469; x_wconf 83' lang='lat' dir='ltr'>Tutius</span> <span class='ocrx_word' id='word_1_187' title='bbox 2014 1426 2080 1468; x_wconf 86' lang='lat' dir='ltr'>di-</span> <span class='ocrx_word' id='word_1_188' title='bbox 2125 1470 2128 1474; x_wconf 57' lang='grc'>,</span> 
     </span>
     <span class='ocr_line' id='line_1_22' title="bbox 247 1500 1707 1558; baseline 0 -16"><span class='ocrx_word' id='word_1_189' title='bbox 247 1508 396 1542; x_wconf 85' lang='lat' dir='ltr'>cuntur</span> <span class='ocrx_word' id='word_1_190' title='bbox 426 1501 578 1543; x_wconf 79' lang='lat' dir='ltr'>usitata</span> <span class='ocrx_word' id='word_1_191' title='bbox 610 1516 734 1556; x_wconf 86' lang='lat' dir='ltr'>quam</span> <span class='ocrx_word' id='word_1_192' title='bbox 767 1501 932 1558; x_wconf 83' lang='lat' dir='ltr'>ignota]</span> <span class='ocrx_word' id='word_1_193' title='bbox 965 1501 1113 1552; x_wconf 87' lang='lat' dir='ltr'>Elicis,</span> <span class='ocrx_word' id='word_1_194' title='bbox 1147 1507 1219 1542; x_wconf 82' lang='lat' dir='ltr'>aut</span> <span class='ocrx_word' id='word_1_195' title='bbox 1248 1500 1512 1556; x_wconf 85' lang='lat' dir='ltr'>tragoediam</span> <span class='ocrx_word' id='word_1_196' title='bbox 1544 1500 1707 1542; x_wconf 89' lang='lat' dir='ltr'>scribis.</span> 
     </span>
    </p>

    <p class='ocr_par' dir='ltr' id='par_1_11' title="bbox 360 1565 2128 1631">
     <span class='ocr_line' id='line_1_23' title="bbox 360 1565 2128 1631; baseline 0.001 -16"><span class='ocrx_word' id='word_1_197' title='bbox 360 1576 452 1615; x_wconf 84' lang='lat'>130.</span> <span class='ocrx_word' id='word_1_198' title='bbox 491 1576 624 1626; x_wconf 79' lang='lat' dir='ltr'>Quam</span> <span class='ocrx_word' id='word_1_199' title='bbox 654 1578 690 1617; x_wconf 73' lang='lat' dir='ltr'>si</span> <span class='ocrx_word' id='word_1_200' title='bbox 711 1580 822 1631; x_wconf 78' lang='lat' dir='ltr'>pros.</span> <span class='ocrx_word' id='word_1_201' title='bbox 861 1581 1010 1630; x_wconf 72' lang='lat' dir='ltr'>iynola.</span> <span class='ocrx_word' id='word_1_202' title='bbox 1070 1575 1122 1616; x_wconf 88' lang='lat' dir='ltr'>Id</span> <span class='ocrx_word' id='word_1_203' title='bbox 1152 1581 1226 1625; x_wconf 87' lang='lat' dir='ltr'>est,</span> <span class='ocrx_word' id='word_1_204' title='bbox 1258 1575 1409 1616; x_wconf 90' lang='lat' dir='ltr'>melius</span> <span class='ocrx_word' id='word_1_205' title='bbox 1441 1574 1547 1616; x_wconf 85' lang='lat' dir='ltr'>dicis</span> <span class='ocrx_word' id='word_1_206' title='bbox 1578 1575 1731 1617; x_wconf 83' lang='lat' dir='ltr'>usitata</span> <span class='ocrx_word' id='word_1_207' title='bbox 1762 1589 1890 1630; x_wconf 84' lang='lat' dir='ltr'>quain</span> <span class='ocrx_word' id='word_1_208' title='bbox 1920 1574 2077 1631; x_wconf 82' lang='lat' dir='ltr'>ignota.</span> <span class='ocrx_word' id='word_1_209' title='bbox 2124 1565 2128 1597; x_wconf 82' lang='lat'>.·</span> 
     </span>
    </p>

    <p class='ocr_par' dir='ltr' id='par_1_12' title="bbox 246 1647 2135 2146">
     <span class='ocr_line' id='line_1_24' title="bbox 361 1647 2127 1706; baseline 0 -17"><span class='ocrx_word' id='word_1_210' title='bbox 361 1649 452 1689; x_wconf 81' lang='lat'>131.</span> <span class='ocrx_word' id='word_1_211' title='bbox 490 1649 654 1690; x_wconf 75' lang='lat' dir='ltr'>Publica</span> <span class='ocrx_word' id='word_1_212' title='bbox 684 1650 867 1690; x_wconf 67' lang='lat' dir='ltr'>materies</span> <span class='ocrx_word' id='word_1_213' title='bbox 895 1650 1052 1704; x_wconf 74' lang='lat' dir='ltr'>priuati</span> <span class='ocrx_word' id='word_1_214' title='bbox 1078 1650 1190 1691; x_wconf 71' lang='lat' dir='ltr'>iuris.</span> <span class='ocrx_word' id='word_1_215' title='bbox 1251 1647 1402 1699; x_wconf 84' lang='lat' dir='ltr'>Docet,</span> <span class='ocrx_word' id='word_1_216' title='bbox 1445 1648 1654 1703; x_wconf 88' lang='lat' dir='ltr'>quomodo</span> <span class='ocrx_word' id='word_1_217' title='bbox 1685 1648 1961 1704; x_wconf 84' lang='lat' dir='ltr'>adgrediatur</span> <span class='ocrx_word' id='word_1_218' title='bbox 1990 1648 2079 1689; x_wconf 83' lang='lat' dir='ltr'>ali-</span> <span class='ocrx_word' id='word_1_219' title='bbox 2121 1681 2127 1706; x_wconf 45' lang='grc' dir='ltr'><strong>ζ</strong></span> 
     </span>
     <span class='ocr_line' id='line_1_25' title="bbox 248 1721 2079 1778; baseline 0.001 -16"><span class='ocrx_word' id='word_1_220' title='bbox 248 1721 340 1776; x_wconf 88' lang='lat' dir='ltr'>quis</span> <span class='ocrx_word' id='word_1_221' title='bbox 372 1735 540 1762; x_wconf 84' lang='lat' dir='ltr'>carmen</span> <span class='ocrx_word' id='word_1_222' title='bbox 572 1722 656 1763; x_wconf 84' lang='lat' dir='ltr'>iam</span> <span class='ocrx_word' id='word_1_223' title='bbox 678 1722 731 1763; x_wconf 85' lang='lat' dir='ltr'>ab</span> <span class='ocrx_word' id='word_1_224' title='bbox 754 1722 895 1777; x_wconf 85' lang='lat' dir='ltr'>aliquo</span> <span class='ocrx_word' id='word_1_225' title='bbox 919 1723 1132 1778; x_wconf 85' lang='lat' dir='ltr'>scriptum.</span> <span class='ocrx_word' id='word_1_226' title='bbox 1195 1722 1364 1764; x_wconf 80' lang='lat' dir='ltr'>Publica</span> <span class='ocrx_word' id='word_1_227' title='bbox 1395 1724 1591 1764; x_wconf 76' lang='lat' dir='ltr'>materies.</span> <span class='ocrx_word' id='word_1_228' title='bbox 1622 1722 1807 1764; x_wconf 85' lang='lat' dir='ltr'>Materia</span> <span class='ocrx_word' id='word_1_229' title='bbox 1838 1722 1921 1763; x_wconf 90' lang='lat' dir='ltr'>iam</span> <span class='ocrx_word' id='word_1_230' title='bbox 1954 1722 2079 1773; x_wconf 86' lang='lat' dir='ltr'>dicta,</span> 
     </span>
     <span class='ocr_line' id='line_1_26' title="bbox 247 1794 2079 1852; baseline 0.001 -17"><span class='ocrx_word' id='word_1_231' title='bbox 247 1794 330 1835; x_wconf 83' lang='lat' dir='ltr'>iam</span> <span class='ocrx_word' id='word_1_232' title='bbox 362 1795 414 1836; x_wconf 85' lang='lat' dir='ltr'>ab</span> <span class='ocrx_word' id='word_1_233' title='bbox 447 1795 529 1836; x_wconf 86' lang='lat' dir='ltr'>alio</span> <span class='ocrx_word' id='word_1_234' title='bbox 562 1795 674 1836; x_wconf 80' lang='lat' dir='ltr'>edita</span> <span class='ocrx_word' id='word_1_235' title='bbox 708 1794 870 1852; x_wconf 82' lang='lat' dir='ltr'>[aliquo</span> <span class='ocrx_word' id='word_1_236' title='bbox 902 1795 1148 1852; x_wconf 69' lang='lat' dir='ltr'>descripta]</span> <span class='ocrx_word' id='word_1_237' title='bbox 1211 1794 1369 1838; x_wconf 82' lang='lat' dir='ltr'>Sensus</span> <span class='ocrx_word' id='word_1_238' title='bbox 1400 1796 1469 1837; x_wconf 87' lang='lat' dir='ltr'>hic</span> <span class='ocrx_word' id='word_1_239' title='bbox 1501 1803 1582 1838; x_wconf 87' lang='lat' dir='ltr'>est:</span> <span class='ocrx_word' id='word_1_240' title='bbox 1627 1795 1751 1847; x_wconf 80' lang='lat' dir='ltr'>Nota,</span> <span class='ocrx_word' id='word_1_241' title='bbox 1798 1795 1946 1851; x_wconf 83' lang='lat' dir='ltr'>inquit,</span> <span class='ocrx_word' id='word_1_242' title='bbox 1992 1811 2079 1837; x_wconf 85' lang='lat' dir='ltr'>ma-</span> 
     </span>
     <span class='ocr_line' id='line_1_27' title="bbox 247 1867 2078 1926; baseline 0.002 -18"><span class='ocrx_word' id='word_1_243' title='bbox 247 1867 352 1908; x_wconf 86' lang='lat' dir='ltr'>teria</span> <span class='ocrx_word' id='word_1_244' title='bbox 382 1875 469 1909; x_wconf 83' lang='lat' dir='ltr'>tum</span> <span class='ocrx_word' id='word_1_245' title='bbox 501 1868 714 1910; x_wconf 88' lang='lat' dir='ltr'>uidebitur</span> <span class='ocrx_word' id='word_1_246' title='bbox 745 1869 866 1924; x_wconf 83' lang='lat' dir='ltr'>quasi</span> <span class='ocrx_word' id='word_1_247' title='bbox 911 1870 1086 1925; x_wconf 82' lang='lat' dir='ltr'>propria</span> <span class='ocrx_word' id='word_1_248' title='bbox 1129 1868 1461 1924; x_wconf 86' lang='lat' dir='ltr'>uniuscuiusque</span> <span class='ocrx_word' id='word_1_249' title='bbox 1503 1868 1647 1926; x_wconf 83' lang='lat' dir='ltr'>[esse]‚</span> <span class='ocrx_word' id='word_1_250' title='bbox 1694 1869 1729 1911; x_wconf 88' lang='lat' dir='ltr'>si</span> <span class='ocrx_word' id='word_1_251' title='bbox 1758 1883 1868 1911; x_wconf 90' lang='lat' dir='ltr'>nouo</span> <span class='ocrx_word' id='word_1_252' title='bbox 1913 1876 1953 1910; x_wconf 89' lang='lat' dir='ltr'>et</span> <span class='ocrx_word' id='word_1_253' title='bbox 1995 1883 2078 1911; x_wconf 90' lang='lat' dir='ltr'>non</span> 
     </span>
     <span class='ocr_line' id='line_1_28' title="bbox 246 1941 2080 1999; baseline 0.002 -18"><span class='ocrx_word' id='word_1_254' title='bbox 246 1941 398 1982; x_wconf 82' lang='lat' dir='ltr'>usitato</span> <span class='ocrx_word' id='word_1_255' title='bbox 430 1956 585 1997; x_wconf 82' lang='lat' dir='ltr'>genere</span> <span class='ocrx_word' id='word_1_256' title='bbox 617 1942 864 1985; x_wconf 85' lang='lat' dir='ltr'>elocutionis</span> <span class='ocrx_word' id='word_1_257' title='bbox 896 1950 1079 1985; x_wconf 86' lang='lat' dir='ltr'>ornetur.</span> <span class='ocrx_word' id='word_1_258' title='bbox 1147 1954 1335 1984; x_wconf 79' lang='lat' dir='ltr'><strong>ALITER:</strong></span> <span class='ocrx_word' id='word_1_259' title='bbox 1382 1944 1552 1985; x_wconf 74' lang='lat' dir='ltr'>Publica</span> <span class='ocrx_word' id='word_1_260' title='bbox 1579 1944 1764 1985; x_wconf 73' lang='lat' dir='ltr'>materies</span> <span class='ocrx_word' id='word_1_261' title='bbox 1791 1944 1954 1999; x_wconf 73' lang='lat' dir='ltr'>priuati</span> <span class='ocrx_word' id='word_1_262' title='bbox 1978 1944 2080 1985; x_wconf 77' lang='lat' dir='ltr'>iuris</span> 
     </span>
     <span class='ocr_line' id='line_1_29' title="bbox 250 2014 2081 2072; baseline 0.002 -17"><span class='ocrx_word' id='word_1_263' title='bbox 250 2017 330 2056; x_wconf 74' lang='lat' dir='ltr'>erit.</span> <span class='ocrx_word' id='word_1_264' title='bbox 389 2014 441 2055; x_wconf 82' lang='lat' dir='ltr'>Id</span> <span class='ocrx_word' id='word_1_265' title='bbox 472 2022 552 2057; x_wconf 89' lang='lat' dir='ltr'>est:</span> <span class='ocrx_word' id='word_1_266' title='bbox 597 2016 722 2057; x_wconf 85' lang='lat' dir='ltr'>etiam</span> <span class='ocrx_word' id='word_1_267' title='bbox 754 2016 866 2058; x_wconf 86' lang='lat' dir='ltr'>dicta</span> <span class='ocrx_word' id='word_1_268' title='bbox 895 2017 1106 2068; x_wconf 82' lang='lat' dir='ltr'>materies,</span> <span class='ocrx_word' id='word_1_269' title='bbox 1152 2017 1186 2059; x_wconf 91' lang='lat' dir='ltr'>si</span> <span class='ocrx_word' id='word_1_270' title='bbox 1217 2031 1310 2058; x_wconf 87' lang='lat' dir='ltr'>eam</span> <span class='ocrx_word' id='word_1_271' title='bbox 1342 2031 1437 2058; x_wconf 86' lang='lat' dir='ltr'>eum</span> <span class='ocrx_word' id='word_1_272' title='bbox 1467 2023 1555 2058; x_wconf 87' lang='lat' dir='ltr'>arte</span> <span class='ocrx_word' id='word_1_273' title='bbox 1599 2016 1728 2058; x_wconf 82' lang='lat' dir='ltr'>fueris</span> <span class='ocrx_word' id='word_1_274' title='bbox 1773 2016 2081 2072; x_wconf 80' lang='lat' dir='ltr'>interpretatus,</span> 
     </span>
     <span class='ocr_line' id='line_1_30' title="bbox 248 2089 2135 2146; baseline 0.002 -17"><span class='ocrx_word' id='word_1_275' title='bbox 248 2089 283 2129; x_wconf 87' lang='lat' dir='ltr'>si</span> <span class='ocrx_word' id='word_1_276' title='bbox 304 2103 387 2130; x_wconf 90' lang='lat' dir='ltr'>non</span> <span class='ocrx_word' id='word_1_277' title='bbox 408 2096 536 2131; x_wconf 84' lang='lat' dir='ltr'>totam</span> <span class='ocrx_word' id='word_1_278' title='bbox 568 2105 659 2131; x_wconf 86' lang='lat' dir='ltr'>eam</span> <span class='ocrx_word' id='word_1_279' title='bbox 680 2090 785 2132; x_wconf 86' lang='lat' dir='ltr'>uelis</span> <span class='ocrx_word' id='word_1_280' title='bbox 806 2090 1005 2146; x_wconf 84' lang='lat' dir='ltr'>persequi</span> <span class='ocrx_word' id='word_1_281' title='bbox 1027 2098 1067 2132; x_wconf 83' lang='lat' dir='ltr'>et</span> <span class='ocrx_word' id='word_1_282' title='bbox 1089 2090 1256 2146; x_wconf 80' lang='lat' dir='ltr'>singula</span> <span class='ocrx_word' id='word_1_283' title='bbox 1278 2089 1490 2132; x_wconf 88' lang='lat' dir='ltr'>communi</span> <span class='ocrx_word' id='word_1_284' title='bbox 1511 2090 1593 2132; x_wconf 82' lang='lat' dir='ltr'>fide</span> <span class='ocrx_word' id='word_1_285' title='bbox 1612 2090 1790 2140; x_wconf 84' lang='lat' dir='ltr'>imitari3</span> <span class='ocrx_word' id='word_1_286' title='bbox 1822 2105 1920 2132; x_wconf 88' lang='lat' dir='ltr'>nam</span> <span class='ocrx_word' id='word_1_287' title='bbox 1952 2104 2080 2146; x_wconf 88' lang='lat' dir='ltr'>quae·</span> <span class='ocrx_word' id='word_1_288' title='bbox 2134 2139 2135 2142; x_wconf 11' lang='grc' dir='ltr'><strong>Ἴ</strong></span> 
     </span>
    </p>
   </div>
   <div class='ocr_carea' id='block_1_8' title="bbox 243 2285 2132 2612">
    <p class='ocr_par' dir='ltr' id='par_1_13' title="bbox 243 2285 2132 2612">
     <span class='ocr_line' id='line_1_31' title="bbox 386 2285 2081 2328; baseline 0.001 -13"><span class='ocrx_word' id='word_1_289' title='bbox 386 2287 419 2325; x_wconf 85' lang='grc'>1)</span> <span class='ocrx_word' id='word_1_290' title='bbox 445 2285 481 2314; x_wconf 88' lang='lat' dir='ltr'>In</span> <span class='ocrx_word' id='word_1_291' title='bbox 507 2295 541 2315; x_wconf 82' lang='lat' dir='ltr'>se</span> <span class='ocrx_word' id='word_1_292' title='bbox 567 2303 607 2306; x_wconf 86' lang='lat'><strong>—</strong></span> <span class='ocrx_word' id='word_1_293' title='bbox 633 2289 778 2315; x_wconf 84' lang='lat' dir='ltr'>transeat</span> <span class='ocrx_word' id='word_1_294' title='bbox 804 2295 864 2315; x_wconf 89' lang='lat' dir='ltr'>om.</span> <span class='ocrx_word' id='word_1_295' title='bbox 891 2295 916 2327; x_wconf 76' lang='grc' dir='ltr'><strong>γ.</strong></span> <span class='ocrx_word' id='word_1_296' title='bbox 959 2286 1028 2315; x_wconf 74' lang='lat' dir='ltr'>Non</span> <span class='ocrx_word' id='word_1_297' title='bbox 1053 2290 1202 2316; x_wconf 80' lang='lat' dir='ltr'>transeas</span> <span class='ocrx_word' id='word_1_298' title='bbox 1228 2304 1270 2307; x_wconf 90' lang='lat'>-</span> <span class='ocrx_word' id='word_1_299' title='bbox 1297 2287 1391 2316; x_wconf 86' lang='lat' dir='ltr'>finias</span> <span class='ocrx_word' id='word_1_300' title='bbox 1427 2296 1454 2328; x_wconf 81' lang='grc' dir='ltr'><strong>γ.</strong></span> <span class='ocrx_word' id='word_1_301' title='bbox 1481 2287 1552 2316; x_wconf 88' lang='lat' dir='ltr'>rell.</span> <span class='ocrx_word' id='word_1_302' title='bbox 1580 2296 1636 2316; x_wconf 91' lang='lat' dir='ltr'>om.</span> <span class='ocrx_word' id='word_1_303' title='bbox 1704 2287 1739 2327; x_wconf 91' lang='lat'>3)</span> <span class='ocrx_word' id='word_1_304' title='bbox 1765 2285 1852 2316; x_wconf 85' lang='lat' dir='ltr'>Satis</span> <span class='ocrx_word' id='word_1_305' title='bbox 1877 2304 1919 2308; x_wconf 73' lang='lat'>—-</span> <span class='ocrx_word' id='word_1_306' title='bbox 1944 2286 2081 2317; x_wconf 82' lang='lat' dir='ltr'>dicentis</span> 
     </span>
     <span class='ocr_line' id='line_1_32' title="bbox 248 2342 2080 2384; baseline 0.001 -13"><span class='ocrx_word' id='word_1_307' title='bbox 248 2352 308 2371; x_wconf 90' lang='lat' dir='ltr'>om.</span> <span class='ocrx_word' id='word_1_308' title='bbox 333 2352 359 2383; x_wconf 80' lang='grc' dir='ltr'><strong>γ.</strong></span> <span class='ocrx_word' id='word_1_309' title='bbox 386 2342 455 2372; x_wconf 88' lang='lat' dir='ltr'>Hoc</span> <span class='ocrx_word' id='word_1_310' title='bbox 481 2360 522 2364; x_wconf 67' lang='lat'>—</span> <span class='ocrx_word' id='word_1_311' title='bbox 548 2343 657 2372; x_wconf 86' lang='lat' dir='ltr'>uerbis</span> <span class='ocrx_word' id='word_1_312' title='bbox 682 2352 708 2384; x_wconf 73' lang='grc' dir='ltr'><strong>γ.</strong></span> <span class='ocrx_word' id='word_1_313' title='bbox 735 2343 803 2372; x_wconf 87' lang='lat' dir='ltr'>rell.</span> <span class='ocrx_word' id='word_1_314' title='bbox 830 2352 889 2372; x_wconf 89' lang='lat' dir='ltr'>om.</span> <span class='ocrx_word' id='word_1_315' title='bbox 915 2343 946 2372; x_wconf 89' lang='lat' dir='ltr'>h.</span> <span class='ocrx_word' id='word_1_316' title='bbox 974 2344 995 2373; x_wconf 92' lang='lat' dir='ltr'>l.</span> <span class='ocrx_word' id='word_1_317' title='bbox 1022 2344 1098 2373; x_wconf 89' lang='lat' dir='ltr'>uide</span> <span class='ocrx_word' id='word_1_318' title='bbox 1123 2343 1211 2373; x_wconf 86' lang='lat' dir='ltr'>infra</span> <span class='ocrx_word' id='word_1_319' title='bbox 1235 2353 1266 2373; x_wconf 92' lang='lat' dir='ltr'>u.</span> <span class='ocrx_word' id='word_1_320' title='bbox 1298 2345 1370 2374; x_wconf 85' lang='lat'>128.</span> <span class='ocrx_word' id='word_1_321' title='bbox 1400 2344 1472 2374; x_wconf 87' lang='lat'>129.</span> <span class='ocrx_word' id='word_1_322' title='bbox 1532 2344 1568 2382; x_wconf 86' lang='lat'>4)</span> <span class='ocrx_word' id='word_1_323' title='bbox 1594 2352 1661 2382; x_wconf 84' lang='lat' dir='ltr'>cog.</span> <span class='ocrx_word' id='word_1_324' title='bbox 1687 2352 1750 2373; x_wconf 80' lang='lat' dir='ltr'>esse</span> <span class='ocrx_word' id='word_1_325' title='bbox 1773 2352 1821 2382; x_wconf 88' lang='lat' dir='ltr'>pr.</span> <span class='ocrx_word' id='word_1_326' title='bbox 1845 2344 1890 2373; x_wconf 84' lang='lat' dir='ltr'>di.</span> <span class='ocrx_word' id='word_1_327' title='bbox 1915 2353 1986 2376; x_wconf 83' lang='lat' dir='ltr'>vca.</span> <span class='ocrx_word' id='word_1_328' title='bbox 2012 2353 2080 2382; x_wconf 84' lang='lat' dir='ltr'>cog.</span> 
     </span>
     <span class='ocr_line' id='line_1_33' title="bbox 243 2399 2080 2442; baseline 0.002 -15"><span class='ocrx_word' id='word_1_329' title='bbox 243 2409 295 2437; x_wconf 76' lang='lat' dir='ltr'>pr.</span> <span class='ocrx_word' id='word_1_330' title='bbox 320 2408 381 2428; x_wconf 81' lang='lat' dir='ltr'>esse</span> <span class='ocrx_word' id='word_1_331' title='bbox 406 2400 449 2429; x_wconf 87' lang='lat' dir='ltr'>di.</span> <span class='ocrx_word' id='word_1_332' title='bbox 477 2410 502 2429; x_wconf 87' lang='lat' dir='ltr'>r.</span> <span class='ocrx_word' id='word_1_333' title='bbox 568 2400 602 2439; x_wconf 82' lang='grc' dir='ltr'><strong>ὓ)</strong></span> <span class='ocrx_word' id='word_1_334' title='bbox 628 2399 766 2438; x_wconf 74' lang='lat' dir='ltr'>quoniam</span> <span class='ocrx_word' id='word_1_335' title='bbox 791 2400 951 2429; x_wconf 83' lang='lat' dir='ltr'>intactum</span> <span class='ocrx_word' id='word_1_336' title='bbox 977 2400 1053 2438; x_wconf 87' lang='lat' dir='ltr'>(om.</span> <span class='ocrx_word' id='word_1_337' title='bbox 1081 2399 1145 2439; x_wconf 84' lang='lat' dir='ltr'>est)</span> <span class='ocrx_word' id='word_1_338' title='bbox 1171 2400 1245 2438; x_wconf 85' lang='lat' dir='ltr'>aliq.</span> <span class='ocrx_word' id='word_1_339' title='bbox 1271 2410 1297 2430; x_wconf 86' lang='lat' dir='ltr'>r.</span> <span class='ocrx_word' id='word_1_340' title='bbox 1364 2401 1397 2439; x_wconf 88' lang='lat'>7)</span> <span class='ocrx_word' id='word_1_341' title='bbox 1425 2410 1499 2430; x_wconf 85' lang='lat' dir='ltr'>cum</span> <span class='ocrx_word' id='word_1_342' title='bbox 1523 2410 1583 2430; x_wconf 89' lang='lat' dir='ltr'>om.</span> <span class='ocrx_word' id='word_1_343' title='bbox 1608 2409 1635 2442; x_wconf 84' lang='grc' dir='ltr'><strong>γ.</strong></span> <span class='ocrx_word' id='word_1_344' title='bbox 1662 2417 1704 2420; x_wconf 91' lang='lat'>-—-</span> <span class='ocrx_word' id='word_1_345' title='bbox 1729 2399 1790 2430; x_wconf 82' lang='grc' dir='ltr'>αἶὶο</span> <span class='ocrx_word' id='word_1_346' title='bbox 1815 2400 1852 2429; x_wconf 79' lang='lat' dir='ltr'>fit</span> <span class='ocrx_word' id='word_1_347' title='bbox 1875 2400 1916 2430; x_wconf 89' lang='lat' dir='ltr'>N.</span> <span class='ocrx_word' id='word_1_348' title='bbox 1946 2401 1990 2430; x_wconf 83' lang='lat' dir='ltr'>sit</span> <span class='ocrx_word' id='word_1_349' title='bbox 2015 2409 2080 2431; x_wconf 83' lang='lat' dir='ltr'>rea.</span> 
     </span>
     <span class='ocr_line' id='line_1_34' title="bbox 250 2456 2132 2496; baseline 0.001 -12"><span class='ocrx_word' id='word_1_350' title='bbox 250 2457 284 2493; x_wconf 80' lang='lat'>8)</span> <span class='ocrx_word' id='word_1_351' title='bbox 311 2457 391 2485; x_wconf 88' lang='lat' dir='ltr'>conf.</span> <span class='ocrx_word' id='word_1_352' title='bbox 420 2456 464 2486; x_wconf 87' lang='lat' dir='ltr'>C:</span> <span class='ocrx_word' id='word_1_353' title='bbox 502 2457 577 2486; x_wconf 87' lang='lat' dir='ltr'>‘non</span> <span class='ocrx_word' id='word_1_354' title='bbox 602 2460 678 2486; x_wconf 87' lang='lat' dir='ltr'>ante</span> <span class='ocrx_word' id='word_1_355' title='bbox 704 2457 792 2486; x_wconf 84' lang='lat' dir='ltr'>dicta</span> <span class='ocrx_word' id='word_1_356' title='bbox 816 2467 836 2486; x_wconf 84' lang='lat' dir='ltr'><em>a</em></span> <span class='ocrx_word' id='word_1_357' title='bbox 859 2466 1013 2496; x_wconf 69' lang='lat' dir='ltr'>quoquam,</span> <span class='ocrx_word' id='word_1_358' title='bbox 1051 2466 1126 2496; x_wconf 79' lang='lat' dir='ltr'>quae</span> <span class='ocrx_word' id='word_1_359' title='bbox 1159 2461 1262 2495; x_wconf 67' lang='lat' dir='ltr'>patent</span> <span class='ocrx_word' id='word_1_360' title='bbox 1297 2456 1441 2494; x_wconf 79' lang='lat' dir='ltr'>omnibus,</span> <span class='ocrx_word' id='word_1_361' title='bbox 1479 2456 1748 2495; x_wconf 85' lang='lat' dir='ltr'>quemadmodum</span> <span class='ocrx_word' id='word_1_362' title='bbox 1786 2456 1897 2486; x_wconf 83' lang='lat' dir='ltr'>domus</span> <span class='ocrx_word' id='word_1_363' title='bbox 1924 2474 1960 2478; x_wconf 83' lang='lat'>—</span> <span class='ocrx_word' id='word_1_364' title='bbox 1991 2457 2080 2486; x_wconf 81' lang='lat' dir='ltr'>dicta</span> <span class='ocrx_word' id='word_1_365' title='bbox 2129 2486 2132 2492; x_wconf 69' lang='grc'>,</span> 
     </span>
     <span class='ocr_line' id='line_1_35' title="bbox 249 2513 2081 2554; baseline 0 -12"><span class='ocrx_word' id='word_1_366' title='bbox 249 2513 448 2542; x_wconf 67' lang='grc' dir='ltr'>υοωῐηιιιῑίε.’</span> <span class='ocrx_word' id='word_1_367' title='bbox 476 2514 598 2543; x_wconf 86' lang='lat' dir='ltr'>dictum</span> <span class='ocrx_word' id='word_1_368' title='bbox 625 2531 667 2534; x_wconf 83' lang='lat'><strong>—</strong></span> <span class='ocrx_word' id='word_1_369' title='bbox 693 2514 770 2552; x_wconf 82' lang='lat' dir='ltr'>quid</span> <span class='ocrx_word' id='word_1_370' title='bbox 797 2524 856 2545; x_wconf 89' lang='lat' dir='ltr'>om.</span> <span class='ocrx_word' id='word_1_371' title='bbox 883 2523 899 2554; x_wconf 81' lang='grc' dir='ltr'>γ</span> <span class='ocrx_word' id='word_1_372' title='bbox 925 2518 957 2543; x_wconf 61' lang='lat' dir='ltr'>et.</span> <span class='ocrx_word' id='word_1_373' title='bbox 982 2524 1012 2551; x_wconf 85' lang='lat' dir='ltr'>v,</span> <span class='ocrx_word' id='word_1_374' title='bbox 1040 2523 1120 2552; x_wconf 84' lang='lat' dir='ltr'>quae</span> <span class='ocrx_word' id='word_1_375' title='bbox 1146 2514 1262 2544; x_wconf 84' lang='lat' dir='ltr'>habet:</span> <span class='ocrx_word' id='word_1_376' title='bbox 1299 2513 1388 2552; x_wconf 72' lang='lat' dir='ltr'>quasi</span> <span class='ocrx_word' id='word_1_377' title='bbox 1411 2514 1518 2552; x_wconf 86' lang='lat' dir='ltr'>siquid</span> <span class='ocrx_word' id='word_1_378' title='bbox 1543 2514 1670 2543; x_wconf 84' lang='lat' dir='ltr'>dixeris</span> <span class='ocrx_word' id='word_1_379' title='bbox 1695 2517 1787 2543; x_wconf 87' lang='lat' dir='ltr'>tuum</span> <span class='ocrx_word' id='word_1_380' title='bbox 1821 2517 1890 2543; x_wconf 78' lang='lat' dir='ltr'>ante</span> <span class='ocrx_word' id='word_1_381' title='bbox 1925 2517 1975 2543; x_wconf 83' lang='lat' dir='ltr'>est</span> <span class='ocrx_word' id='word_1_382' title='bbox 2010 2522 2081 2551; x_wconf 87' lang='lat' dir='ltr'>pro-</span> 
     </span>
     <span class='ocr_line' id='line_1_36' title="bbox 250 2569 2125 2612; baseline -0.001 -13"><span class='ocrx_word' id='word_1_383' title='bbox 250 2571 374 2607; x_wconf 59' lang='lat' dir='ltr'>prium!</span> <span class='ocrx_word' id='word_1_384' title='bbox 401 2570 487 2609; x_wconf 75' lang='lat' dir='ltr'>quasi</span> <span class='ocrx_word' id='word_1_385' title='bbox 511 2571 617 2609; x_wconf 80' lang='lat' dir='ltr'>siquid</span> <span class='ocrx_word' id='word_1_386' title='bbox 641 2572 710 2607; x_wconf 61' lang='lat' dir='ltr'>N7r.</span> <span class='ocrx_word' id='word_1_387' title='bbox 778 2571 811 2608; x_wconf 84' lang='lat'>9)</span> <span class='ocrx_word' id='word_1_388' title='bbox 839 2571 964 2600; x_wconf 82' lang='lat' dir='ltr'>dixeris</span> <span class='ocrx_word' id='word_1_389' title='bbox 993 2575 1074 2600; x_wconf 81' lang='lat' dir='ltr'>tuum</span> <span class='ocrx_word' id='word_1_390' title='bbox 1098 2579 1160 2600; x_wconf 82' lang='lat' dir='ltr'>esse</span> <span class='ocrx_word' id='word_1_391' title='bbox 1184 2575 1210 2600; x_wconf 73' lang='lat' dir='ltr'>et</span> <span class='ocrx_word' id='word_1_392' title='bbox 1235 2574 1284 2600; x_wconf 87' lang='lat' dir='ltr'>est</span> <span class='ocrx_word' id='word_1_393' title='bbox 1311 2580 1399 2610; x_wconf 87' lang='lat' dir='ltr'>prop.</span> <span class='ocrx_word' id='word_1_394' title='bbox 1425 2581 1449 2600; x_wconf 86' lang='lat' dir='ltr'>r.</span> <span class='ocrx_word' id='word_1_395' title='bbox 1515 2571 1570 2609; x_wconf 89' lang='lat'>10)</span> <span class='ocrx_word' id='word_1_396' title='bbox 1597 2570 1662 2600; x_wconf 81' lang='lat' dir='ltr'>sint</span> <span class='ocrx_word' id='word_1_397' title='bbox 1685 2579 1712 2612; x_wconf 82' lang='grc' dir='ltr'><strong>γ.</strong></span> <span class='ocrx_word' id='word_1_398' title='bbox 1737 2570 1807 2599; x_wconf 88' lang='lat' dir='ltr'>rell.</span> <span class='ocrx_word' id='word_1_399' title='bbox 1834 2574 1917 2600; x_wconf 82' lang='lat' dir='ltr'>sunt.</span> <span class='ocrx_word' id='word_1_400' title='bbox 1943 2573 2018 2608; x_wconf 81' lang='lat' dir='ltr'>apta</span> <span class='ocrx_word' id='word_1_401' title='bbox 2040 2569 2080 2598; x_wconf 90' lang='lat' dir='ltr'>X.</span> <span class='ocrx_word' id='word_1_402' title='bbox 2123 2581 2125 2589; x_wconf 78' lang='lat'>.</span> 
     </span>
    </p>
   </div>
   <div class='ocr_carea' id='block_1_9' title="bbox 249 2626 2125 3175">
    <p class='ocr_par' dir='ltr' id='par_1_14' title="bbox 249 2626 2125 3175">
     <span class='ocr_line' id='line_1_37' title="bbox 249 2626 2123 2670; baseline 0.001 -15"><span class='ocrx_word' id='word_1_403' title='bbox 249 2631 363 2665; x_wconf 73' lang='lat' dir='ltr'>aperta</span> <span class='ocrx_word' id='word_1_404' title='bbox 387 2637 412 2657; x_wconf 91' lang='lat' dir='ltr'>r.</span> <span class='ocrx_word' id='word_1_405' title='bbox 465 2628 520 2666; x_wconf 90' lang='grc'>11)</span> <span class='ocrx_word' id='word_1_406' title='bbox 547 2632 581 2656; x_wconf 86' lang='lat' dir='ltr'>ut</span> <span class='ocrx_word' id='word_1_407' title='bbox 607 2637 666 2657; x_wconf 90' lang='lat' dir='ltr'>om.</span> <span class='ocrx_word' id='word_1_408' title='bbox 693 2626 739 2656; x_wconf 81' lang='lat' dir='ltr'>fh.</span> <span class='ocrx_word' id='word_1_409' title='bbox 766 2645 807 2647; x_wconf 97' lang='lat'><strong>—</strong></span> <span class='ocrx_word' id='word_1_410' title='bbox 833 2632 889 2657; x_wconf 81' lang='lat' dir='ltr'>aut</span> <span class='ocrx_word' id='word_1_411' title='bbox 911 2637 940 2669; x_wconf 80' lang='grc' dir='ltr'><strong>γ.</strong></span> <span class='ocrx_word' id='word_1_412' title='bbox 966 2627 1038 2657; x_wconf 86' lang='lat' dir='ltr'>rell.</span> <span class='ocrx_word' id='word_1_413' title='bbox 1065 2628 1127 2657; x_wconf 89' lang='lat' dir='ltr'>uel.</span> <span class='ocrx_word' id='word_1_414' title='bbox 1179 2628 1235 2668; x_wconf 86' lang='lat'>12)</span> <span class='ocrx_word' id='word_1_415' title='bbox 1260 2631 1433 2666; x_wconf 85' lang='lat' dir='ltr'>occupatus</span> <span class='ocrx_word' id='word_1_416' title='bbox 1450 2643 1494 2648; x_wconf 86' lang='lat'>—-</span> <span class='ocrx_word' id='word_1_417' title='bbox 1511 2627 1687 2657; x_wconf 75' lang='lat' dir='ltr'>communis</span> <span class='ocrx_word' id='word_1_418' title='bbox 1714 2636 1774 2657; x_wconf 90' lang='lat' dir='ltr'>om.</span> <span class='ocrx_word' id='word_1_419' title='bbox 1799 2635 1826 2668; x_wconf 81' lang='grc' dir='ltr'><strong>γ.</strong></span> <span class='ocrx_word' id='word_1_420' title='bbox 1852 2644 1895 2647; x_wconf 82' lang='lat'>——</span> <span class='ocrx_word' id='word_1_421' title='bbox 1920 2636 1935 2655; x_wconf 91' lang='lat' dir='ltr'>r</span> <span class='ocrx_word' id='word_1_422' title='bbox 1959 2627 2087 2657; x_wconf 77' lang='lat' dir='ltr'>scholio</span> <span class='ocrx_word' id='word_1_423' title='bbox 2122 2667 2123 2670; x_wconf 13' lang='grc' dir='ltr'><strong>Ἰ</strong></span> 
     </span>
     <span class='ocr_line' id='line_1_38' title="bbox 249 2681 2125 2726; baseline 0.002 -16"><span class='ocrx_word' id='word_1_424' title='bbox 249 2683 415 2721; x_wconf 77' lang='lat' dir='ltr'>adiungit:</span> <span class='ocrx_word' id='word_1_425' title='bbox 442 2684 529 2713; x_wconf 82' lang='lat' dir='ltr'>dicta</span> <span class='ocrx_word' id='word_1_426' title='bbox 554 2693 628 2713; x_wconf 81' lang='lat' dir='ltr'>uero</span> <span class='ocrx_word' id='word_1_427' title='bbox 654 2684 793 2721; x_wconf 83' lang='lat' dir='ltr'>priuata.</span> <span class='ocrx_word' id='word_1_428' title='bbox 861 2682 916 2722; x_wconf 85' lang='lat'>14)</span> <span class='ocrx_word' id='word_1_429' title='bbox 941 2684 1010 2714; x_wconf 82' lang='lat' dir='ltr'>Hoc</span> <span class='ocrx_word' id='word_1_430' title='bbox 1035 2701 1078 2705; x_wconf 87' lang='lat'>—-</span> <span class='ocrx_word' id='word_1_431' title='bbox 1103 2685 1211 2714; x_wconf 85' lang='lat' dir='ltr'>uerbis</span> <span class='ocrx_word' id='word_1_432' title='bbox 1237 2695 1298 2715; x_wconf 92' lang='lat' dir='ltr'>om.</span> <span class='ocrx_word' id='word_1_433' title='bbox 1323 2694 1349 2726; x_wconf 80' lang='grc' dir='ltr'><strong>γ.</strong></span> <span class='ocrx_word' id='word_1_434' title='bbox 1375 2685 1406 2713; x_wconf 86' lang='lat' dir='ltr'>h.</span> <span class='ocrx_word' id='word_1_435' title='bbox 1433 2685 1454 2714; x_wconf 93' lang='lat' dir='ltr'>l.</span> <span class='ocrx_word' id='word_1_436' title='bbox 1479 2684 1554 2713; x_wconf 86' lang='lat' dir='ltr'>uide</span> <span class='ocrx_word' id='word_1_437' title='bbox 1580 2693 1688 2722; x_wconf 84' lang='lat' dir='ltr'>supra,</span> <span class='ocrx_word' id='word_1_438' title='bbox 1726 2687 1758 2713; x_wconf 82' lang='lat' dir='ltr'>et</span> <span class='ocrx_word' id='word_1_439' title='bbox 1781 2681 1972 2720; x_wconf 86' lang='lat' dir='ltr'>NXG‚rvca.</span> <span class='ocrx_word' id='word_1_440' title='bbox 2024 2682 2078 2722; x_wconf 85' lang='lat'>15)</span> <span class='ocrx_word' id='word_1_441' title='bbox 2124 2687 2125 2690; x_wconf 77' lang='grc'>’</span> 
     </span>
     <span class='ocr_line' id='line_1_39' title="bbox 249 2738 2078 2781; baseline 0.001 -13"><span class='ocrx_word' id='word_1_442' title='bbox 249 2739 365 2769; x_wconf 76' lang='lat' dir='ltr'>Melius</span> <span class='ocrx_word' id='word_1_443' title='bbox 392 2741 425 2769; x_wconf 89' lang='lat' dir='ltr'>in</span> <span class='ocrx_word' id='word_1_444' title='bbox 452 2740 560 2769; x_wconf 80' lang='lat' dir='ltr'>fabula</span> <span class='ocrx_word' id='word_1_445' title='bbox 585 2741 624 2770; x_wconf 83' lang='lat' dir='ltr'>ab</span> <span class='ocrx_word' id='word_1_446' title='bbox 650 2740 788 2779; x_wconf 84' lang='lat' dir='ltr'>agendo.</span> <span class='ocrx_word' id='word_1_447' title='bbox 814 2749 839 2781; x_wconf 76' lang='grc' dir='ltr'><strong>γ.</strong></span> <span class='ocrx_word' id='word_1_448' title='bbox 879 2741 1058 2779; x_wconf 86' lang='lat' dir='ltr'>interposui</span> <span class='ocrx_word' id='word_1_449' title='bbox 1084 2741 1200 2771; x_wconf 82' lang='lat' dir='ltr'>lemma</span> <span class='ocrx_word' id='word_1_450' title='bbox 1224 2745 1318 2771; x_wconf 76' lang='lat' dir='ltr'>actus.</span> <span class='ocrx_word' id='word_1_451' title='bbox 1350 2740 1432 2771; x_wconf 87' lang='lat' dir='ltr'>conf.</span> <span class='ocrx_word' id='word_1_452' title='bbox 1461 2739 1503 2770; x_wconf 86' lang='lat' dir='ltr'>C:</span> <span class='ocrx_word' id='word_1_453' title='bbox 1526 2749 1585 2778; x_wconf 79' lang='lat' dir='ltr'>pro</span> <span class='ocrx_word' id='word_1_454' title='bbox 1610 2740 1733 2778; x_wconf 79' lang='lat' dir='ltr'>fabula,</span> <span class='ocrx_word' id='word_1_455' title='bbox 1770 2741 1809 2769; x_wconf 79' lang='lat' dir='ltr'>ab</span> <span class='ocrx_word' id='word_1_456' title='bbox 1834 2740 1972 2778; x_wconf 83' lang='lat' dir='ltr'>agendo.</span> <span class='ocrx_word' id='word_1_457' title='bbox 1998 2738 2078 2774; x_wconf 86' lang='lat' dir='ltr'>th·</span> 
     </span>
     <span class='ocr_line' id='line_1_40' title="bbox 251 2795 2080 2836; baseline 0.001 -12"><span class='ocrx_word' id='word_1_458' title='bbox 251 2797 317 2825; x_wconf 77' lang='lat' dir='ltr'>‘sed</span> <span class='ocrx_word' id='word_1_459' title='bbox 342 2801 378 2826; x_wconf 87' lang='lat' dir='ltr'>tu</span> <span class='ocrx_word' id='word_1_460' title='bbox 404 2797 481 2836; x_wconf 82' lang='lat'>(0111.</span> <span class='ocrx_word' id='word_1_461' title='bbox 509 2796 553 2835; x_wconf 82' lang='lat' dir='ltr'>Q)</span> <span class='ocrx_word' id='word_1_462' title='bbox 580 2797 695 2827; x_wconf 86' lang='lat' dir='ltr'>melius</span> <span class='ocrx_word' id='word_1_463' title='bbox 721 2797 808 2826; x_wconf 83' lang='lat' dir='ltr'>dices</span> <span class='ocrx_word' id='word_1_464' title='bbox 834 2796 966 2834; x_wconf 67' lang='lat' dir='ltr'>usitata,</span> <span class='ocrx_word' id='word_1_465' title='bbox 993 2806 1035 2826; x_wconf 76' lang='lat' dir='ltr'>ex</span> <span class='ocrx_word' id='word_1_466' title='bbox 1061 2796 1191 2834; x_wconf 76' lang='lat' dir='ltr'>fabulis,</span> <span class='ocrx_word' id='word_1_467' title='bbox 1217 2806 1308 2836; x_wconf 78' lang='lat' dir='ltr'>neque</span> <span class='ocrx_word' id='word_1_468' title='bbox 1335 2798 1437 2828; x_wconf 89' lang='lat' dir='ltr'>solum</span> <span class='ocrx_word' id='word_1_469' title='bbox 1462 2796 1600 2834; x_wconf 80' lang='lat' dir='ltr'>facilius,</span> <span class='ocrx_word' id='word_1_470' title='bbox 1637 2797 1692 2826; x_wconf 85' lang='lat' dir='ltr'>sed</span> <span class='ocrx_word' id='word_1_471' title='bbox 1719 2795 1763 2834; x_wconf 81' lang='lat' dir='ltr'>(Q</span> <span class='ocrx_word' id='word_1_472' title='bbox 1787 2797 1923 2835; x_wconf 86' lang='lat' dir='ltr'>interpo.</span> <span class='ocrx_word' id='word_1_473' title='bbox 1950 2795 1998 2834; x_wconf 84' lang='lat' dir='ltr'>et)</span> <span class='ocrx_word' id='word_1_474' title='bbox 2024 2795 2080 2826; x_wconf 92' lang='lat' dir='ltr'>ho-</span> 
     </span>
     <span class='ocr_line' id='line_1_41' title="bbox 251 2852 2106 2895; baseline 0.001 -15"><span class='ocrx_word' id='word_1_475' title='bbox 251 2853 382 2882; x_wconf 74' lang='lat' dir='ltr'>nestius.</span> <span class='ocrx_word' id='word_1_476' title='bbox 410 2854 478 2882; x_wconf 82' lang='lat' dir='ltr'>rell.</span> <span class='ocrx_word' id='word_1_477' title='bbox 507 2863 567 2883; x_wconf 88' lang='lat' dir='ltr'>om.</span> <span class='ocrx_word' id='word_1_478' title='bbox 594 2858 693 2884; x_wconf 83' lang='lat' dir='ltr'>totum</span> <span class='ocrx_word' id='word_1_479' title='bbox 720 2854 820 2883; x_wconf 87' lang='lat' dir='ltr'>schol.</span> <span class='ocrx_word' id='word_1_480' title='bbox 872 2854 927 2893; x_wconf 83' lang='grc'>17)</span> <span class='ocrx_word' id='word_1_481' title='bbox 957 2852 1164 2883; x_wconf 82' lang='lat' dir='ltr'>Comoediam</span> <span class='ocrx_word' id='word_1_482' title='bbox 1194 2872 1229 2875; x_wconf 88' lang='lat'>——</span> <span class='ocrx_word' id='word_1_483' title='bbox 1258 2855 1372 2892; x_wconf 82' lang='lat' dir='ltr'>ignota</span> <span class='ocrx_word' id='word_1_484' title='bbox 1396 2853 1471 2889; x_wconf 83' lang='lat' dir='ltr'>th.</span> <span class='ocrx_word' id='word_1_485' title='bbox 1498 2864 1559 2886; x_wconf 84' lang='lat' dir='ltr'>om.</span> <span class='ocrx_word' id='word_1_486' title='bbox 1584 2863 1602 2895; x_wconf 83' lang='grc' dir='ltr'>γ</span> <span class='ocrx_word' id='word_1_487' title='bbox 1626 2858 1659 2883; x_wconf 85' lang='lat' dir='ltr'>et</span> <span class='ocrx_word' id='word_1_488' title='bbox 1683 2853 1752 2882; x_wconf 84' lang='lat' dir='ltr'>rell.</span> <span class='ocrx_word' id='word_1_489' title='bbox 1815 2852 1869 2891; x_wconf 88' lang='lat'>18)</span> <span class='ocrx_word' id='word_1_490' title='bbox 1897 2852 2000 2882; x_wconf 86' lang='lat' dir='ltr'>Elicis</span> <span class='ocrx_word' id='word_1_491' title='bbox 2025 2854 2081 2881; x_wconf 73' lang='lat' dir='ltr'>aut</span> <span class='ocrx_word' id='word_1_492' title='bbox 2105 2878 2106 2881; x_wconf 73' lang='grc'>,</span> 
     </span>
     <span class='ocr_line' id='line_1_42' title="bbox 251 2909 2081 2951; baseline 0.001 -14"><span class='ocrx_word' id='word_1_493' title='bbox 251 2914 290 2938; x_wconf 85' lang='lat' dir='ltr'>tr.</span> <span class='ocrx_word' id='word_1_494' title='bbox 317 2910 432 2939; x_wconf 75' lang='lat' dir='ltr'>scribis</span> <span class='ocrx_word' id='word_1_495' title='bbox 458 2920 483 2951; x_wconf 73' lang='grc' dir='ltr'><strong>γ.</strong></span> <span class='ocrx_word' id='word_1_496' title='bbox 512 2911 580 2939; x_wconf 87' lang='lat' dir='ltr'>rell.</span> <span class='ocrx_word' id='word_1_497' title='bbox 608 2920 668 2940; x_wconf 88' lang='lat' dir='ltr'>om.</span> <span class='ocrx_word' id='word_1_498' title='bbox 705 2911 788 2940; x_wconf 89' lang='lat' dir='ltr'>conf.</span> <span class='ocrx_word' id='word_1_499' title='bbox 815 2910 855 2940; x_wconf 85' lang='lat' dir='ltr'>C:</span> <span class='ocrx_word' id='word_1_500' title='bbox 884 2928 922 2931; x_wconf 80' lang='lat'>——</span> <span class='ocrx_word' id='word_1_501' title='bbox 951 2911 1066 2940; x_wconf 84' lang='lat' dir='ltr'>scribis</span> <span class='ocrx_word' id='word_1_502' title='bbox 1080 2910 1226 2949; x_wconf 76' lang='lat' dir='ltr'>fabulam</span> <span class='ocrx_word' id='word_1_503' title='bbox 1251 2915 1308 2941; x_wconf 83' lang='lat' dir='ltr'>aut</span> <span class='ocrx_word' id='word_1_504' title='bbox 1332 2912 1544 2951; x_wconf 82' lang='lat' dir='ltr'>tragoediam.</span> <span class='ocrx_word' id='word_1_505' title='bbox 1570 2910 1640 2940; x_wconf 81' lang='lat' dir='ltr'>rell.</span> <span class='ocrx_word' id='word_1_506' title='bbox 1669 2919 1731 2939; x_wconf 86' lang='lat' dir='ltr'>om.</span> <span class='ocrx_word' id='word_1_507' title='bbox 1798 2911 1852 2949; x_wconf 89' lang='grc'><strong>19)</strong></span> <span class='ocrx_word' id='word_1_508' title='bbox 1877 2909 2010 2939; x_wconf 85' lang='lat' dir='ltr'>Lemma</span> <span class='ocrx_word' id='word_1_509' title='bbox 2033 2909 2081 2938; x_wconf 88' lang='lat' dir='ltr'>in-</span> 
     </span>
     <span class='ocr_line' id='line_1_43' title="bbox 251 2966 2083 3009; baseline 0 -15"><span class='ocrx_word' id='word_1_510' title='bbox 251 2967 405 3003; x_wconf 83' lang='lat' dir='ltr'>terposui.</span> <span class='ocrx_word' id='word_1_511' title='bbox 432 2967 467 2995; x_wconf 82' lang='lat' dir='ltr'>Id</span> <span class='ocrx_word' id='word_1_512' title='bbox 493 2972 541 2996; x_wconf 79' lang='lat' dir='ltr'>est</span> <span class='ocrx_word' id='word_1_513' title='bbox 570 2985 606 2988; x_wconf 48' lang='grc' dir='ltr'>-ν-</span> <span class='ocrx_word' id='word_1_514' title='bbox 635 2969 746 3006; x_wconf 82' lang='lat' dir='ltr'>ignota</span> <span class='ocrx_word' id='word_1_515' title='bbox 769 2977 796 3009; x_wconf 84' lang='grc' dir='ltr'><strong>γ.</strong></span> <span class='ocrx_word' id='word_1_516' title='bbox 822 2967 890 2997; x_wconf 87' lang='lat' dir='ltr'>rell.</span> <span class='ocrx_word' id='word_1_517' title='bbox 917 2977 978 2998; x_wconf 88' lang='lat' dir='ltr'>om.</span> <span class='ocrx_word' id='word_1_518' title='bbox 1028 2967 1085 3006; x_wconf 92' lang='lat'>21)</span> <span class='ocrx_word' id='word_1_519' title='bbox 1112 2967 1253 2998; x_wconf 83' lang='lat' dir='ltr'>Materia</span> <span class='ocrx_word' id='word_1_520' title='bbox 1278 2978 1337 2998; x_wconf 89' lang='lat' dir='ltr'>om.</span> <span class='ocrx_word' id='word_1_521' title='bbox 1366 2968 1404 3004; x_wconf 83' lang='lat' dir='ltr'>Q.</span> <span class='ocrx_word' id='word_1_522' title='bbox 1428 2968 1489 2998; x_wconf 82' lang='lat' dir='ltr'>iam</span> <span class='ocrx_word' id='word_1_523' title='bbox 1513 2968 1570 2997; x_wconf 85' lang='lat' dir='ltr'>alt.</span> <span class='ocrx_word' id='word_1_524' title='bbox 1595 2976 1623 3009; x_wconf 83' lang='grc' dir='ltr'>γ.</span> <span class='ocrx_word' id='word_1_525' title='bbox 1648 2967 1718 2996; x_wconf 86' lang='lat' dir='ltr'>rell.</span> <span class='ocrx_word' id='word_1_526' title='bbox 1744 2974 1804 2996; x_wconf 91' lang='lat' dir='ltr'>om.</span> <span class='ocrx_word' id='word_1_527' title='bbox 1839 2966 1879 2995; x_wconf 82' lang='lat' dir='ltr'>ab</span> <span class='ocrx_word' id='word_1_528' title='bbox 1904 2966 1968 2996; x_wconf 86' lang='lat' dir='ltr'>alio</span> <span class='ocrx_word' id='word_1_529' title='bbox 1995 2966 2083 2995; x_wconf 79' lang='lat' dir='ltr'>edita</span> 
     </span>
     <span class='ocr_line' id='line_1_44' title="bbox 252 3021 2079 3065; baseline 0.001 -16"><span class='ocrx_word' id='word_1_530' title='bbox 252 3031 278 3062; x_wconf 74' lang='grc' dir='ltr'><strong>γ.</strong></span> <span class='ocrx_word' id='word_1_531' title='bbox 305 3022 374 3050; x_wconf 84' lang='lat' dir='ltr'>rell.</span> <span class='ocrx_word' id='word_1_532' title='bbox 403 3023 441 3051; x_wconf 83' lang='lat' dir='ltr'>ab</span> <span class='ocrx_word' id='word_1_533' title='bbox 468 3023 576 3060; x_wconf 84' lang='lat' dir='ltr'>aliquo</span> <span class='ocrx_word' id='word_1_534' title='bbox 603 3024 775 3061; x_wconf 82' lang='lat' dir='ltr'>descripta.</span> <span class='ocrx_word' id='word_1_535' title='bbox 840 3024 898 3063; x_wconf 88' lang='lat'>22)</span> <span class='ocrx_word' id='word_1_536' title='bbox 923 3024 976 3053; x_wconf 87' lang='lat' dir='ltr'>hic</span> <span class='ocrx_word' id='word_1_537' title='bbox 1001 3033 1028 3065; x_wconf 83' lang='grc' dir='ltr'><strong>γ.</strong></span> <span class='ocrx_word' id='word_1_538' title='bbox 1054 3024 1124 3052; x_wconf 83' lang='lat' dir='ltr'>rell.</span> <span class='ocrx_word' id='word_1_539' title='bbox 1151 3034 1213 3053; x_wconf 85' lang='lat' dir='ltr'>om.</span> <span class='ocrx_word' id='word_1_540' title='bbox 1243 3023 1361 3054; x_wconf 84' lang='lat' dir='ltr'>Sensus</span> <span class='ocrx_word' id='word_1_541' title='bbox 1386 3029 1430 3054; x_wconf 69' lang='lat' dir='ltr'>esc</span> <span class='ocrx_word' id='word_1_542' title='bbox 1451 3022 1571 3061; x_wconf 82' lang='lat' dir='ltr'>N‚th.</span> <span class='ocrx_word' id='word_1_543' title='bbox 1598 3023 1668 3052; x_wconf 78' lang='lat' dir='ltr'>rell.</span> <span class='ocrx_word' id='word_1_544' title='bbox 1694 3021 1825 3052; x_wconf 85' lang='lat' dir='ltr'>Sensus.</span> <span class='ocrx_word' id='word_1_545' title='bbox 1890 3023 1945 3060; x_wconf 83' lang='lat'>23)</span> <span class='ocrx_word' id='word_1_546' title='bbox 1971 3026 2029 3051; x_wconf 81' lang='lat' dir='ltr'>tum</span> <span class='ocrx_word' id='word_1_547' title='bbox 2051 3030 2079 3064; x_wconf 82' lang='grc' dir='ltr'><strong>γ.</strong></span> 
     </span>
     <span class='ocr_line' id='line_1_45' title="bbox 254 3078 2081 3122; baseline 0.001 -16"><span class='ocrx_word' id='word_1_548' title='bbox 254 3088 336 3108; x_wconf 79' lang='lat' dir='ltr'>nunc</span> <span class='ocrx_word' id='word_1_549' title='bbox 354 3078 398 3108; x_wconf 78' lang='lat' dir='ltr'>fh.</span> <span class='ocrx_word' id='word_1_550' title='bbox 426 3080 494 3108; x_wconf 84' lang='lat' dir='ltr'>rell.</span> <span class='ocrx_word' id='word_1_551' title='bbox 520 3083 597 3109; x_wconf 67' lang='lat' dir='ltr'>teme.</span> <span class='ocrx_word' id='word_1_552' title='bbox 626 3098 667 3100; x_wconf 80' lang='lat'>—</span> <span class='ocrx_word' id='word_1_553' title='bbox 694 3090 765 3110; x_wconf 82' lang='lat' dir='ltr'>esse</span> <span class='ocrx_word' id='word_1_554' title='bbox 790 3091 851 3110; x_wconf 88' lang='lat' dir='ltr'>om.</span> <span class='ocrx_word' id='word_1_555' title='bbox 878 3090 904 3120; x_wconf 76' lang='grc' dir='ltr'>γ.</span> <span class='ocrx_word' id='word_1_556' title='bbox 964 3080 1021 3119; x_wconf 80' lang='lat'>24)</span> <span class='ocrx_word' id='word_1_557' title='bbox 1048 3079 1155 3110; x_wconf 83' lang='lat' dir='ltr'>Aliter</span> <span class='ocrx_word' id='word_1_558' title='bbox 1181 3098 1223 3102; x_wconf 69' lang='lat'>—-</span> <span class='ocrx_word' id='word_1_559' title='bbox 1249 3081 1277 3110; x_wconf 87' lang='lat' dir='ltr'>si</span> <span class='ocrx_word' id='word_1_560' title='bbox 1301 3090 1328 3122; x_wconf 73' lang='grc' dir='ltr'><strong>γ.</strong></span> <span class='ocrx_word' id='word_1_561' title='bbox 1354 3082 1424 3111; x_wconf 89' lang='lat' dir='ltr'>rell.</span> <span class='ocrx_word' id='word_1_562' title='bbox 1450 3081 1487 3110; x_wconf 84' lang='lat' dir='ltr'>Id</span> <span class='ocrx_word' id='word_1_563' title='bbox 1514 3080 1610 3110; x_wconf 84' lang='lat' dir='ltr'>etiam</span> <span class='ocrx_word' id='word_1_564' title='bbox 1634 3097 1676 3100; x_wconf 78' lang='lat'>--</span> <span class='ocrx_word' id='word_1_565' title='bbox 1703 3079 1741 3109; x_wconf 81' lang='lat' dir='ltr'>si.</span> <span class='ocrx_word' id='word_1_566' title='bbox 1801 3078 1860 3119; x_wconf 84' lang='grc'><strong>26)</strong></span> <span class='ocrx_word' id='word_1_567' title='bbox 1885 3083 1986 3109; x_wconf 85' lang='lat' dir='ltr'>totam</span> <span class='ocrx_word' id='word_1_568' title='bbox 2012 3087 2081 3108; x_wconf 85' lang='lat' dir='ltr'>eam</span> 
     </span>
     <span class='ocr_line' id='line_1_46' title="bbox 253 3134 1358 3175; baseline 0.005 -13"><span class='ocrx_word' id='word_1_569' title='bbox 253 3144 278 3175; x_wconf 72' lang='grc' dir='ltr'><strong>γ.</strong></span> <span class='ocrx_word' id='word_1_570' title='bbox 299 3134 366 3163; x_wconf 80' lang='lat' dir='ltr'>rell.</span> <span class='ocrx_word' id='word_1_571' title='bbox 395 3144 462 3165; x_wconf 81' lang='lat' dir='ltr'>eam</span> <span class='ocrx_word' id='word_1_572' title='bbox 487 3138 598 3165; x_wconf 86' lang='lat' dir='ltr'>totam.</span> <span class='ocrx_word' id='word_1_573' title='bbox 625 3137 773 3166; x_wconf 80' lang='lat' dir='ltr'>materies</span> <span class='ocrx_word' id='word_1_574' title='bbox 800 3137 883 3167; x_wconf 74' lang='lat' dir='ltr'>dixit</span> <span class='ocrx_word' id='word_1_575' title='bbox 915 3155 951 3158; x_wconf 46' lang='lat' dir='ltr'><strong>w</strong></span> <span class='ocrx_word' id='word_1_576' title='bbox 977 3137 1131 3167; x_wconf 80' lang='lat' dir='ltr'>materies</span> <span class='ocrx_word' id='word_1_577' title='bbox 1158 3141 1204 3167; x_wconf 84' lang='lat' dir='ltr'>cst</span> <span class='ocrx_word' id='word_1_578' title='bbox 1231 3147 1291 3167; x_wconf 89' lang='lat' dir='ltr'>om.</span> <span class='ocrx_word' id='word_1_579' title='bbox 1319 3136 1358 3167; x_wconf 89' lang='lat' dir='ltr'>G.</span> 
     </span>
    </p>
   </div>
   <div class='ocr_carea' id='block_1_10' title="bbox 2084 0 2148 3412">
    <p class='ocr_par' dir='ltr' id='par_1_15' title="bbox 2084 0 2148 3412">
     <span class='ocr_line' id='line_1_47' title="bbox 2084 0 2148 3412; baseline 0 0"><span class='ocrx_word' id='word_1_580' title='bbox 2084 0 2148 3412; x_wconf 95' lang='lat' dir='ltr'> </span> 
     </span>
    </p>
   </div>
  </div>
 </body>
</html>
