2148 3412
130 937 167 967 10

133 1304 169 1334 15

189 129 271 170 260
825 136 930 168 Acu.
958 135 1017 168 ET
1044 135 1208 167 rourn.
1235 134 1383 166 coMM.

304 265 397 305 241.
434 263 570 304 Diluic.
602 260 805 303 Esorbuit
827 258 1106 315 (Exsorbuiffl
1128 258 1177 299 Id
1201 264 1275 309 est,
1298 257 1518 314 sorbuiffl).
1548 259 1753 314 z‘nsiqnem.
1774 256 2022 300 Pretiosam.

189 340 338 380 bacam.
376 336 592 378 Unioncm
624 333 994 390 (‚marga1·itam?')
1026 332 1178 374 albani.
1243 332 1441 388 [Attriuit
1470 332 1700 387 pretiosum
1730 331 1963 388 unionem]

307 412 430 452 Dilue't
459 411 533 451 ins.
567 410 721 450 bacam.
781 407 832 448 In
864 406 1060 448 conuiuio
1093 405 1265 461 quidam
1295 406 1548 456 luxuriosus,
1586 420 1680 447 cum
1726 405 1913 447 omnium
1958 419 2024 446 re·
2053 412 2057 414 ’

190 500 281 527 rum
313 484 395 525 uile
427 489 591 538 putaret
624 481 908 537 dispendium,
940 495 1150 537 gemmam
1184 478 1530 535 pretiosissimam
1566 478 1786 520 deuorauit
1825 478 1869 519 in
1909 485 2025 520 aceto

192 559 383 601 solutam.

304 633 374 688 qm·
392 632 542 678 scmz'or,
565 645 614 672 ac
636 631 682 671 si.
743 628 839 670 Non
871 628 1009 669 minus
1041 641 1179 675 sanus,
1216 626 1364 681 inquit,
1397 639 1522 679 quam
1546 625 1580 667 si
1602 625 1708 667 illud
1729 625 1867 681 ipsum
1889 626 2028 669 decies

191 705 415 748 abiecisset
445 705 489 745 in
521 704 721 745 cloacam.

307 780 401 820 242.
434 780 638 820 faceretne
670 778 881 819 cloacam?
938 774 994 814 'sb
1027 789 1078 815 ue
1108 774 1245 829 πρότῳ
1279 777 1455 815 cloacam
1486 772 1760 828 iungendum.

308 853 421 894 Illud
452 853 570 893 idem.
629 850 681 891 In
713 849 859 891 eadem
894 849 1009 890 baca.

308 928 401 967 243.
431 940 512 982 par
542 925 682 966 nobile.
742 922 898 964 Notum
930 922 1221 975 famosumque
1255 920 1342 977 [uel
1374 919 1607 974 aequaliter
1638 920 1866 978 generosi]

307 1002 500 1055 fratrum.
562 996 648 1050 Qui
679 996 871 1039 lusciniis
902 994 1194 1044 uescebantur,
1227 1008 1334 1048 quae
1367 1008 1463 1035 care
1493 1000 1689 1035 ueneunt.

309 1075 402 1115 244.
432 1086 675 1129 pravorum.
735 1070 910 1119 Eorum,
944 1083 1053 1124 quae
1084 1074 1204 1109 erant
1233 1082 1379 1123 praua.

310 1161 458 1189 umore.
519 1144 776 1200 Cupiditate.
809 1142 970 1184 Amore
1001 1141 1171 1198 gemelli
1203 1141 1400 1182 (licuntur
1430 1140 1486 1191 hi,
1519 1141 1591 1196 qui
1621 1148 1763 1182 amant
1793 1141 1925 1197 paria.

309 1222 404 1262 245.
443 1220 663 1261 Luscinia&
725 1217 956 1259 Lusciniae
987 1224 1110 1257 antea
1140 1230 1296 1271 magno
1327 1215 1463 1270 pretio
1494 1215 1797 1257 uendebantur.

311 1297 487 1351 inpenso.
546 1292 710 1348 Magno
742 1291 893 1347 pretio,
927 1290 1166 1346 ἀμέτρητος.

310 1369 405 1409 246.
443 1368 649 1418 Quorsum
668 1366 821 1407 abeam.
881 1363 932 1405 In
965 1378 1089 1419 quem
1120 1377 1341 1404 numerum
1373 1362 1441 1404 isti
1473 1362 1704 1414 discedant,
1741 1363 1784 1403 in
1816 1363 2035 1416 bonorum,

199 1456 253 1483 an
285 1441 519 1483 malorum?
570 1439 641 1483 An
674 1446 787 1480 creta
818 1437 992 1480 notandi
1025 1444 1132 1487 sunt,
1178 1443 1221 1477 ut
1253 1436 1353 1478 boni
1383 1436 1620 1487 uideantur,
1667 1452 1721 1478 an
1751 1437 1947 1489 carbone,
1992 1445 2037 1480 ut

200 1515 327 1557 mali?
374 1501 551 1555 Alias:
584 1512 635 1554 In
667 1527 793 1568 quam
825 1518 987 1568 partem
1021 1510 1187 1561 abeant,
1220 1510 1403 1552 carbone
1433 1518 1477 1551 ut
1509 1517 1717 1562 notentur,
1749 1511 1856 1553 sicut
1885 1511 2036 1563 insani,

198 1605 252 1631 an
285 1596 411 1639 creta,
445 1596 487 1629 ut
520 1587 638 1629 sani?
698 1585 819 1628 Bona
851 1585 964 1626 enim
996 1585 1092 1626 albo
1124 1584 1335 1639 (lapillo?)
1368 1584 1658 1640 signabantur,
1690 1585 1871 1627 aduersa
1900 1586 2036 1642 nigro.

202 1663 334 1720 [Vel:
383 1677 582 1718 quorsum
614 1662 768 1703 abeant
798 1661 825 1702 i.
858 1674 893 1701 e.
925 1659 992 1701 cui
1023 1658 1134 1714 parti
1165 1672 1236 1699 eos
1268 1658 1614 1714 aggregabimus,
1653 1658 1775 1702 bonis
1806 1675 1859 1701 an
1889 1659 2038 1702 malis?

203 1739 366 1779 Persius
399 1736 473 1791 (V,
509 1737 629 1791 108):
663 1736 742 1777 Illa
770 1736 888 1791 prius
920 1741 1043 1783 creta,
1075 1747 1171 1774 mox
1201 1731 1300 1773 haec
1332 1732 1504 1774 carbone
1535 1732 1716 1790 notasti]

201 1851 285 1879 inter
303 1848 423 1877 ecs-orb.
443 1846 566 1876 (ahsorb.
587 1850 618 1877 et
642 1846 830 1876 obsorberet.
856 1844 1018 1875 esem-beret
1045 1843 1090 1874 fh.
1110 1844 1254 1873 diuitias.
1281 1843 1346 1872 Pcm·
1362 1843 1456 1873 nobile
1472 1853 1556 1882 mva,
1576 1845 1622 1874 ita
1641 1853 1717 1884 ergo
1735 1847 1769 1875 ut
1786 1855 1846 1875 om.
1864 1845 1924 1875 hoc
1941 1845 2038 1875 schol.

201 1910 233 1935 et
249 1905 311 1935 duo
329 1914 416 1942 seqq.
438 1921 475 1923 A
495 1903 597 1932 tal-orb.
623 1907 732 1933 acceto
747 1903 802 1932 ΕΒ
820 1896 991 1949 (εκξοι-ὶ).
1020 1903 1037 1930 2
1053 1911 1094 1931 m.
1120 1910 1200 1930 corr.
1226 1899 1316 1929 absor
1342 1900 1508 1940 supi-apo.)
1536 1901 1583 1944 <pk
1603 1901 1636 1940 (1
1657 1911 1697 1931 m.
1724 1902 1765 1931 ad
1782 1911 1884 1941 marg.
1901 1901 2038 1940 absorb.)

199 1962 258 1992 JR.
285 1962 404 1992 exsorb.
432 1970 509 1999 pure
534 1960 650 1999 Regin.
676 1960 774 1990 Bern.
801 1960 840 1992 Α,
878 1959 926 1989 uel
949 1959 986 1988 ab
1010 1967 1094 1988 man.
1123 1966 1250 1996 suprap.
1277 1957 1403 1987 absorb.
1429 1967 1455 1999 γ.
1481 1957 1538 1987 ΙΗ.
1564 1958 1728 1988 Vanderb.
1768 1960 1801 1988 in
1837 1968 1947 1998 appar.
1985 1967 2041 1989 suo

203 2018 320 2049 refert:
348 2019 472 2047 absorb.
500 2013 656 2047 V.‘Ba1·c.
684 2017 801 2046 Bernn.
830 2016 898 2046 OD.
925 2017 1039 2055 Magd³
1064 2015 1168 2045 Harll.
1194 2011 1266 2057 γηι).
1292 2014 1325 2052 (2
1352 2016 1409 2053 m.)
1435 2015 1579 2046 aubsorb.
1605 2016 1699 2046 Bern.
1726 2016 1759 2047 F.
1785 2016 1904 2047 obsorb.
1930 2015 2039 2047 Ambr.

203 2076 298 2108 Fran,
325 2074 439 2112 Mag&
464 2074 564 2111 Angl.
585 2076 603 2102 4
630 2074 701 2103 Par.
722 2073 751 2102 N
776 2078 837 2103 etc.
870 2074 966 2102 Posui
994 2073 1130 2102 solidum
1155 2072 1290 2107 ersorb„
1317 2075 1351 2100 ut
1378 2081 1448 2105 oua,
1475 2082 1612 2109 succum,
1651 2075 1841 2112 sanguinein
1867 2074 2041 2104 exsorbere

205 2134 325 2163 dicunt.
351 2131 417 2161 Cic.
444 2131 526 2161 Phil.
553 2131 594 2167 ΙΙ,
612 2132 669 2161 29:
693 2135 836 2170 ‚qustarczs
862 2132 992 2160 ciuilem
1018 2131 1220 2168 sanguinem,
1247 2129 1294 2158 uel
1313 2128 1411 2167 polias
1435 2129 1641 2160 esesorbzceras.
1669 2130 1836 2160 absorbere
1862 2131 1896 2160 iu
1921 2130 2042 2160 scholia

207 2189 306 2230 (conf.
332 2188 468 2227 Porph.)
508 2188 630 2217 intrare
656 2189 761 2225 potuit
789 2191 818 2216 et
844 2196 884 2216 ex
912 2187 943 2217 S.
969 2187 1011 2224 ΙΙ,
1038 2188 1069 2224 8,
1097 2187 1149 2223 24,
1187 2186 1241 2215 ubi
1267 2186 1359 2215 codd.
1385 2185 1449 2215 abs.
1477 2190 1509 2216 et
1532 2186 1594 2216 obs.
1632 2188 1802 2223 exhibent,
1840 2191 1871 2217 et
1908 2196 1949 2217 ex
1984 2196 2040 2217 no-

203 2248 329 2278 tissimo
355 2247 411 2276 illo
436 2246 505 2275 loco
530 2244 627 2274 Plinii
653 2244 784 2281 1X‚35:
814 2243 970 2282 Cleopatra
994 2243 1187 2283 liquefactum
1210 2243 1347 2272 unionem
1370 2243 1530 2273 absorbuit.
1558 2244 1642 2274 conf.
1670 2245 1765 2274 etiam
1791 2245 1896 2275 Plaut.
1921 2244 2040 2274 Bacch.

204 2305 262 2341 ΙΙΙ,
289 2306 319 2341 3,
340 2305 400 2333 67:
439 2303 592 2333 acerrime
619 2305 649 2331 et
675 2305 806 2331 aestuose
832 2302 990 2331 absorbet.
1030 2300 1152 2330 Contra
1177 2300 1339 2330 obsorbere
1365 2310 1428 2330 non
1453 2301 1607 2338 gaudium
1634 2302 1796 2340 significat
1823 2306 1853 2331 et
1881 2302 2042 2340 quandam

204 2361 458 2396 delectationem,
497 2363 531 2388 ut
569 2359 746 2395 exsorbere.
784 2367 889 2397 neque
925 2358 1138 2395 cupiditatem
1177 2361 1207 2387 et
1245 2358 1400 2395 impetum
1439 2359 1598 2396 quendam
1635 2357 1716 2397 (Cio.
1746 2359 1886 2397 Philipp.
1912 2359 1953 2395 ΙΙ,
1981 2359 2040 2388 27:

210 2418 344 2449 Oceanus
368 2417 427 2446 uix
452 2416 581 2446 uidetur
614 2420 662 2445 tot
688 2425 738 2445 res
764 2419 823 2444 tam
848 2415 906 2444 cit«)
930 2414 1089 2444 ahsorbere
1114 2415 1286 2453 potuisse),
1316 2419 1350 2444 ut
1375 2415 1544 2452 ahsorbero,
1585 2417 1639 2445 sed
1665 2417 1825 2454 proprium
1853 2421 1883 2445 et
1908 2417 2042 2454 uulgare

206 2477 340 2506 uerbum
368 2479 428 2511 est,
467 2475 506 2504 de
531 2484 610 2514 aqua
637 2478 668 2503 et
693 2473 763 2503 uino
788 2475 944 2503 usitatum
971 2478 1066 2512 atque
1092 2474 1175 2511 apud
1201 2473 1353 2504 Plautum
1378 2471 1589 2511 frequentius.
1627 2472 1708 2503 conf.
1746 2473 1815 2503 Mil.
1840 2472 1896 2508 ΙΙΙ,
1925 2473 1954 2508 2,
1983 2473 2040 2502 21:

206 2533 261 2563 Dii
281 2543 330 2562 me
356 2532 503 2571 perdant,
531 2532 556 2560 si
581 2530 678 2560 bibere
703 2531 792 2568 potui
819 2548 856 2551 -—
886 2531 960 2568 quia
984 2529 1130 2567 obsorbui,
1157 2540 1226 2560 nam
1250 2530 1337 2560 nimis
1362 2529 1487 2560 calebat.

346 2590 378 2628 1)
407 2588 543 2619 Glossae
569 2593 600 2619 et
626 2588 751 2617 scholia
776 2587 929 2617 Esorbuit
956 2605 995 2608 „-
1022 2588 1129 2617 albam
1154 2597 1180 2629 γ.
1207 2588 1275 2616 rell.
1303 2598 1362 2617 om.
1388 2587 1450 2617 Pro
1475 2587 1623 2624 esorbuit,
1649 2586 1734 2625 quod
1759 2586 1889 2616 uerbum
1915 2587 2043 2625 ignora-

206 2658 288 2684 mus,
306 2647 476 2687 leqendum
495 2651 587 2684 puto:
607 2646 639 2674 id
657 2643 675 2674 'e‘
687 2659 730 2673 :
745 2649 806 2681 est⁷
826 2645 960 2674 sorbuit.
979 2644 1099 2674 sorbere
1118 2645 1257 2682 simplex
1275 2646 1406 2674 uerbum
1425 2654 1479 2682 pro
1498 2644 1675 2682 conpositis
1692 2643 1879 2682 frequenter
1896 2644 2042 2673 usitatur.

208 2705 243 2744 2)
271 2704 373 2735 albam
407 2714 433 2746 γ.
473 2704 548 2733 fem.
588 2711 689 2741 genus
729 2702 884 2741 (Tmbell.
910 2702 992 2731 Poll.
1019 2702 1117 2740 XXX,
1146 2708 1207 2742 tyr.
1236 2703 1294 2741 32)
1325 2702 1409 2740 apud
1435 2702 1587 2740 antiquos
1611 2701 1727 2730 rarius.
1753 2700 1835 2730 Plin.
1863 2700 1918 2736 IX,
1945 2701 1985 2730 35
2011 2704 2043 2730 et

208 2761 310 2791 Solin.
339 2761 378 2790 53
406 2764 480 2790 sunt
504 2760 565 2789 loci
591 2759 729 2789 classici.
769 2759 986 2797 etymologiae
1012 2759 1197 2798 obloquitur
1222 2759 1348 2789 Aelian.
1374 2758 1416 2787 H.
1441 2758 1480 2787 A.
1506 2757 1545 2795 X,
1575 2758 1623 2787 13.
1648 2758 1808 2795 unionem,
1844 2756 2044 2797 maryarz'tam

209 2819 314 2847 albam
341 2817 376 2846 C.
441 2818 476 2855 8)
502 2816 607 2846 Schol.
634 2811 680 2846 Τὸ
708 2832 747 2836 —
774 2815 974 2853 iungendum
999 2824 1024 2857 γ.
1052 2816 1120 2845 rell.
1148 2826 1208 2846 om.
1269 2816 1303 2853 9)
1330 2816 1406 2845 Not.
1432 2814 1645 2854 famosumque
1668 2825 1694 2856 γ.
1720 2814 1788 2843 rell.
1815 2823 1875 2843 om.
1902 2823 1965 2852 que.
1991 2813 2043 2843 uel

209 2884 276 2913 aeq.
297 2884 367 2913 gen.
388 2874 453 2912 (fh)
473 2884 533 2903 0111.
553 2871 789 2915 γ(3((ῥ),111νεῑ(3.
842 2868 897 2911 10)
926 2871 1006 2901 Illud
1028 2872 1114 2902 idem.
1140 2874 1177 2903 111
1205 2874 1314 2902 eadem
1341 2873 1417 2901 baca
1443 2881 1470 2912 γ.
1496 2872 1565 2900 rell.
1592 2881 1653 2901 om.
1674 2869 1714 2900 C:
1742 2871 1877 2901 eandem
1901 2871 2040 2900 baccam.

212 2931 268 2970 11)
295 2930 425 2961 Scholia
438 2930 584 2969 ⁸fram-mu
609 2947 645 2950 W·
675 2932 779 2958 amant
795 2928 893 2967 paria
918 2938 945 2970 γ.
972 2930 1042 2960 rell.
1110 2931 1164 2968 13)
1190 2929 1222 2959 ln*
1253 2940 1311 2961 om.
1351 2929 1387 2959 C.
1454 2928 1509 2966 14)
1538 2927 1693 2957 Luscinas
1718 2927 1812 2956 Bern.
1838 2928 1879 2957 D.
1906 2927 2042 2957 Lucinas

209 2988 295 3017 Bern
320 2987 354 3016 F.
381 2987 531 3016 Lusiniae
556 2997 581 3028 γ.
608 2991 703 3016 antea
727 2996 754 3027 γ.
781 2986 850 3015 rell.
876 2995 936 3015 orn.
1001 2986 1056 3024 15)
1085 2987 1220 3025 inpenso
1245 2997 1285 3016 11].
1305 2996 1335 3024 p.
1361 2984 1540 3028 ἀμέτρητος
1563 2994 1589 3026 γ.
1617 2984 1684 3013 rell.
1712 2994 1771 3014 om.
1824 2983 1879 3023 16)
1905 2984 2042 3014 habeant

209 3044 318 3075 Ambr.
342 3053 359 3086 γ
386 3041 434 3084 (in
459 3043 532 3073 lem.
562 3049 591 3072 et
619 3044 651 3072 in
677 3041 822 3082 scholio).
874 3042 928 3081 17)
956 3042 1007 3071 An
1031 3052 1091 3071 om.
1117 3053 1143 3084 γ.
1195 3043 1250 3081 18)
1277 3044 1360 3073 cai-b.
1387 3046 1422 3072 ut
1446 3041 1502 3083 γΟ.
1529 3041 1597 3071 rell.
1624 3050 1684 3070 om.
1710 3045 1749 3070 ut.
1769 3058 1800 3062 ν
1819 3040 1897 3070 sicut
1919 3050 1945 3082 γ.
1970 3040 2040 3070 rell.

211 3110 270 3130 om.
290 3104 335 3129 ut.
389 3101 443 3139 19)
470 3100 571 3138 lapillo
597 3099 632 3129 C.
648 3118 687 3119 ἡ
703 3100 776 3129 adu.
802 3109 872 3129 uero
896 3100 987 3138 nigro
1003 3099 1038 3129 C.
1064 3099 1123 3129 Vel
1140 3101 1317 3130 --notasti
1343 3110 1403 3129 0111.
1427 3109 1453 3141 γ.
1503 3098 1561 3137 21)
1587 3099 1663 3127 hacc
1681 3096 1715 3127 C.
1734 3098 1803 3126 rell.
1821 3098 1889 3127 hoc.
1907 3096 2041 3127 Plurimi

211 3160 291 3186 uett.
320 3157 422 3185 Persii
449 3158 571 3186 codices
597 3157 680 3186 Ilaec.
