2148 3412
191 119 270 160 13ss
828 123 932 156 ACR.
958 123 1018 154 ET
1043 121 1209 154 PORPH.
1235 120 1382 153 coMM.

296 267 378 308 pus
410 260 525 305 alque
558 263 646 290 uen.
705 246 1021 303 Malignitatem
1052 251 1176 298 atque
1206 243 1395 284 liuorem.

306 325 540 379 Proscripti.
601 320 733 363 Ciuili
764 320 875 362 bello
906 319 959 361 ab
989 317 1197 373 Augusto.

302 400 338 439 2.
374 396 568 452 Hybrida.
628 393 800 435 Persius
821 408 873 434 ex
893 391 1072 433 diuersis
1102 388 1348 445 parentibus
1369 393 1503 437 natus,
1527 386 1667 442 (mixti
1688 385 1900 441 generis?)
1922 398 2021 425 nam

191 469 488 512 Clazomenius
520 467 598 509 fuit
627 473 747 522 patre
777 465 970 508 Asiatico
1002 462 1285 519 (Scyt11i00?),
1317 467 1450 502 matre
1464 460 1669 501 Romana.
1729 458 1931 500 Tractum
1961 463 2023 499 est

124 558 140 586 .5
190 544 242 585 ab
275 542 416 596 aquila
447 556 509 591 ea,
556 555 663 595 quae
695 555 746 581 ex
777 539 920 594 aquila
950 545 990 579 et
1019 537 1184 578 uulture
1215 535 1412 576 nascitur.
1474 532 1742 574 Translatiue
1787 546 1889 587 ergo
1929 529 2022 572 Ho-

190 617 320 657 ratius
351 614 553 656 lacerauit
584 613 791 662 Persium,
839 611 958 667 quasi
989 609 1330 652 semiromanum.
1412 607 1639 663 [Hybrz'clae
1677 612 1815 646 autem
1852 603 2024 660 proprie

190 690 386 731 dicuntur
417 703 556 738 canes,
603 687 674 742 qui
705 693 935 728 nascuntur
965 699 1015 725 ex
1047 698 1151 725 cane
1181 682 1374 723 uenatico
1405 688 1444 722 et
1475 695 1578 722 cane
1610 678 1822 735 gregario.
1882 678 2025 720 Item:

190 763 378 819 Hybrida
410 760 629 803 dicebatur
657 759 844 809 Persius,
891 757 990 813 quia
1020 757 1073 798 de
1103 762 1236 797 matre
1270 753 1439 796 Graeca
1475 760 1598 794 natus
1643 752 1780 793 fuerat
1823 758 1864 792 et
1906 757 2025 806 patre

190 835 416 892 Romano]
478 836 659 876 Aliter:
692 833 879 889 Hybrida
910 830 1077 880 dicitur,
1110 829 1182 884 qui
1212 827 1339 869 habet
1369 833 1533 883 patrem
1556 824 1770 867 Graecum
1791 832 1831 866 et
1850 830 2026 866 matrem

129 922 168 953 10
193 909 362 958 Italam3
410 915 481 950 aut
511 923 588 963 per
619 906 874 949 contrarium
906 904 1136 961 Hybrz'dam
1166 901 1311 944 dieunt
1341 899 1562 956 appellari,
1609 899 1681 954 qui
1711 898 1841 940 mixto
1872 911 2027 954 genere

195 982 399 1024 sermonis
429 982 624 1036 loquatur
655 993 807 1036 graece
837 978 1062 1032 latineque.
2110 1020 2114 1028 ¹

304 1056 341 1097 3.
375 1056 504 1111 lippis.
567 1052 743 1103 Otiosis,
782 1050 1024 1093 sedentibus
1055 1049 1169 1105 apud
1199 1048 1418 1090 medicum,
2067 1061 2082 1069 ·

305 1137 341 1170 et
371 1128 599 1169 tonsoribus
631 1142 724 1167 esse.
783 1124 927 1165 Etiam
958 1131 1160 1173 tonsores,
1207 1122 1279 1176 qui
1326 1120 1461 1162 solent
1502 1119 1613 1160 tardi
1658 1132 1748 1160 esse
1793 1117 1943 1167 studio,
1990 1123 2030 1157 et

191 1202 313 1257 lippi,
355 1201 426 1256 qui
458 1200 591 1242 solent
622 1198 839 1240 oculorum
871 1213 972 1239 cura
1017 1196 1144 1237 alieni
1176 1211 1201 1236 a
1245 1193 1440 1250 negotiis,
1486 1192 1635 1243 sciunt,
1681 1191 1890 1246 quomodo
1935 1189 2029 1245 Hy-

126 1291 165 1321 15
191 1275 314 1316 brida
344 1274 517 1315 Persius
548 1278 791 1328 persecutus
828 1271 880 1312 sit
910 1269 1116 1311 malitiam
1147 1267 1312 1323 Rupilii
1342 1266 1488 1323 Regis.

307 1349 344 1389 5.
383 1348 636 1389 Clazomenis.
695 1343 829 1400 Apud
861 1342 1155 1393 Clazomenas,
1204 1341 1419 1383 ciuitatem
1451 1339 1597 1391 Asiae,
1641 1339 1711 1381 hic
1748 1337 2030 1381 Clazomenae

192 1421 425 1476 pluraliter,
458 1428 497 1461 et
528 1427 589 1461 est
619 1417 869 1460 aduerbium
900 1416 995 1458 loci.

306 1496 450 1535 Durus
482 1495 608 1535 homo.
668 1491 842 1533 Persius
873 1491 1015 1531 durus.

307 1570 343 1609 6.
377 1578 492 1624 atque
524 1569 612 1609 odio
643 1568 714 1622 qul
733 1580 842 1622 poss.
875 1565 980 1605 vinc.
1013 1563 1173 1618 Reqem.
1254 1559 1369 1602 Odio
1418 1558 1535 1616 [pro]
1583 1558 1804 1607 maleficio,
1850 1565 1895 1599 ut
1944 1559 2032 1600 Ter.

126 1659 167 1690 20
194 1640 372 1697 (Hecyr.
403 1640 438 1691 I,
472 1644 509 1690 2,
544 1641 595 1681 59
629 1665 681 1669 —
715 1640 796 1679 134
830 1663 880 1666 -—
910 1635 948 1676 F
950 1636 1019 1692 l.):
1053 1650 1143 1677 cum
1172 1636 1270 1676 istoc
1300 1635 1389 1675 odio
1422 1633 1585 1674 Laches.
1653 1630 1846 1681 Adlusit3
1878 1631 2032 1672 etenim

193 1729 316 1769 reges
347 1713 595 1755 inuisissimi
628 1719 758 1761 erant,
792 1718 832 1751 01
862 1724 1016 1751 nomen
1047 1723 1192 1750 eorum
1222 1714 1397 1763 propter
1426 1705 1674 1748 memoriam
1705 1704 1930 1760 Tarquinii
1960 1719 2033 1745 ex-

195 1788 399 1830 secrabile
433 1786 583 1844 [erat]3
616 1786 728 1826 hunc
759 1798 927 1839 quoque
958 1782 1149 1824 odiosum
1180 1781 1299 1822 dixit.

307 1863 467 1903 uincere
489 1861 649 1913 Reqem.
697 1857 784 1910 Qui
805 1856 937 1913 possit
958 1854 1121 1897 horreri
1142 1854 1237 1910 plus
1259 1868 1387 1908 quam
1407 1851 1619 1908 Rupilius,
1640 1851 1814 1907 Rupilio
1836 1852 1997 1893 odioso.

310 1937 347 1975 7.
381 1936 417 1976 8.
451 1934 663 1988 confidens.
723 1931 893 1981 Audax,
925 1928 1185 1979 temerarius,
1220 1925 1492 1984 [improbus]
1552 1924 1713 1967 Fidens
1744 1924 1878 1976 bonis,
1920 1940 2031 1966 con—

290 2107 323 2145 1)
342 2116 413 2144 pus.
439 2105 480 2127 ’-
508 2123 548 2127 ——--
575 2106 627 2135 hic
653 2105 810 2142 accipitur
834 2113 889 2141 pro
915 2104 1027 2132 liuore.
1054 2111 1206 2131 uenenum.
1233 2101 1485 2138 malignitatem.
1527 2099 1596 2130 Hoc
1622 2099 1722 2129 schol.
1753 2097 1897 2141 ⁵(G,vafh
1923 2098 2035 2129 subse-

196 2163 309 2201 quenti
335 2163 526 2201 adiungunt.
577 2161 612 2199 2)
640 2160 709 2190 Ciu.
735 2162 784 2190 be.
811 2161 850 2189 ab
877 2168 951 2197 aug.
977 2168 1004 2200 γ.
1030 2159 1099 2188 rell.
1119 2169 1180 2188 om.
1230 2158 1264 2196 3)
1290 2156 1420 2186 Itz'bm'da.
1447 2156 1592 2196 hybrida,
1618 2166 1678 2186 om.
1707 2156 1884 2193 dicebatur,
1910 2155 2035 2194 persius

198 2229 239 2248 ex
266 2220 331 2248 diu.
358 2228 408 2257 pa.
435 2223 541 2248 natus.
568 2217 697 2256 hybrida
723 2217 819 2246 mixti
846 2217 985 2257 generis.
1013 2215 1059 2245 hic
1084 2216 1219 2253 persius.
1246 2223 1321 2243 nam
1347 2214 1424 2243 elaz.
1444 2213 1488 2243 fu.
1507 2223 1558 2251 pa.
1575 2212 1670 2252 sityco
1687 2222 1748 2242 ma.
1766 2222 1814 2242 ro.
1832 2222 1859 2255 γ.
1886 2212 2035 2242 Scriben-

199 2277 274 2305 dum
300 2279 349 2304 est
373 2275 514 2314 scythico.
543 2274 623 2304 sitae
649 2274 747 2303 habet
772 2273 863 2302 Baro.
890 2273 922 2301 in
948 2270 1054 2301 Carm.
1082 2281 1164 2301 saec.
1183 2271 1237 2308 55,
1264 2269 1300 2300 C.
1317 2269 1373 2307 IV,
1395 2270 1445 2307 14,
1464 2267 1506 2299 4‘2
1531 2269 1628 2307 scices,
1654 2274 1689 2300 ut
1713 2270 1808 2299 multi
1834 2272 1914 2299 11011.
1940 2269 2032 2299 codd.

198 2332 234 2362 C.
260 2332 286 2368 Ι,
314 2333 367 2368 35,
395 2333 423 2361 9.
450 2332 490 2373 ΙΙ,
520 2333 570 2365 11,
601 2333 627 2360 1.
653 2330 711 2368 ΙΙΙ,
739 2332 769 2364 8,
796 2331 848 2359 23.
876 2330 930 2365 24,
957 2330 987 2358 9.
1036 2327 1170 2367 Scythia
1195 2331 1301 2357 autem
1325 2326 1498 2356 Veteribus
1522 2329 1611 2356 terra
1642 2327 1762 2356 finibus
1798 2326 1930 2355 incertis
1967 2328 2035 2355 erat

198 2394 289 2418 trans
313 2389 500 2418 Danubium
530 2391 652 2426 partem,
690 2387 829 2416 Pontum
854 2386 1020 2415 Euxinum
1059 2388 1090 2414 et
1127 2394 1215 2414 mare
1253 2383 1426 2421 Caspicum
1462 2383 1687 2421 complectens.
1714 2382 1799 2414 conf.
1826 2382 1912 2411 Mela
1936 2381 1978 2419 Il,
2006 2383 2033 2410 1.

197 2445 255 2482 ΙΙΙ,
282 2446 299 2475 5
327 2450 359 2474 01
386 2446 414 2474 7.
441 2445 526 2474 Plin.
551 2444 606 2480 IV,
636 2444 686 2472 12.
714 2443 769 2480 VI⁷
791 2444 841 2472 17.
868 2442 939 2479 VII,
959 2443 976 2471 2
1003 2445 1034 2471 et
1060 2446 1184 2479 poetas,
1214 2445 1249 2470 111
1275 2440 1396 2470 Seneca
1420 2440 1516 2469 Herc.
1542 2440 1604 2470 fur.
1634 2440 1736 2469 1210:
1754 2442 1880 2477 pontum
1907 2437 2036 2476 Scythen

199 2503 220 2531 i.
246 2502 424 2531 Euxinum.
488 2501 543 2539 12)
571 2510 620 2538 ap.
648 2500 731 2529 med.
758 2509 818 2529 om.
840 2498 931 2535 G,va.
956 2498 1017 2528 Per
1042 2499 1147 2536 lippos
1174 2498 1258 2527 enim
1284 2498 1450 2535 significat
1473 2498 1626 2527 tabernas
1651 2496 1859 2532 medicorum,
1886 2503 1942 2532 per
1965 2497 2035 2523 ton-

199 2568 285 2588 sores
310 2559 482 2588 tonstrina.
497 2557 571 2596 fere
596 2556 673 2586 enim
696 2556 727 2586 εἴη
752 2555 798 2585 lzz's
825 2573 864 2575 -η-
890 2571 934 2575 -ν
958 2554 1022 2597 Βφ.
1050 2554 1132 2584 conf.
1159 2554 1276 2592 Porph.
1304 2572 1341 2574 —
1370 2553 1412 2583 C:
1443 2555 1504 2584 hoe
1529 2558 1588 2590 est,
1626 2552 1815 2590 loquacibus
1853 2556 1885 2581 et
1921 2550 2034 2580 otiosis

198 2615 400 2644 hominibus:
428 2614 502 2652 quia
527 2618 674 2643 tonsores
701 2613 787 2642 domi
813 2611 1020 2641 considentes
1046 2611 1143 2640 otiosi
1171 2614 1202 2639 01
1228 2611 1350 2640 lucrum
1375 2615 1561 2649 captantes;
1598 2608 1674 2647 lippi
1697 2612 1802 2637 autem
1819 2625 1861 2629 —
1887 2624 1929 2628 —-
1949 2611 1980 2636 et
2005 2616 2035 2645 q.

200 2681 264 2708 seq.
318 2671 372 2709 13)
399 2670 500 2701 Etiam
524 2673 606 2699 tons.
630 2679 657 2710 γ.
684 2669 753 2698 rell.
780 2678 840 2698 om.
867 2668 974 2697 etiam.
1006 2685 1042 2688 κ
1069 2667 1173 2697 solent
1197 2666 1274 2695 artis
1299 2668 1409 2697 studio
1435 2671 1466 2697 et
1490 2677 1518 2710 γ.
1544 2670 1572 2695 et
1601 2675 1662 2695 om.
1688 2665 1734 2694 fh.
1794 2664 1849 2702 14)
1875 2673 1950 2693 eura
1975 2673 2035 2693 om.

198 2736 224 2768 γ.
251 2728 411 2756 oculorum
435 2725 548 2755 caecati
572 2736 590 2754 a
615 2734 688 2763 neg.
716 2724 791 2761 GN.
819 2734 864 2754 oc.
891 2724 1033 2753 caecitate
1058 2733 1086 2752 a.
1111 2733 1156 2752 oc.
1191 2733 1266 2752 cura
1290 2723 1382 2752 alieni
1411 2725 1458 2753 fh.
1495 2727 1593 2759 recte,
1630 2731 1705 2751 nam
1741 2720 1823 2758 lippi
1860 2729 1923 2750 non
1960 2722 2036 2749 sunt

201 2784 296 2811 caeci.
364 2784 417 2820 15)
443 2787 485 2810 est
507 2782 659 2823 ·(G‚vafh.
684 2781 723 2810 sit
747 2781 783 2816 Q.
810 2782 883 2809 mal.
908 2780 988 2819 reglis
1007 2780 1096 2818 persi
1119 2789 1144 2820 γ.
1171 2781 1244 2808 mal.
1266 2780 1365 2817 publii
1388 2781 1483 2818 regis.
1512 2778 1583 2816 G‚v.
1616 2779 1685 2807 rell.
1713 2778 1786 2809 mal.
1812 2776 1892 2814 Rup.
1924 2776 2035 2814 Regis.

205 2839 259 2877 16)
285 2840 480 2868 clazmnenos
504 2848 531 2879 γ.
560 2839 628 2867 rell.
657 2837 880 2867 Clazomenas.
908 2840 1006 2865 recte.
1035 2832 1232 2876 Κλαζομεναὶ
1258 2835 1384 2865 Strabo.
1416 2835 1495 2865 conf.
1521 2835 1605 2864 Plin.
1630 2834 1668 2871 V,
1696 2835 1736 2863 29
1763 2843 1834 2863 cum
1858 2831 2035 2869 XXXVIII,

203 2896 255 2930 31,
281 2896 335 2924 ubi
362 2895 560 2924 Clazomenii
584 2891 823 2934 (Κλαζομένιοι)
850 2894 983 2923 incolae.
1001 2911 1041 2913 -—
1056 2893 1107 2922 hic
1132 2892 1323 2921 clazomenii
1346 2893 1426 2930 plur.
1452 2901 1479 2933 γ.
1498 2892 1569 2921 rell.
1588 2900 1649 2920 om.
1702 2891 1756 2928 18)
1782 2889 1913 2918 Persius
1939 2888 2036 2917 durus

201 2961 226 2992 γ.
254 2953 320 2980 rell.
347 2961 405 2980 om.
473 2952 526 2989 19)
556 2962 611 2989 pro
637 2962 696 2981 om.
722 2949 904 2993 ⁴s(G'?Q)va.
945 2950 1101 2979 maleficio
1127 2959 1152 2990 γ.
1180 2950 1249 2978 rell.
1277 2949 1435 2978 molestia.
1501 2948 1558 2986 20)
1583 2947 1654 2975 odio
1691 2945 1792 2975 Lache
1829 2944 1944 2983 (habes
1979 2944 2036 2983 va)

202 3008 305 3045 Reges
324 3008 370 3041 fh,
389 3018 449 3036 om.
471 3008 592 3037 Allusit
611 3008 708 3037 enim.
732 3026 769 3027 π
789 3007 889 3036 laches
916 3007 968 3044 qui
994 3006 1096 3043 possit
1115 3006 1235 3035 horrori
1262 3006 1334 3043 plus
1353 3014 1448 3042 quam
1472 3003 1609 3041 rupilius
1627 3010 1696 3031 esse
1714 3011 1739 3043 γ.
1757 3001 1878 3030 Allusit
1891 3018 1933 3022 —
1952 3000 2038 3029 dixit

202 3063 304 3105 Ἀθη
330 3063 463 3092 inferius
490 3068 677 3101 posuerunt.
744 3064 801 3102 23)
826 3063 907 3094 Nou.
938 3063 1011 3092 lem.
1037 3062 1159 3092 uincere
1182 3062 1292 3102 Reqem
1326 3062 1416 3099 posui
1454 3065 1486 3090 et,
1521 3059 1641 3090 horreri
1679 3059 1803 3096 scripsi.
1841 3058 1937 3088 schol.
1974 3056 2036 3092 Qui

204 3121 305 3157 possit
324 3137 364 3140 —
383 3119 529 3157 Rupilius
554 3130 581 3162 γ.
606 3121 735 3159 Rupilio
760 3120 911 3150 odiosior.
937 3119 1009 3149 rell.
1034 3128 1096 3149 om.
1147 3118 1204 3157 24)
1231 3119 1391 3156 improbus
1417 3127 1476 3148 om.
1503 3126 1530 3158 γ.
1556 3115 1760 3152 temerarius,
1788 3113 1962 3152 iracundus,
1987 3117 2039 3143 auc
