2148 3412
821 101 870 133 IN
896 101 1002 133 ΛΒΤ.
1029 101 1161 134 POET.
1825 92 1905 133 619

186 222 280 263 246.
315 221 515 277 [nimium.
576 223 705 265 Ultra
735 225 940 280 modum]
1018 226 1172 267 teneris.
1204 225 1407 268 Leuibus.
1469 228 1726 270 iuuenentw·.
1759 226 1907 284 [Velut

71 293 238 335 luxuria
267 295 484 352 quadam]
546 295 851 348 Luxurientur,
883 298 928 339 id
959 307 1039 340 est:
1072 300 1260 354 proterui
1291 300 1373 341 sint
1403 308 1444 341 et
1473 301 1634 343 lasciui.

185 370 278 409 247.
311 372 393 410 Aut
421 370 617 411 inmunda
649 380 808 427 crepent
837 373 1174 429 z'qnome'm'osaque
1205 375 1326 415 dicta.
1385 374 1435 415 Id
1477 381 1557 416 est:
1603 390 1688 416 non
1719 375 1906 431 propria,

71 456 155 483 non
185 440 356 492 Latina,
389 443 462 484 sed
492 443 696 485 inmunda
727 451 766 486 et
797 445 1081 501 ignominiosa
1112 448 1215 487 κατὰ
1256 448 1298 487 τὸ
1334 447 1453 497 αὐτός
1486 463 1656 490 necesse
1687 456 1748 491 est
1778 449 1904 499 enim,

70 522 114 556 ut
144 515 347 556 inmunda
378 515 657 572 ignominiam
688 519 867 560 trahant.
930 519 1027 561 Hoc
1058 527 1140 561 est:
1178 535 1230 562 ne
1264 521 1365 577 [ire]
1399 537 1448 563 ea
1480 522 1623 564 dicant
1653 522 1836 564 obscena
1866 530 1907 564 et

69 588 209 643 turpia
240 596 279 630 et
310 589 447 645 magis
478 590 620 632 mimis
652 598 751 646 apta
782 608 909 646 quam
942 593 1106 635 saturis.
1169 592 1465 650 [Obseruent,]
1512 595 1577 636 Ne
1621 596 1800 651 turpiter
1843 597 1905 638 lo-

70 668 265 716 quantur,
312 662 550 714 obseruent,
582 672 627 705 ut
656 665 843 715 timeant,
890 681 942 708 ne
972 667 1197 708 uideantur
1226 667 1386 710 lasciua
1418 668 1671 725 (luxuriosa)
1717 670 1906 712 carmina

69 735 241 777 auribus
272 736 389 777 meis.
451 746 620 793 crepent.
655 736 828 780 Sonent.

182 811 276 852 248.
311 811 585 866 Offenduntw·
616 814 731 862 em'm,
764 815 907 868 quibus
939 823 995 856 est
1025 829 1148 870 equus
1181 824 1218 857 et
1230 824 1346 872 paler
1367 825 1403 858 ec
1423 832 1501 858 res.
1565 816 1805 873 [Equestris
1836 833 1905 859 or-

68 883 179 925 dinis
209 891 249 925 et
280 883 499 939 dignitatis
531 886 799 943 senatoriae]
834 888 985 944 Equus,
1030 888 1236 943 equestris
1276 889 1476 945 dignitas,
1523 891 1745 941 senatoria,
1792 892 1904 933 unde

69 963 212 1011 patres
243 958 473 1014 conscripti
507 958 656 1016 [sunt]
716 961 794 1002 Res
826 968 962 1002 autem
995 975 1145 1003 census
1176 970 1216 1004 et
1250 963 1565 1018 patrimonium,
1612 979 1661 1006 ac
1706 979 1784 1020 per
1826 965 1906 1006 hoe

67 1031 326 1073 honestiores
357 1039 395 1073 et
427 1032 550 1074 docti.
616 1035 903 1089 Offendumm.
948 1033 1063 1086 Quia
1093 1036 1253 1090 equites
1284 1036 1499 1079 Romanos
1530 1046 1568 1079 et
1609 1045 1751 1093 patres
1781 1038 1905 1079 fami-

67 1105 145 1146 lias
176 1105 395 1146 offendunt
425 1106 631 1148 eiusmodi
680 1108 882 1158 carmina,
928 1109 1088 1164 quippe
1132 1124 1300 1152 seueros
1345 1111 1547 1153 homines.
1618 1110 1778 1154 Sensus
1822 1118 1903 1153 est:

67 1178 245 1234 Equites
275 1178 458 1221 Romani
488 1188 528 1221 et
558 1187 699 1235 patres
730 1188 954 1229 senatores,
992 1182 1146 1237 quibus
1177 1192 1275 1224 sunt
1308 1184 1387 1240 [et]
1421 1184 1679 1226 substantiae
1709 1199 1903 1240 magnae,

67 1267 116 1293 ac
146 1267 223 1307 per
254 1253 333 1294 hoc
364 1253 527 1295 nobiles
558 1260 598 1295 et
628 1254 843 1296 honestate
875 1255 1123 1310 gaudentes,
1169 1257 1452 1307 offenduntur,
1499 1258 1533 1299 si
1569 1258 1730 1313 aliquid
1762 1273 1903 1300 coram

66 1326 126 1367 eis
156 1326 423 1369 inhonestum
454 1328 579 1369 fuerit
609 1328 831 1383 prolatum.

180 1402 274 1442 249.
307 1402 390 1444 Nec
421 1404 458 1443 si
486 1403 583 1457 quid
611 1403 727 1456 fricti
753 1404 891 1444 ciceris
918 1403 1031 1459 prob.
1110 1402 1160 1443 Id
1207 1410 1286 1444 est:
1335 1418 1471 1457 neque
1517 1404 1699 1458 probant
1745 1405 1906 1459 equites

66 1473 247 1515 Romani
282 1474 396 1531 [Non
428 1475 610 1530 probant
640 1476 831 1518 homines
863 1477 1052 1533 graues]‚
1095 1477 1127 1518 si
1161 1477 1263 1532 quid
1295 1477 1511 1519 laudatum
1542 1478 1668 1519 fuerit
1699 1494 1723 1519 a
1753 1479 1906 1535 uulga-

66 1547 183 1590 ribus
218 1548 310 1605 [qui
342 1548 500 1591 ciceres
533 1558 574 1591 et
604 1565 733 1592 nuces
764 1550 939 1608 emunt]

180 1624 276 1664 250.
310 1624 525 1665 donantue.
585 1623 636 1664 Id
667 1632 741 1673 est,
774 1624 968 1679 probant.

181 1697 275 1738 251.
310 1698 426 1739 breui
453 1697 641 1739 subiecta.
704 1697 754 1738 Id
785 1707 859 1746 est,
891 1696 1065 1738 breuem
1098 1712 1289 1753 sequens.

180 1772 416 1813 251—253.
448 1772 605 1813 iambus
641 1773 713 1813 Pes
745 1774 856 1814 citus.
918 1770 969 1812 Id
1000 1780 1075 1822 est,
1108 1786 1183 1827 pes
1215 1785 1407 1820 currens3
1441 1771 1523 1813 cito
1554 1771 1666 1813 enim
1699 1774 1907 1828 promitur

66 1843 243 1886 iambus.

179 1919 287 1961 unde
318 1919 436 1961 etiam
467 1919 657 1961 trimetris
689 1920 922 1962 adcrescere
952 1921 1069 1962 iussit
1098 1920 1250 1963 Nomen
1281 1920 1457 1962 iambeis.
1537 1919 1605 1961 Ex
1637 1935 1709 1962 sex
1754 1920 1906 1962 iambis

207 2093 238 2132 1)
265 2093 360 2123 Ultra
385 2094 512 2123 modum
539 2111 580 2114 *2
607 2093 721 2123 lasciui
749 2104 808 2122 oni.
836 2094 865 2123 N
889 2094 986 2130 Me‹1.,
1028 2103 1113 2123 rvca.
1142 2094 1226 2123 ultra
1250 2103 1307 2124 mo.
1335 2104 1395 2124 oni.
1422 2104 1449 2136 γ.
1478 2112 1516 2115 -
1545 2094 1639 2124 Velut
1668 2095 1737 2124 lux.
1765 2104 1815 2132 qn.
1843 2104 1904 2123 om.

67 2160 94 2192 γ.
144 2150 180 2190 2)
206 2149 432 2179 Luxurientur
458 2151 478 2179 i.
504 2160 531 2192 γ.
560 2151 630 2180 rell.
657 2160 718 2180 om.
746 2151 829 2180 conf.
851 2150 896 2180 C:
924 2151 1153 2187 ‘luxui-ientur,
1180 2160 1216 2179 ne
1242 2155 1323 2188 prot.
1349 2160 1373 2180 ε.
1401 2155 1433 2180 θῖ
1457 2151 1545 2180 lasc.'
1592 2161 1678 2181 κατα.
1702 2161 1738 2181 το
1765 2160 1860 2181 αυτον
1878 2160 1904 2192 γ.

67 2211 145 2237 xata
169 2211 201 2237 to
226 2208 302 2236 aut&
327 2217 357 2236 v.
384 2204 468 2237 κατὰ
492 2204 529 2237 τὸ
555 2203 651 2237 αὐτόν
677 2207 741 2236 afli.
769 2205 853 2237 κατά
878 2204 914 2237 τὸ
941 2204 1019 2237 αὐτό
1046 2207 1101 2242 eQ.
1129 2208 1161 2236 in
1186 2207 1244 2244 Nn·
1270 2212 1351 2245 spat.
1377 2217 1446 2237 uae.
1474 2217 1534 2236 om.
1560 2207 1646 2237 Med.
1675 2207 1713 2237 G.
1777 2208 1811 2246 5)
1838 2207 1907 2237 Hoc

69 2268 117 2294 est
140 2273 177 2293 ne
204 2274 240 2294 ea
264 2273 290 2302 γ.
319 2263 354 2293 Id
378 2268 427 2293 est
452 2263 497 2293 ire
521 2263 566 2292 fh.
604 2264 673 2293 Hoc
700 2268 750 2293 est
777 2282 815 2284 —
844 2264 975 2293 auribus
1001 2273 1062 2293 om.
1090 2264 1119 2292 N
1143 2263 1230 2293 Med.
1270 2263 1397 2300 G,rvca.
1462 2264 1496 2302 6)
1522 2263 1630 2293 satiris
1655 2273 1681 2305 γ.
1709 2264 1834 2303 Satyris
1860 2264 1905 2294 fh.

67 2322 239 2351 obseruent
266 2330 305 2350 ne
330 2320 375 2352 fh.
403 2321 465 2358 loq.
494 2321 665 2350 obsernent
690 2330 716 2361 γ.
743 2325 777 2349 ut
804 2330 830 2361 γ,
859 2325 890 2349 θῖ
915 2320 961 2349 fh.
1026 2320 1062 2359 8)
1088 2324 1216 2358 crepent.
1244 2319 1367 2349 Sonent
1392 2330 1418 2360 γ.
1452 2319 1536 2349 conf.
1565 2319 1609 2349 C:
1637 2338 1675 2340 —
1704 2324 1847 2358 crepent,
1874 2321 1905 2350 id

69 2382 130 2415 est,
155 2382 308 2408 resonent
335 2395 385 2406 ——.
411 2377 481 2406 rell.
509 2387 569 2407 om.
598 2377 768 2406 luxuriosa
793 2386 817 2418 γ,
854 2377 975 2405 lasciua
1000 2376 1045 2405 fh.
1111 2377 1144 2415 9)
1172 2376 1344 2414 Equestris
1372 2395 1409 2397 »-
1438 2377 1621 2406 senatoriae
1657 2376 1755 2416 (th)
1793 2386 1852 2406 om.
1879 2386 1905 2417 ⁴(-

72 2435 127 2473 10)
152 2434 265 2473 Equus
292 2444 318 2464 e.
345 2434 374 2462 d.
403 2434 566 2463 senatoria
591 2443 617 2474 γ.
644 2434 715 2462 rell.
743 2444 804 2463 om.
836 2433 995 2471 equestris
1022 2433 1144 2462 ordinis
1171 2434 1317 2471 dignitas
1344 2433 1412 2471 (ca)
1441 2434 1603 2462 senatoria
1628 2433 1758 2470 N‚rvca.
1783 2433 1906 2462 ordinis

69 2492 213 2530 dignitas
238 2495 280 2520 est
305 2490 392 2530 (ew)
419 2491 584 2520 senatoria
610 2489 648 2519 G.
677 2495 751 2520 sunt
775 2500 834 2520 om.
860 2500 938 2531 ·(,rv.
965 2499 1014 2518 res
1040 2493 1090 2518 (ιιιί
1115 2499 1228 2518 census
1254 2494 1309 2520 aut
1337 2490 1370 2528 (l
1391 2500 1431 2518 111.
1453 2499 1600 2527 suprapo.
1627 2489 1668 2527 et)
1696 2492 1777 2526 patr.
1802 2499 1828 2531 γ.
1856 2499 1906 2519 res

68 2552 164 2577 autem
188 2552 239 2578 aul
263 2557 347 2577 cens.
374 2552 405 2576 et
431 2551 512 2585 patr.
538 2557 606 2576 vca.
633 2551 688 2576 aut
715 2557 770 2585 per
796 2556 842 2578 va.
877 2551 933 2576 aut
958 2556 1019 2578 om.
1046 2556 1071 2575 c.
1097 2555 1156 2575 res.
1183 2555 1298 2575 census
1325 2551 1356 2575 et
1382 2550 1464 2583 patr.
1493 2556 1538 2575 ac.
1565 2556 1588 2575 r.
1615 2555 1665 2574 res
1690 2549 1796 2574 autem
1823 2550 1907 2583 patr.

70 2609 102 2635 et
125 2614 240 2634 census
267 2609 298 2634 et
324 2604 409 2634 Med.
462 2604 517 2642 11)
545 2607 622 2633 sunt
648 2614 710 2633 om.
737 2613 764 2645 γ.
818 2603 873 2641 12)
902 2602 1127 2632 Offendnntur.
1156 2602 1241 2637 Quia
1266 2620 1306 2623 -ffi
1333 2602 1476 2632 familias
1501 2611 1527 2643 γ.
1555 2602 1625 2631 rell.
1644 2612 1705 2631 om.
1758 2602 1813 2640 13)
1841 2611 1906 2631 seu.

69 2662 153 2691 hom.
180 2671 207 2703 γ.
234 2662 303 2691 rell.
330 2661 413 2690 honi.
442 2669 582 2690 seueros.
641 2661 694 2699 14)
722 2660 857 2698 Equites
882 2660 1006 2689 romani
1033 2659 1149 2697 quibus
1175 2662 1252 2689 sunt
1278 2663 1384 2697 patres
1411 2662 1575 2688 senatores
1595 2662 1626 2688 et
1644 2659 1846 2687 substantiae
1863 2675 1907 2680 —-

70 2719 231 2756 prolatum
255 2727 283 2760 γ.
310 2718 381 2746 rell.
409 2727 469 2747 om.
496 2716 578 2747 conf.
606 2715 649 2746 C:
684 2716 797 2755 ‘quihus
821 2720 863 2745 est
886 2725 927 2754 eq.
955 2716 986 2744 id
1014 2719 1072 2751 est,
1100 2715 1236 2753 equites.
1263 2719 1290 2744 et
1308 2719 1409 2753 pater.
1438 2718 1615 2751 senatores,
1642 2714 1695 2752 qui
1722 2718 1830 2751 patres
1857 2715 1905 2744 di-

70 2775 234 2804 cebantur.
263 2778 291 2804 et
313 2784 373 2803 res.
401 2774 521 2803 diuites
548 2778 579 2803 et
606 2778 765 2811 potentes.
806 2774 916 2802 Sensus
941 2776 991 2801 est.
1018 2772 1143 2801 romani
1169 2771 1289 2808 nobiles,
1327 2772 1381 2809 qui
1408 2776 1482 2800 sunt
1507 2772 1632 2809 equites
1659 2774 1689 2799 et
1716 2774 1825 2808 patres
1851 2770 1907 2801 Se—

70 2834 196 2861 natores
222 2836 253 2860 θῖ
278 2831 410 2867 diuites,
438 2831 464 2860 si
491 2830 616 2868 aliquid
643 2834 727 2867 turpe
751 2829 799 2858 uel
823 2830 1028 2859 inhonestum
1054 2838 1160 2858 corani
1186 2828 1233 2857 eis
1258 2828 1357 2857 fuerit
1382 2829 1552 2865 prolatum.
1588 2827 1662 2856 Nec7
1690 2831 1749 2856 etc.
1788 2826 1908 2857 Sensus

70 2891 121 2917 est
145 2897 205 2917 om.
231 2896 257 2928 γ.
284 2888 392 2925 posui:
431 2887 493 2925 Eq.
532 2887 620 2916 Rom.
660 2890 691 2916 et
716 2891 780 2924 pat..
809 2895 888 2923 sen.⁷
927 2886 1044 2924 quibus
1070 2890 1147 2915 sunt
1173 2885 1276 2915 subst.
1303 2888 1363 2913 etc.
1391 2893 1470 2922 quos
1495 2884 1544 2912 off.
1573 2887 1633 2913 etc.
1670 2892 1730 2912 om.
1759 2882 1797 2914 G.
1850 2884 1905 2922 17)

70 2943 107 2972 Id
132 2962 171 2965 -ν
201 2944 323 2973 romani
350 2953 375 2984 γ.
405 2944 474 2972 rell.
503 2953 563 2973 0111.
590 2943 663 2972 Non
689 2952 802 2980 graues
828 2952 888 2971 om.
914 2951 940 2983 γ.
994 2942 1048 2980 19)
1076 2942 1130 2979 qui
1158 2942 1215 2970 cie.
1245 2945 1276 2970 et
1302 2951 1356 2970 nu.
1385 2944 1497 2970 emunt
1522 2950 1582 2969 om.
1601 2949 1627 2980 γ.
1655 2939 1783 2970 Scholia
1808 2940 1848 2969 ad
1874 2950 1905 2969 u.

72 3000 134 3030 249
161 3005 192 3030 et
218 3002 281 3030 ‘250
309 3010 370 3029 om.
397 3000 427 3028 N
452 2999 538 3037 Med,
566 2999 692 3036 G‚1·vca.
742 2999 799 3037 20)
827 2998 986 3028 donantue.
1014 3001 1219 3027 remunerant
1240 2996 1274 3026 C.
1341 2997 1398 3034 21)
1426 2997 1462 3025 Id
1489 2999 1535 3025 est
1559 2996 1688 3025 breuem
1715 3005 1854 3034 sequens
1879 3006 1906 3038 γ.

69 3057 139 3086 1·θ11.
166 3066 226 3086 om.
253 3057 335 3086 conf.
356 3055 398 3086 O:
426 3057 555 3085 breuem
583 3056 741 3094 syllabam
768 3055 979 3093 subsequens.
1006 3055 1071 3096 Btp:
1106 3054 1151 3083 br.
1176 3053 1315 3084 subiecta.
1343 3053 1497 3091 syllabae.
1547 3052 1604 3091 22)
1630 3052 1757 3082 iambus
1782 3062 1809 3092 γ.
1836 3054 1906 3082 rell.

71 3121 132 3142 om.
159 3111 245 3151 Lege
271 3112 371 3143 schol.
397 3122 448 3150 ap.
477 3111 512 3141 C.

1934 897 1972 929 10

1931 1265 1971 1296 15
