2148 3412
818 142 867 174 IN
892 141 1038 175 EPIST.
1064 142 1090 183 1,
1117 145 1170 174 20.
1827 130 1906 171 507

196 266 259 305 27.
297 265 451 315 Quater
486 265 677 306 undenos.
752 264 902 307 Annos
934 272 1128 321 quattuor
1159 273 1197 306 ct
1229 265 1511 322 quadraginta
1542 265 1656 315 dicit,
1702 272 1741 306 et
1786 264 1910 306 simul

81 337 273 387 ostendit,
305 345 345 379 et
375 352 456 392 quo
488 352 630 379 mense
660 346 794 389 natus,
841 347 881 380 et
913 355 994 394 quo
1026 355 1135 382 anno
1167 340 1314 382 aetatis
1345 355 1443 382 suae
1473 339 1584 381 hunc
1615 338 1910 394 perscripserit

80 411 246 452 librum.

192 486 257 526 28.
295 485 497 539 Colleyam
532 485 723 541 Lepidum
754 499 829 541 quo
860 486 980 527 duxit
1007 486 1169 528 Lollius.
1243 486 1449 542 Figurate
1480 501 1557 541 pro
1588 501 1650 537 eo,
1684 486 1796 541 quod
1826 493 1906 527 est:

81 572 204 613 quem
236 573 392 599 annum
423 558 589 600 Lollius
620 559 741 599 duxit
771 574 864 600 cum
898 559 1062 615 collega
1091 559 1273 615 Lepido.
1333 558 1391 600 Et
1423 561 1543 601 duxit
1576 559 1692 616 [pro]
1727 559 1908 601 ‘sortitus

80 633 152 673 est'
184 631 455 687 accipiamus,
502 633 600 686 quia
631 641 776 674 sortem
808 634 906 675 duci
932 633 1122 675 dicimus.
1194 632 1366 674 Etenim
1398 633 1559 674 tamdiu
1589 633 1682 687 quis
1725 632 1908 689 [collega

79 705 250 762 dicitur]
283 705 490 761 collegam
522 706 647 754 ducit,
684 706 886 760 quamdiu
930 706 1021 762 ipse
1070 706 1203 764 [cum]
1253 706 1416 762 collega
1462 713 1533 757 est,
1578 713 1751 762 propter
1796 707 1908 761 quod

78 779 158 821 hoc
186 793 336 821 nomen
367 777 443 836 [ad
472 779 633 834 aliquid
663 779 836 837 dicitur]
869 780 1062 822 adicitur.

81 929 126 969 a).
152 929 220 959 rell.
239 930 373 959 diceret.
393 930 487 959 scient
506 930 522 959 2
543 934 574 960 et
592 930 660 973 sz:
689 931 777 960 Forte
801 940 904 960 meum.
931 931 1006 969 quia
1022 940 1086 961 non
1104 939 1212 961 omnes
1231 930 1340 961 scient.
1390 931 1448 970 29)
1475 931 1563 960 solus
1589 931 1642 969 qui
1663 930 1764 969 (teste
1781 930 1906 970 Halm.)

80 987 273 1026 quaesiuerit
297 986 340 1015 M.
367 987 536 1025 quesiuerit
560 987 594 1016 R.
621 988 689 1017 rell.
715 987 898 1026 quaesierit.

192 1043 227 1082 2)
255 1044 369 1073 librum
396 1053 457 1073 om.
483 1043 571 1074 vafh.
596 1044 778 1082 perscripsit
802 1043 862 1074 2G.
892 1062 928 1066 -—
954 1054 1011 1083 per
1034 1044 1067 1074 id
1089 1054 1150 1074 om.
1176 1045 1261 1074 libri.
1282 1054 1342 1083 pro
1366 1054 1398 1073 eo
1424 1043 1461 1079 Q.
1527 1043 1561 1082 5)
1588 1044 1676 1073 dixit
1701 1043 1758 1073 R2.
1786 1061 1826 1064 —
1853 1053 1908 1082 pro

78 1101 123 1130 fh.
150 1101 219 1129 rell.
244 1110 304 1130 om.
355 1101 388 1139 7)
414 1101 484 1130 coll.
512 1100 590 1130 dicit
612 1101 715 1130 MRA.
749 1102 840 1139 posui
867 1102 964 1130 ducit.
990 1102 1112 1140 collega
1137 1101 1245 1131 dicitur
1269 1101 1366 1136 vth.
1405 1101 1522 1130 dicitur
1558 1101 1631 1130 coll.
1669 1110 1697 1130 a.
1735 1101 1804 1138 ipse
1838 1110 1908 1130 cum

77 1157 201 1195 collega
227 1157 291 1195 (est
318 1156 361 1194 Q)
383 1157 498 1192 vath.
529 1158 597 1195 ipse
623 1158 694 1187 coll.
722 1162 772 1188 est
797 1157 954 1189 MRA2G.
974 1175 1014 1178 —
1033 1163 1160 1196 propter
1184 1176 1226 1180 -
1252 1159 1372 1187 dicitur
1397 1167 1479 1187 omn.
1504 1158 1591 1187 libri.
1618 1156 1645 1191 Q
1670 1156 1807 1187 fatetur:
1835 1157 1908 1186 ‘Po-

80 1218 195 1244 strema
221 1223 284 1243 non
321 1214 499 1252 adsequor)
527 1214 687 1252 Equidem
712 1215 822 1253 posui:
850 1224 938 1253 prop.
966 1225 996 1253 q.
1022 1215 1082 1244 hoc
1105 1224 1221 1245 nomen
1240 1216 1297 1253 (sc.
1316 1214 1444 1254 colleya)
1469 1213 1610 1243 adicitur.
1636 1213 1709 1243 Vox
1726 1213 1842 1252 aliquid
1866 1223 1908 1243 ex

79 1271 179 1309 primo
206 1271 326 1301 scholio
353 1271 511 1309 epistulae
537 1281 612 1310 seq,
641 1276 677 1302 ut
702 1281 765 1302 non
791 1281 860 1302 raro
888 1272 934 1310 fit,
960 1276 1187 1310 transsumpta
1211 1273 1349 1302 uidetur.

665 1402 1055 1446 EPISTVLARV
1062 1403 1111 1444 M
1140 1403 1256 1445 LIB.
1288 1403 1321 1444 I.

835 1475 1148 1519 EXPLICIT.

640 1624 883 1667 INCIPIT.
914 1624 971 1666 II.
1002 1623 1347 1667 FELICITER.

960 1696 1037 1735 (M).
