2148 3412
792 121 839 153 IN
865 121 1010 154 nrrs'r.
1038 122 1061 159 1,
1092 125 1141 154 15.
1802 108 1884 149 445

52 247 278 305 perductus
309 252 429 296 esset,
462 251 633 287 curante
664 244 834 287 Amelio
864 246 1042 296 medico,
1075 246 1148 300 qui
1178 261 1275 287 eum
1306 245 1411 287 adeo
1443 244 1592 287 calidis
1623 244 1810 294 curabat,
1842 251 1888 286 ut

53 328 206 364 tectum
237 319 421 362 cubiculi
452 320 542 361 eius
573 319 802 361 uelleribus
832 320 1027 370 muniret,
1072 320 1141 361 hic
1171 326 1330 375 postea,
1376 320 1419 360 in
1451 318 1707 361 contrarium
1752 319 1886 359 uersis

53 394 260 443 omnibus,
291 408 376 435 non
420 393 555 435 solum
600 393 913 449 perfusionibus
949 393 1118 447 frigidis
1158 393 1231 434 sed
1269 393 1395 433 etiam
1436 392 1779 448 gargarizatione
1812 390 1886 434 Ci-

53 467 300 512 ceronianae
331 481 477 522 aquae,
510 465 690 517 Atellae,
723 467 766 507 in
799 467 922 508 domo
956 464 1166 516 Caesaris,
1206 473 1246 507 et
1275 466 1517 521 potionibus
1548 466 1754 516 utebatur,
1787 466 1885 523 (ita)

52 550 96 584 ut
124 541 235 583 intra
263 540 392 582 breue
424 547 589 595 tempus
620 555 715 581 eum
747 548 943 582 curasset.
978 539 1048 581 Ob
1081 555 1207 595 quam
1238 554 1326 581 rem
1359 540 1411 581 ab
1442 538 1638 595 Augusto
1669 555 1800 595 usque
1832 540 1886 581 ad

53 614 286 658 sestertium
318 614 664 670 quadringenties
696 620 735 655 et
766 621 934 655 senatus
965 613 1154 656 consulto
1187 613 1361 668 accepit.

164 704 271 731 saue.
333 688 485 738 Valde,
516 695 560 729 ut
592 688 810 730 Sallustius
841 684 972 744 (Hi'st.
1002 687 1059 738 II,
1092 689 1143 728 71
1176 686 1408 742 Dietsch.):
1448 687 1542 729 belle?
1570 702 1668 728 sarae
1699 688 1884 743 scz'eus.*)

163 764 202 803 4.
235 777 325 804 cum
349 762 533 818 perluor.
593 760 664 804 Al.
698 776 793 803 cum
824 761 1040 816 perueltor.

166 835 222 892 [5.
254 844 436 878 murteta.
495 834 676 891 Proprie
707 843 802 876 sunt
823 850 957 889 aquae
979 835 1229 889 sulphureae
1252 841 1376 890 atque
1399 833 1587 876 salubres
1608 834 1662 875 ad
1683 834 1887 888 quasdam

52 909 313 952 infirmitates
344 909 638 965 depellendas:
686 909 831 964 quales
862 916 979 950 erant
1013 909 1126 964 apud
1156 908 1298 958 Baias,
1347 908 1401 949 ad
1431 923 1535 964 quas
1565 908 1806 962 frequenter
1837 921 1887 948 ex

52 983 230 1025 diuersis
260 983 452 1039 partibus
482 983 735 1025 adfluebant.
798 981 883 1024 Sed
914 990 1137 1038 postquam
1168 982 1221 1024 ob
1251 981 1561 1038 longitudinem
1601 981 1764 1023 itineris
1795 995 1890 1023 coe-

51 1058 211 1114 pissent
240 1049 477 1112 derelinqui
507 1065 547 1099 et
577 1058 631 1098 ad
663 1055 861 1099 Clusinos
891 1058 1026 1099 fontes
1057 1063 1097 1097 et
1127 1057 1181 1098 ad
1214 1054 1390 1106 Gabios,
1427 1055 1500 1097 ubi
1545 1062 1664 1096 erant
1706 1054 1889 1112 frigidae

52 1146 209 1188 aquae,
260 1131 498 1186 coepissent
542 1145 805 1181 concurrere,
852 1131 1102 1173 intermissis
1149 1129 1263 1180 Bais,
1310 1129 1433 1178 dicit,
1480 1133 1589 1184 quod
1634 1129 1724 1185 ipse
1769 1128 1889 1170 uicus

53 1206 190 1261 coepit
219 1205 499 1261 ingemiscere
531 1212 795 1260 contemptus
826 1206 870 1246 in
901 1205 1021 1260 aquis
1053 1205 1150 1246 suis.
1212 1204 1330 1245 Dicit
1361 1210 1500 1246 autem
1535 1211 1708 1245 murteta
1729 1204 1746 1258 Η
1768 1203 1889 1257 quasi

52 1286 270 1330 mortueta,
304 1279 416 1335 quod
447 1293 592 1321 omnes
623 1279 789 1320 animae
820 1286 1079 1321 mortuorum
1111 1278 1208 1319 inde
1240 1278 1396 1319 inferos
1427 1286 1570 1333 petere
1592 1276 1848 1333 credantur]
1873 1277 1887 1332 Η

164 1362 350 1395 murteta.
412 1354 593 1397 Murteta
623 1368 709 1394 non
739 1353 866 1409 longe
899 1352 952 1394 ab
983 1351 1160 1393 Auerno
1191 1352 1285 1393 lacu
1317 1358 1414 1393 sunt
1445 1350 1593 1393 calidis
1614 1351 1735 1405 aquis
1756 1350 1890 1392 abun-

53 1427 209 1478 dantia,
241 1427 314 1469 sed
345 1442 429 1469 non
460 1427 556 1469 ideo
586 1434 779 1483 myrteta,
812 1427 924 1482 quod
954 1426 1126 1468 arbores
1157 1426 1283 1482 myrti
1314 1425 1510 1475 habeant,
1543 1425 1616 1466 sed
1639 1424 1758 1479 quasi
1781 1439 1889 1466 mor-

54 1510 174 1553 uteta,
208 1501 320 1556 quod
351 1516 495 1543 omnes
526 1502 689 1543 animas
721 1508 980 1543 mortuorum
1012 1501 1110 1542 inde
1143 1501 1299 1542 inferos
1330 1507 1473 1556 petere
1506 1500 1745 1542 credantur.

167 1577 203 1618 6.
236 1577 440 1632 Dictaque.
502 1574 571 1617 De
603 1575 758 1630 quibus
790 1576 948 1617 dictum
981 1581 1054 1626 est,
1091 1575 1163 1632 [te]
1198 1576 1281 1617 scil.
1314 1576 1499 1632 sulpura.

166 1658 381 1692 cessantem
413 1651 548 1691 neruis
580 1651 668 1691 elul.
703 1665 778 1691 mo.
836 1650 1017 1705 Pigrum
1048 1657 1088 1691 et.
1118 1649 1260 1692 neruis
1295 1649 1510 1706 [inertem]
1543 1649 1801 1690 haerentem.

166 1726 202 1765 7.
234 1725 350 1766 uicus
378 1725 506 1779 qemz't.
568 1723 784 1764 Baiarum.

167 1799 203 1838 7.
235 1799 272 1839 8.
304 1798 468 1839 z'uue'tlus
501 1799 645 1853 aeyris,
682 1798 766 1849 Qut*
794 1813 878 1855 cap.
908 1806 943 1840 el
964 1798 1223 1840 stomachum.
1282 1796 1419 1838 Mire:
1452 1796 1656 1846 inuident,
1690 1795 1890 1851 quoniam

54 1887 148 1914 raro
179 1871 354 1913 salutem
386 1886 504 1913 suam
536 1878 696 1913 curant.

192 2004 226 2045 2)
252 2006 304 2036 hic
322 2009 429 2044 postea
455 2004 490 2034 C.
517 2005 547 2034 h.
574 2009 679 2035 contra
703 2015 721 2047 γ
757 2004 879 2043 (ortum
905 2014 946 2034 ex
973 2014 1038 2044 seq.
1068 2004 1283 2043 conto-micon).
1349 2004 1383 2043 3)
1406 2003 1651 2043 perfusionibus
1677 2003 1710 2034 C.
1733 2003 1836 2042 praef.
1864 2013 1890 2045 γ.

55 2080 96 2083 ——
109 2059 364 2102 gargariiatione
382 2062 459 2101 (sic)
478 2073 505 2105 γ.
533 2062 572 2092 cf.
589 2061 676 2092 Cels.
692 2063 730 2099 V,
748 2063 776 2092 2.
804 2062 857 2099 VI,
877 2064 915 2093 10
942 2062 1026 2091 Plin.
1041 2062 1144 2097 XXII,
1165 2062 1216 2091 25.
1244 2061 1362 2097 XXIII,
1380 2062 1397 2090 8
1425 2061 1556 2099 (aquam
1582 2062 1720 2091 calidam
1745 2062 1891 2100 gargari-

56 2117 151 2161 zare).
176 2119 385 2159 gangarismz's
403 2119 437 2150 C.
489 2120 523 2158 4)
551 2119 694 2149 cz'cenine
711 2129 737 2161 γ,
764 2129 830 2149 11011
855 2118 1066 2156 eaecinianae,
1093 2128 1111 2147 a
1136 2118 1233 2148 fluuio
1260 2118 1324 2147 illo.
1344 2117 1410 2147 Cic.
1437 2118 1476 2146 ad
1501 2118 1577 2147 Diu.
1593 2117 1647 2155 VI,
1664 2118 1693 2147 5.
1720 2118 1806 2147 Ρ1111.
1833 2118 1891 2155 ΙΙΙ,

57 2177 86 2215 5,
112 2177 167 2206 sed
195 2175 434 2215 Cz'cerionz'anae,
461 2186 541 2216 quae
578 2177 679 2207 oculis
706 2181 797 2207 erant
823 2177 978 2206 salubres.
1005 2176 1090 2205 Plin.
1116 2175 1233 2212 XXXI,
1261 2177 1290 2205 2.
1318 2174 1481 2204 Cieerinae
1509 2174 1544 2204 C.
1572 2174 1683 2204 Atella
1708 2175 1766 2204 illa
1793 2174 1892 2205 Osco-

56 2244 124 2264 rum
147 2235 223 2264 urbs
248 2234 422 2264 fatueretur
446 2244 472 2276 γ.
498 2243 568 2263 usus
592 2237 634 2263 est
659 2233 695 2263 C.
722 2234 813 2272 posui
840 2233 992 2263 utebatur.
1033 2237 1110 2263 nota
1146 2232 1211 2262 Cic.
1249 2233 1327 2271 Agr.
1352 2232 1394 2269 ΙΙ,
1422 2233 1475 2261 31.
1516 2232 1586 2261 Liu.
1611 2231 1725 2268 XXVI,
1756 2233 1805 2261 16.
1833 2231 1890 2261 Sil.

56 2290 110 2329 XI,
139 2292 189 2321 14.
217 2309 258 2312 ψ
284 2291 327 2321 ita
350 2295 386 2320 ut
414 2292 434 2320 i.
462 2292 492 2320 b.
519 2296 543 2321 t.
570 2300 635 2320 eum
660 2294 784 2320 curaret
806 2289 842 2319 C.
910 2291 944 2328 5)
970 2299 1040 2319 011111
1066 2300 1126 2320 0111.
1154 2299 1179 2330 γ.
1208 2307 1248 2310 ἡ
1275 2290 1314 2319 01)
1341 2299 1437 2328 quam
1463 2298 1588 2319 eausam
1614 2287 1649 2318 C.
1688 2298 1816 2318 causam
1841 2290 1893 2318 uel

56 2356 118 2377 rem
144 2357 204 2378 om.
222 2357 247 2390 γ.
274 2348 363 2378 Idem
389 2357 539 2378 numerus
564 2346 618 2377 HS
645 2346 755 2377 CCCC
773 2346 839 2377 Cic.
867 2346 955 2376 Vei-r.
980 2346 1020 2383 II,
1050 2347 1100 2376 10.
1152 2347 1185 2385 6)
1212 2350 1239 2375 et
1263 2355 1330 2376 sen.
1357 2356 1385 2388 γ.
1448 2346 1483 2384 8)
1509 2345 1560 2375 Ar.
1586 2355 1656 2375 cum
1682 2346 1840 2384 peruehor
1866 2356 1892 2387 γ.

57 2405 201 2442 perriuor
224 2406 265 2435 al.
292 2405 441 2442 peruehor
464 2404 573 2434 Ambr.
599 2405 738 2435 Vetusta
762 2414 827 2433 uar.
854 2404 951 2433 lectio
972 2403 1124 2442 perueltor
1150 2404 1250 2433 etiam
1275 2405 1308 2433 in
1327 2404 1420 2434 codd.
1440 2404 1625 2433 inuenitur:
1662 2403 1732 2432 Par.
1752 2403 1793 2431 F:
1823 2412 1892 2441 per-

57 2461 155 2491 uehor
181 2462 241 2500 (gl.
261 2462 414 2501 perluor).
441 2462 589 2491 Ambros.
616 2462 651 2497 Q.
682 2462 756 2490 126.
783 2469 865 2490 saec.
890 2460 954 2489 XI:
992 2461 1146 2498 peruehor
1169 2460 1219 2489 uel
1241 2460 1317 2490 Iuor.
1344 2461 1400 2490 alii
1426 2460 1591 2490 Ambross.
1618 2463 1653 2490 ut
1676 2459 1712 2489 E.
1741 2461 1781 2489 52
1809 2469 1892 2489 saec.

57 2517 101 2547 X:
131 2518 267 2557 perluor,
300 2519 343 2557 gl.
378 2519 497 2549 abluor.
531 2518 571 2547 D.
602 2519 652 2548 12.
688 2518 745 2547 inf.
777 2528 860 2548 saec.
876 2517 939 2547 XI:
961 2517 1096 2555 perluor,
1117 2517 1160 2556 gl.
1178 2518 1310 2548 balneor
1329 2522 1389 2547 etc.
1438 2518 1473 2556 9)
1501 2517 1618 2547 Totum
1637 2517 1736 2547 schol.
1761 2517 1893 2556 Proprie

58 2591 99 2596 -—
124 2575 289 2605 credantur
313 2579 445 2606 tuentur
470 2575 605 2610 veath.
632 2584 649 2617 γ
674 2585 734 2605 om.
769 2575 908 2613 priorem
933 2579 1057 2613 partem
1082 2584 1101 2604 a
1125 2574 1259 2613 Proprie
1284 2584 1386 2613 usque
1411 2575 1452 2603 ad
1486 2574 1584 2613 quasi,
1622 2573 1758 2603 offerens
1795 2574 1891 2604 haec:

58 2636 189 2662 murteta.
214 2636 341 2662 murteta
365 2642 429 2662 non
454 2633 549 2670 longe
585 2633 624 2661 ab
649 2631 777 2661 Auerno
802 2633 875 2661 lacu
902 2636 977 2662 sunt
1005 2632 1122 2662 calidis
1148 2633 1239 2671 aquis
1265 2631 1501 2662 habundantia.
1542 2631 1598 2661 sed
1622 2641 1684 2661 non
1718 2631 1790 2660 ideo
1814 2631 1893 2660 mir-

59 2692 134 2726 teta,
159 2690 244 2728 quod
269 2689 396 2719 arbores
421 2688 511 2719 mz'rti
534 2689 687 2726 habeant,
716 2689 770 2718 sed
798 2690 889 2727 quasi
915 2707 954 2710 Α
983 2689 1175 2719 credantur.y
1203 2689 1285 2719 conf.
1315 2688 1355 2719 C:
1388 2689 1471 2718 ‘Non
1497 2689 1590 2727 longe
1618 2706 1654 2709 —
1684 2689 1892 2724 abundantia,

60 2755 138 2784 quae
163 2747 333 2776 creduntur
361 2747 399 2775 ab
425 2746 536 2776 inferis
562 2745 702 2776 refundi.
730 2746 806 2776 hinc
832 2750 968 2776 murteta
991 2746 1080 2785 quasi
1101 2751 1246 2776 mortueta
1271 2746 1462 2785 quibusdam
1500 2746 1661 2782 dicuntur,
1697 2745 1776 2784 quod
1810 2744 1893 2776 illinc

60 2802 175 2832 animae
199 2812 323 2842 quoque
349 2807 546 2833 mortuorum
570 2803 686 2841 inferos
704 2807 819 2842 petant.
837 2801 927 2844 'ttSed
952 2807 1093 2833 murteta
1117 2805 1245 2842 proprie
1271 2813 1288 2832 a
1314 2803 1433 2842 myrtis
1458 2802 1683 2840 frequentibus
1710 2802 1798 2832 dicta
1816 2805 1894 2832 sunt.

61 2868 160 2898 aquae
186 2860 347 2890 sulfureae
371 2878 412 2881 —--
438 2859 568 2890 homines
593 2861 791 2890 confluebant
819 2878 859 2880 ——
884 2860 988 2890 fontes
1017 2860 1191 2899 Gabiosque,
1224 2861 1279 2890 ubi
1307 2863 1399 2889 erant
1425 2869 1474 2897 aq.
1502 2858 1551 2894 fr.‚
1591 2858 1770 2888 intermissi
1804 2858 1894 2888 Baiis

63 2925 259 2954 concurrere,
285 2917 366 2947 dicit
392 2917 477 2955 quod
502 2918 571 2955 ipse
597 2918 687 2947 uicus
705 2917 851 2947 Baianus
877 2918 1047 2948 contemtis
1075 2918 1141 2947 suis
1168 2918 1258 2955 aquis
1284 2918 1388 2955 coepit
1414 2916 1647 2954 ingemiscere)
1675 2916 1894 2954 ingemescere

62 2971 136 3011 th,
162 2974 243 3004 falso
269 2974 408 3013 quidem,
435 2983 507 3004 nam
533 2975 690 3013 ingemere
717 2973 814 3013 (prOS.
843 2980 874 3004 et
899 2975 1002 3014 poet.)
1030 2978 1157 3005 tantum
1182 2974 1348 3004 dicebatur
1373 2977 1404 3003 et
1430 2972 1638 3011 ingemiscere
1664 2972 1796 3012 (pros.)⁷
1831 2981 1893 3002 non

63 3029 279 3069 ingemescere.
332 3033 387 3071 16)
413 3035 552 3062 murteta
576 3042 602 3074 γ.
630 3031 780 3062 mut-theta
806 3049 847 3052 ——
872 3031 1008 3062 murthea
1025 3041 1055 3061 v.
1080 3034 1220 3071 myrteta
1244 3030 1356 3065 cath.
1410 3029 1465 3068 19)
1491 3029 1540 3058 De
1560 3047 1596 3050 —
1615 3030 1747 3068 sulpura
1771 3039 1798 3071 γ.
1823 3029 1892 3059 rell.

65 3096 123 3117 om.
187 3088 244 3128 20)
270 3088 402 3127 Pigrum
428 3093 459 3119 et
484 3099 517 3118 n.
543 3090 636 3119 inert.
664 3088 893 3127 (inhaerentem
919 3088 960 3127 C)
986 3088 1056 3131 ·(,C.
1084 3089 1152 3118 rell.
1180 3098 1240 3118 om.
1304 3087 1362 3125 21)
1388 3086 1537 3116 Baiarum
1563 3096 1587 3128 γ,
1614 3087 1684 3117 rell.
1710 3095 1768 3116 om.
1834 3087 1892 3125 22)

64 3142 146 3175 Mire
172 3163 212 3167 —
238 3150 352 3177 curant
375 3155 403 3189 γ.
422 3146 492 3176 rell.
511 3156 572 3179 om.
621 3145 656 3183 Ὅ
671 3144 804 3185 faciens
829 3156 855 3189 γ.
881 3145 984 3176 sciens
1009 3146 1151 3176 Dietsch.
1176 3145 1199 3175 1.
1225 3145 1245 3175 l.
1271 3143 1374 3174 Kritz.
1403 3144 1454 3173 91.
1482 3142 1571 3173 Gerl.
1599 3143 1652 3173 35.
1680 3143 1733 3173 36.

1935 547 1953 577 ΕΠ

1916 914 1955 946 10

1915 1284 1954 1316 15
