2148 3412
821 139 869 171 IN
896 139 1033 172 SERM.
1058 140 1084 178 1,
1111 143 1140 172 7.
1815 129 1893 168 141

185 264 362 305 32—34.
395 263 500 305 Italo
523 278 567 320 p.
600 278 637 305 a.
695 262 889 304 Romana
919 262 1198 305 amaritudine
1228 269 1268 304 et
1287 263 1366 305 hoc
1386 269 1559 319 propter
1579 262 1793 305 arbustum
1814 262 1839 304 i.
1863 277 1897 304 e.

74 337 262 380 adflictus
290 336 398 377 Itala
426 336 711 379 mordacitate.

180 424 255 467 per
284 424 335 451 m.
367 411 416 452 B.
448 411 484 452 d.
516 420 560 452 te.
619 410 704 452 Iste
735 418 808 461 est,
839 410 912 465 qui
944 408 1171 451 Caesarem
1201 408 1367 451 occidit.

185 484 254 539 qui
279 498 361 538 req.
393 499 424 525 c.
457 484 536 525 toll.
610 481 700 524 Aut
729 490 901 538 propter
933 481 1161 525 Caesarem
1191 482 1298 524 dixit
1326 482 1418 533 hoc,
1464 483 1536 538 qui
1567 490 1628 525 est
1656 483 1899 525 interfectus

25 598 27 604 ,
74 557 117 599 in
147 563 293 598 senatu
322 570 347 597 a
379 554 528 598 Cassio
559 563 600 597 et
627 555 774 606 Bruto,
806 564 877 597 aut
907 556 1006 611 quia
1037 555 1246 611 originem
1277 555 1457 598 ducebat
1488 572 1512 597 a
1542 555 1688 607 Bruto,
1722 557 1792 612 qui
1823 571 1898 612 pe-

75 629 182 687 pulit
212 629 263 670 de
293 629 396 671 urbe
427 629 694 684 Tarquinios.

805 813 1157 858 PORPHYRION.

186 923 414 978 Proscripti
440 922 560 978 Reyz's
591 922 733 978 Rupili
752 936 834 979 pus
863 931 936 978 atq.
968 937 1058 964 uen.
1119 921 1217 964 Hoc
1247 922 1291 964 in
1321 922 1539 978 Rupilium
1573 922 1737 978 Regem
1767 921 1899 964 Prae-

74 995 295 1046 nestinum,
327 995 446 1037 cuius
466 995 774 1037 contentionem
797 1010 890 1037 cum
911 995 1059 1038 Persio
1091 1007 1389 1039 commemorat
1410 999 1427 1051 Η
1449 995 1582 1039 Cuius
1612 996 1734 1038 Persi
1763 996 1901 1038 iocum

75 1070 200 1112 refert
239 1071 256 1124 Η
295 1069 367 1124 qui
388 1069 581 1123 quamuis
604 1067 795 1111 Graecus
825 1069 904 1110 fuit
938 1071 955 1123 Η
993 1068 1081 1125 [hic
1101 1069 1293 1127 Persius]
1334 1070 1545 1112 ciuitatem
1576 1077 1717 1112 tamen
1745 1069 1901 1112 Roma-

75 1158 172 1184 nam
204 1149 451 1197 sumpserat,
483 1142 594 1183 unde
626 1142 832 1198 hybridem
865 1143 1027 1198 (eumP)
1060 1142 1257 1198 adpellat.
1293 1145 1309 1198 Η
1343 1143 1391 1185 P.
1423 1143 1620 1199 Rupilius
1651 1143 1902 1199 cognomine

75 1215 179 1266 Rex,
208 1215 521 1266 Praenestinus,
553 1222 648 1271 post
678 1216 865 1267 exilium,
899 1217 943 1257 in
975 1216 1087 1270 quod
1118 1216 1370 1272 dampnatus
1401 1218 1660 1273 profugerat,
1706 1217 1901 1258 militauit

75 1290 120 1331 in
148 1288 297 1330 Africa
329 1287 510 1346 [Attica]
545 1289 621 1331 sub
642 1289 761 1330 Attio
801 1289 931 1331 Varo.
991 1289 1161 1331 Deinde
1193 1305 1286 1332 cum
1318 1297 1560 1346 praeturam
1592 1297 1770 1346 gereret,
1802 1305 1901 1346 pro-

77 1363 254 1417 scriptus
285 1377 310 1403 a
329 1362 561 1404 triumuiris
592 1363 781 1419 confugit
811 1363 865 1404 ad
885 1361 1065 1404 Brutum
1097 1371 1137 1405 et
1166 1364 1275 1405 inter
1306 1364 1478 1406 comites
1507 1363 1675 1405 habitus
1706 1370 1778 1405 est.
1835 1363 1904 1405 Ibi

76 1435 323 1478 militantem
353 1434 579 1477 Horatium
601 1435 803 1478 Flaccum
834 1436 974 1491 iurgio
995 1436 1221 1488 lacessiuit,
1252 1444 1426 1493 propter
1447 1437 1559 1492 quod
1580 1434 1903 1478 amaritudinem

77 1509 160 1552 stili
189 1515 313 1564 poeta
342 1508 387 1550 in
417 1523 511 1550 eum
543 1509 721 1551 strinxit.

189 1584 361 1640 hybrida
392 1597 466 1639 quo
491 1592 610 1640 pacto
642 1587 690 1624 sit
724 1584 889 1625 Persius
920 1583 1042 1625 ultus.
1101 1582 1276 1625 Persius
1301 1581 1599 1626 Clazomenius
1628 1584 1726 1634 fuit3
1758 1583 1904 1639 hybri-

78 1657 155 1699 dae
186 1664 324 1699 autem
354 1657 525 1712 proprie
556 1657 751 1699 dicuntur
781 1672 919 1708 canes,
952 1657 1023 1713 qui
1054 1671 1106 1698 ex
1135 1657 1355 1712 inparibus
1375 1657 1658 1714 [parentibus]
1677 1657 1764 1698 nati
1794 1664 1901 1708 sunt,
1931 1672 1936 1682 ·

77 1730 156 1773 hoc
185 1737 258 1781 est,
305 1745 354 1772 ex
384 1730 578 1772 uenatico
609 1738 649 1771 et
679 1731 889 1786 gregario.
950 1729 1022 1771 Ad
1052 1731 1161 1772 hanc
1192 1731 1510 1772 similitudinem
1553 1731 1752 1772 uidelicet
1793 1730 1906 1772 hunc

77 1803 247 1846 Persius
277 1811 472 1859 parentes
516 1803 713 1846 habuisse
744 1804 769 1844 i.
802 1819 835 1845 e.
870 1802 1085 1846 Graecum
1116 1811 1155 1845 et
1185 1803 1422 1845 Romanam
1469 1811 1540 1846 aut
1582 1804 1820 1846 Romanum
1866 1811 1905 1845 et

82 1875 290 1920 Graecam
323 1883 363 1919 et
392 1877 488 1919 ideo
519 1878 732 1934 hybridam
764 1877 1021 1933 adpellatum
1057 1877 1260 1935 [opinor]

193 2067 227 2106 6)
255 2067 293 2096 de
318 2066 437 2097 ciuitate
460 2068 643 2106 tarquinios
668 2076 694 2109 γ.
720 2067 789 2097 rell.
815 2068 853 2097 de
878 2067 955 2097 urbe
979 2067 1184 2105 Tarquinios.

191 2122 344 2153 PORPH.
393 2123 503 2154 Sermo
528 2125 686 2163 septimus
714 2125 743 2156 2.
796 2124 850 2162 10)
877 2124 985 2162 ruptili
1009 2123 1044 2152 M
1069 2124 1103 2153 in
1128 2125 1211 2160 lem.7
1237 2122 1377 2152 rutilium
1402 2124 1435 2152 in
1453 2123 1584 2153 scholio.
1611 2122 1709 2160 rfipili
1725 2133 1746 2152 v
1764 2123 1795 2152 in
1820 2124 1907 2160 lem„

43 2213 45 2228 Ι
86 2180 245 2209 ructilium
270 2181 303 2209 in
329 2181 457 2211 scholIO.
484 2198 525 2201 -—
551 2185 682 2219 prenest
707 2180 751 2210 M.
804 2180 859 2219 11)
886 2180 995 2209 Publii
1020 2181 1129 2218 rupilii
1154 2181 1238 2219 regis
1264 2180 1503 2209 contentionem
1528 2189 1598 2210 cum
1623 2180 1728 2217 persio
1753 2179 1907 2218 siyng'jz'cat.

88 2236 141 2274 qui
166 2244 224 2265 rex
249 2240 321 2274 post
347 2237 481 2266 exilium
506 2237 539 2267 in
565 2237 647 2275 quod
672 2246 689 2266 a
713 2237 928 2275 proenestinis
965 2237 1082 2275 quibus
1119 2237 1277 2275 regnabat
1313 2237 1506 2274 dampnatus
1543 2236 1647 2266 fuerat
1681 2236 1840 2265 militauit
1876 2236 1908 2264 in

44 2326 47 2341 Ι
85 2291 229 2322 attica—
247 2293 413 2323 lacessiuit
436 2298 565 2332 propter
590 2294 675 2332 quod
699 2297 794 2332 poeta
819 2294 1071 2323 amaritudinem
1095 2294 1163 2323 stili
1190 2294 1224 2323 in
1250 2303 1320 2323 eum
1345 2293 1465 2323 clio-exit.
1512 2293 1610 2323 Ponit
1635 2296 1742 2322 autem
1767 2293 1909 2330 persium

85 2349 118 2378 in
142 2358 198 2378 sua
222 2359 368 2388 persona.
396 2359 469 2379 nam
495 2354 525 2380 et
550 2351 618 2388 ipse
643 2350 747 2380 dictus
775 2354 821 2380 est
848 2351 972 2388 persius
997 2350 1058 2393 Βφ.
1078 2368 1117 2370 ψ
1132 2349 1333 2380 Scholiorum
1358 2350 1548 2388 conglobata
1573 2351 1604 2379 in
1630 2358 1728 2378 unum
1754 2353 1802 2378 est
1826 2350 1908 2378 mul-

84 2405 196 2436 titudo.
259 2406 314 2444 12)
341 2406 393 2445 qui
415 2416 476 2436 orn.
500 2407 547 2436 fh.
573 2425 614 2428 —
639 2406 686 2436 hic
706 2407 837 2445 persius.
865 2407 949 2445 quod
975 2416 1085 2437 omnes
1110 2408 1184 2437 libri
1210 2411 1351 2443 tuentur,
1388 2406 1562 2436 manifesta
1586 2406 1804 2443 interpolatio.
1829 2406 1909 2434 ciui—

84 2464 183 2492 tatem
213 2466 271 2491 cam
296 2473 410 2493 romam
434 2463 471 2492 R.
537 2464 593 2501 13)
622 2464 796 2493 hibridaem
820 2463 863 2492 M.
889 2464 1054 2503 liybrielem
1081 2465 1109 2493 2.
1146 2464 1308 2493 hibridam
1333 2464 1421 2501 R‚va.
1448 2463 1613 2502 hybridam
1638 2462 1681 2491 fh.
1709 2480 1750 2483 —
1775 2462 1909 2500 Puplius

85 2519 209 2548 rutilius
234 2519 277 2548 M.
346 2520 402 2558 14)
429 2520 461 2549 in
486 2524 573 2558 quot.
598 2530 628 2549 v,
655 2538 696 2540 —
722 2519 884 2558 profuerat
908 2531 937 2550 v.
964 2521 997 2549 in
1021 2520 1109 2550 attico
1135 2520 1212 2558 M‚v.
1251 2521 1320 2550 rell.
1358 2522 1390 2550 in
1427 2522 1526 2550 attica
1563 2519 1692 2557 (Attica
1727 2518 1820 2557 aflr).
1859 2518 1910 2547 adi

85 2573 257 2605 Weichert.
283 2577 322 2606 de
347 2576 382 2605 L.
409 2576 499 2606 Varii
525 2580 556 2606 et
581 2576 688 2606 Cassii
713 2576 819 2606 Parm.
847 2577 905 2606 uit.
932 2580 962 2606 et
989 2586 1082 2606 carm.
1110 2587 1237 2607 excurs.
1263 2578 1287 2606 I.
1314 2587 1343 2615 p.
1374 2578 1451 2607 130:
1486 2577 1589 2615 ‘Apud
1615 2579 1784 2613 utrumque
1811 2574 1909 2605 Scho-

86 2630 221 2669 liastam,
247 2631 465 2670 Cruquiunum
491 2636 522 2662 et
546 2633 676 2671 Porph.‚
705 2637 789 2663 teste
814 2633 926 2663 Iahnio
951 2634 991 2662 ad
1016 2633 1094 2663 Hor.
1120 2634 1140 2662 l.
1160 2634 1181 2664 l.
1209 2643 1238 2672 p.
1258 2634 1321 2663 257
1347 2633 1508 2672 Spohnius
1532 2633 1701 2662 uerissime
1726 2635 1911 2660 correxerat

86 2685 118 2716 in
141 2686 251 2727 sifi-ica
275 2698 331 2726 pro
356 2689 387 2718 in
412 2689 522 2726 Attica,
561 2694 593 2720 et
618 2691 720 2727 ipsam
746 2699 811 2719 rem
836 2691 875 2719 ad
900 2690 934 2719 P.
960 2690 1086 2720 Attium
1111 2690 1230 2720 Varum
1266 2691 1377 2720 ducem
1414 2691 1553 2729 partium
1589 2689 1856 2726 Pompeianarum
1882 2697 1911 2717 a.

88 2752 118 2773 u.
143 2753 158 2772 c
185 2745 246 2773 707
273 2746 446 2775 retulerat.)
515 2746 570 2784 15)
598 2746 654 2776 sub
679 2746 775 2775 attico
798 2746 840 2776 M.
878 2747 935 2777 sub
961 2747 1034 2777 attio
1060 2744 1209 2785 A<G52Q).
1237 2747 1293 2776 sub
1319 2748 1403 2777 accio
1428 2756 1503 2776 uaro
1527 2746 1593 2782 R7a.
1620 2746 1679 2774 sub
1705 2745 1791 2774 accio
1817 2753 1913 2774 uarro

89 2808 118 2828 v.
178 2800 232 2838 16)
253 2800 403 2839 profugit
416 2802 453 2831 R.
517 2802 572 2841 18)
601 2803 634 2831 in
660 2811 731 2832 eum
755 2806 879 2841 poetam
905 2804 933 2832 2.
960 2803 1040 2832 stilli
1057 2803 1099 2832 M.
1125 2803 1248 2832 sirim-it
1272 2813 1356 2833 omn.
1376 2804 1462 2833 libri.
1480 2802 1644 2841 inproprie
1661 2801 1765 2831 dixit:
1796 2802 1912 2830 amari-

89 2855 233 2885 tudinem
257 2858 323 2886 stili
347 2857 398 2898 (ut
424 2858 567 2895 gladium
592 2858 660 2888 Liu.
686 2858 741 2896 IX,
758 2859 787 2890 5.
816 2859 935 2889 ferrum
960 2859 1033 2896 VII,
1053 2861 1105 2889 40.
1132 2860 1267 2889 cultrum
1294 2860 1364 2896 VH,
1385 2860 1417 2898 5)
1444 2860 1580 2889 strinxit
1605 2858 1637 2888 in
1661 2867 1736 2894 eum,
1761 2861 1797 2887 ut
1815 2857 1912 2887 Ouid.

90 2910 176 2941 Rem.
203 2913 285 2942 377:
312 2915 451 2944 iambum
475 2915 508 2944 in
532 2916 653 2945 hostes.
683 2915 766 2945 conf.
790 2915 861 2948 Am.
877 2917 904 2953 Ι,
925 2918 954 2954 6,
978 2918 1026 2946 14.
1052 2916 1165 2946 dir-erit
1180 2917 1243 2960 Βφ.
1295 2917 1350 2955 19)
1378 2916 1520 2954 persiuus
1546 2915 1589 2944 M.
1638 2915 1696 2954 20)
1722 2915 1912 2952 parentibus

91 2966 216 3005 R‚vash.
243 2979 303 2999 om.
318 2968 475 3011 M(G‘.>Q).
527 2971 584 3010 21)
612 2977 643 3001 et
668 2982 756 3010 greg.
782 2982 865 3002 omn.
892 2973 976 3003 libri.
996 2973 1079 3003 conf.
1098 2974 1172 3003 Aer.
1222 2974 1279 3012 22)
1307 2972 1458 3003 Graecum
1482 2977 1513 3001 et
1526 2972 1697 3001 Romanam
1722 2971 1794 3001 ideo
1819 2972 1912 3010 hybr.

91 3022 138 3061 fh,
164 3034 224 3055 orn.
250 3030 305 3055 aut
330 3026 387 3056 Ro.
415 3031 446 3057 et.
472 3026 625 3058 Graecam
651 3032 691 3058 et.
718 3037 774 3058 va:
812 3038 961 3066 graecum
987 3034 1018 3060 et
1043 3040 1085 3059 ro.
1112 3029 1189 3069 (sic)
1214 3034 1270 3059 aut
1294 3039 1461 3059 romanum
1486 3029 1677 3069 (Romanum
1702 3028 1735 3066 a)
1763 3031 1795 3057 et
1821 3037 1912 3067 grae-

92 3087 158 3109 cum
182 3085 213 3111 et
236 3082 307 3112 ideo
332 3084 493 3114 hibridam
518 3085 725 3123 appellatum,
752 3086 873 3124 opinor.
928 3087 986 3126 23)
1011 3087 1173 3116 hibridam
1198 3087 1404 3125 appellatum,
1432 3086 1480 3124 (in
1507 3086 1578 3114 lem.
1603 3085 1760 3125 Hybrida)
1786 3084 1828 3113 M.
1854 3085 1913 3123 hy-

93 3135 182 3167 brida
205 3140 381 3178 appellatur
406 3142 436 3171 2.
464 3159 504 3163 ἡ
530 3142 636 3181 opinor
659 3143 692 3172 h.
718 3143 739 3172 l.
765 3153 824 3173 om.
849 3143 921 3173 MR.
947 3147 1043 3181 recte⁷
1069 3152 1142 3173 nam
1167 3144 1305 3182 pertinet
1331 3143 1371 3172 ad
1397 3143 1468 3173 lem.
1495 3142 1610 3173 scholii
1637 3142 1765 3181 subseq.

1927 932 1967 964 10

1930 1300 1969 1331 15
