2148 3412
219 109 301 149 402
852 113 958 146 ΑΘΒ.
984 112 1044 145 ET
1069 111 1236 144 Poaru.
1263 110 1412 143 coMM.

220 243 376 285 bonum
408 255 499 282 cam
531 239 605 280 sed
635 237 766 280 uerba
797 236 1023 286 existimes,
1064 241 1104 277 et
1134 235 1169 277 si
1199 234 1449 290 religionem
1481 233 1658 288 spernis,
1690 239 1736 274 ut
1764 232 1881 275 lucos
1912 246 2053 275 sacros
2108 247 2110 255 ’

220 315 327 357 nihil
357 314 471 355 aliud
503 328 627 368 quam
659 312 778 368 ligna
808 318 942 366 putes,
989 309 1180 364 relinque
1210 309 1326 356 haec,
1372 314 1412 348 et
1440 307 1551 355 uide,
1596 321 1649 348 ne
1680 305 1775 361 quis
1818 306 2055 362 negotiator

221 404 295 431 suo
326 387 499 443 nauigio
521 393 615 427 ante
637 392 813 439 occupet
843 400 1006 440 agrum,
1039 384 1223 439 (portum
1242 380 1291 424 C.
1314 388 1458 436 portus
1477 381 1604 436 Hor.)
1626 387 1666 421 et
1686 380 1796 430 uide,
1828 393 1880 421 ne
1901 378 2054 434 perdas
2108 388 2110 390 ’

221 461 401 518 negotia,
433 475 538 516 quac
561 473 756 501 exercere
788 464 906 514 potes
936 458 979 498 in
1000 456 1204 512 Bithynia
1235 462 1275 497 et
1298 453 1557 510 Cibyratica,
1590 468 1697 508 quae
1728 459 1826 495 sunt
1855 460 1954 507 apta
1983 466 2056 494 ne-

156 546 174 576 5
222 534 499 592 gotiatoribus
529 533 640 582 loca3
674 538 769 574 sunt
799 532 910 573 enim
932 529 1244 585 transmarina]

335 610 524 649 uirtutem
554 622 592 649 u.
616 622 658 663 p.
721 604 879 648 Sensus
912 604 1031 661 [est]:
1067 601 1116 645 Si
1146 603 1210 644 uis
1242 615 1384 643 carere
1415 601 1543 651 uitiis,
1574 600 1674 655 fuge
1704 599 1952 650 inlecebras,
1986 614 2051 641 se-

222 696 351 737 quere
382 681 592 722 uirtutem.
651 680 776 721 uerba
804 687 939 734 putas.
1001 675 1087 718 Sed
1119 674 1236 732 (SiP)
1268 682 1310 716 tu
1333 673 1643 729 contempneris
1675 673 1715 729 (l.
1739 674 2059 728 contempnens)

223 755 420 797 uirtutem
442 753 517 803 ais,
541 753 685 794 inania
705 752 837 794 uerba
859 765 949 792 esse
971 749 1297 805 philosophiam,
1320 755 1364 790 ut
1386 747 1583 803 sacrilegi
1604 746 1761 797 dicunt,
1783 746 1922 788 lucum
1944 746 2062 802 ligna
2110 770 2114 801 '‚

225 843 334 878 esse,
367 827 441 869 sed
460 827 628 868 uidetur
658 826 710 867 de
741 825 806 867 his
838 825 993 874 dicere,
1026 823 1098 878 qui
1128 822 1304 864 laudant
1332 820 1644 877 philosophiam
1673 835 1752 861 nec
1783 826 2024 875 sequuntur.
2110 864 2115 875 ι

161 911 201 945 10
341 902 405 943 32.
438 909 600 956 occupet
632 900 745 941 alter.
807 897 981 940 Scilicet
1009 896 1259 952 negotiator.
1318 894 1403 937 Per
1432 894 1613 937 ironiam
1644 894 1698 935 ad
1719 893 1944 949 pecuniam
1963 893 2062 935 hor·
2109 886 2116 960 Ξ,

227 981 351 1025 tatur,
383 981 428 1016 ut
457 974 595 1030 magis
625 973 826 1014 facientes
857 971 1032 1012 incuset.

341 1049 407 1089 33.
445 1048 635 1103 Bithyna.
696 1046 740 1086 in
769 1044 908 1086 Ponto
940 1051 1013 1085 est.

343 1123 410 1163 34.
442 1120 555 1163 Mille
587 1119 734 1161 talenta
763 1119 926 1160 rotund.
984 1116 1230 1159 Notandum
1261 1115 1545 1164 rotzmdevntm,
1590 1113 1635 1154 id
1665 1121 1739 1163 est,
1776 1113 2064 1169 conpleantur.
2110 1126 2115 1163 ,ι’

231 1195 370 1238 Omne
402 1193 527 1243 enim,
562 1192 675 1247 quod
705 1191 932 1233 rotundum
963 1196 1037 1240 est,
1071 1189 1123 1231 ab
1154 1189 1269 1231 omni
1298 1196 1418 1244 parte
1449 1188 1680 1244 perfectum
1711 1193 1784 1230 est.

163 1281 204 1312 15
343 1269 409 1310 35.
442 1267 612 1324 quadret
641 1279 844 1307 aceruum.
907 1263 1204 1318 Quadruplum
1234 1262 1347 1304 facit.

343 1342 410 1382 36.
442 1341 601 1383 Scilicet
632 1354 812 1381 uxorem.
873 1338 958 1380 Per
988 1337 1181 1387 ironiam,
1228 1335 1429 1390 quoniam
1476 1335 1554 1376 hoc
1596 1341 1756 1390 putant,
1803 1335 1876 1390 qui
1920 1334 2069 1377 nolunt

231 1414 535 1471 philosophari.

346 1490 411 1530 37.
442 1489 580 1543 ‘reqina
603 1488 793 1543 pecunia.
854 1485 983 1528 Unde
1015 1492 1054 1526 et
1085 1483 1246 1525 diuitiis
1277 1497 1413 1538 reges.

350 1563 416 1603 38.
450 1562 623 1603 decorat.
682 1560 895 1602 Decorem
925 1558 1076 1600 reddit.

166 1647 208 1678 20
347 1635 527 1677 Suadela
565 1638 653 1676 Ven.
714 1633 811 1674 Dea
842 1632 1049 1675 suasionis
1079 1632 1149 1673 uel
1183 1631 1400 1673 suadendi.
1463 1631 1603 1673 Ordo:
1635 1638 1676 1671 et
1707 1629 1892 1672 Suadela
1912 1629 2070 1672 Venus.

347 1709 413 1749 39.
447 1709 660 1764 Manez'pe'e's
698 1708 872 1763 locuples
912 1716 993 1761 eqec
1030 1708 1135 1748 aeris
1179 1705 1358 1762 Cappad.
1395 1720 1483 1746 rem.
1558 1704 1810 1761 Cappadoces
1856 1703 2073 1745 abundant

235 1781 472 1837 mancipiis,
504 1781 618 1836 (sed)
650 1781 848 1822 dicuntur
878 1795 990 1836 eqere
1021 1779 1214 1836 pecunia.
1285 1778 1496 1828 Ostendit,
1542 1777 1684 1819 multis
1728 1793 1833 1833 opus
1878 1792 1983 1828 esse,
2027 1784 2073 1819 ut

237 1856 330 1911 quis
362 1856 481 1897 diues
511 1856 720 1897 uideatur.
783 1854 944 1896 Sensus
976 1863 1056 1896 est:
1088 1853 1198 1895 Nolo
1228 1868 1330 1909 ergo
1363 1852 1419 1894 sis
1449 1851 1557 1902 talis,
1599 1851 1734 1906 qualis
1766 1850 2072 1907 Cappadocum

236 1944 323 1978 reX,
357 1929 427 1984 qui
448 1944 532 1970 una
553 1943 598 1970 re
619 1928 818 1979 abundat,
852 1935 949 1984 eget
979 1928 1176 1983 caeteris,
1210 1927 1284 1969 sed
1314 1925 1626 1981 philosophiam
1649 1939 1837 1980 sequere,
1870 1925 1938 1967 cui
1968 1925 2073 1966 nihil

171 2015 212 2046 25
239 2003 385 2045 deesse
418 2009 566 2057 potest.

350 2077 417 2118 40.
450 2076 685 2133 Claelamydes
720 2076 926 2117 Lucullus.
988 2075 1189 2116 Trahitur
1220 2073 1459 2128 exemplum
1491 2073 1542 2114 de
1563 2071 1745 2114 Lucullo
1767 2072 1896 2114 diuite
1917 2072 2074 2114 Roma·-

238 2165 400 2192 norum.
462 2149 602 2202 Quem
633 2164 727 2191 cum
760 2149 932 2204 quidam
964 2150 1200 2204 praefectus
1233 2147 1384 2189 callide
1415 2154 1599 2202 rogaret,
1636 2153 1693 2197 ut,
1727 2146 1761 2188 si
1791 2153 1944 2202 posset,
1977 2160 2074 2188 cen·-

357 2386 390 2423 1)
420 2389 449 2415 et
475 2383 642 2423 religionis
667 2393 696 2414 v.
725 2387 756 2414 et
782 2384 973 2422 religionem
999 2382 1074 2420 caC,
1102 2392 1195 2422 quem
1221 2384 1306 2413 conf.
1335 2387 1366 2413 et
1389 2382 1417 2412 si
1441 2382 1532 2420 relig.
1553 2381 1591 2417 Q.
1622 2381 1704 2412 conf.
1724 2382 1853 2420 Porph.,
1879 2382 1932 2420 qui
1958 2382 2078 2421 repetit

239 2441 267 2471 si
292 2446 323 2471 et
350 2442 432 2472 idem
459 2442 558 2471 habet
582 2441 711 2478 lemma,
739 2441 822 2479 quod
849 2444 898 2470 est
923 2441 955 2470 in
980 2438 1057 2482 voa}
1091 2439 1191 2469 morbo
1215 2444 1311 2475 acuto,
1350 2440 1384 2469 in
1409 2439 1460 2469 fh:
1496 2448 1552 2468 mo.
1579 2443 1646 2468 tent.
1672 2443 1768 2468 acuto.
1817 2438 1950 2476 Spectat
1972 2442 2079 2469 autem

243 2499 344 2529 schol.
371 2499 411 2528 ad
437 2508 467 2527 u.
496 2498 646 2528 30—32:
684 2496 719 2527 Si
744 2498 851 2527 uirtus
879 2516 918 2518 ἡ
945 2498 1052 2527 lucum
1077 2498 1179 2535 ligna.
1245 2498 1279 2536 6)
1307 2499 1356 2526 est
1381 2506 1440 2526 om.
1466 2505 1493 2537 γ.
1519 2513 1561 2516 ——
1587 2495 1707 2525 illeceb.
1734 2495 1822 2525 libri.
1855 2504 1990 2534 sequere
2012 2496 2080 2525 uir-

243 2560 348 2586 tutem
373 2565 399 2597 ·5.
419 2556 488 2585 rell.
506 2565 567 2585 om.
618 2556 651 2593 7)
678 2554 741 2584 Sed
755 2572 796 2575 -Δ
812 2563 882 2585 esse
908 2555 963 2584 sed
988 2564 1013 2595 γ.
1039 2555 1109 2584 rell.
1135 2564 1196 2584 om.
1216 2553 1301 2584 conf.
1322 2552 1358 2583 C.
1384 2553 1438 2582 hoc
1462 2562 1534 2592 aye:
1558 2561 1690 2590 sequere
1714 2553 1790 2581 uirt.
1817 2555 1848 2581 et
1873 2552 1948 2590 fuge
1973 2553 2078 2583 illece-

243 2614 329 2642 bras.
394 2612 428 2649 9)
456 2613 551 2642 uerbo
587 2615 751 2650 sequuntur·
786 2610 913 2646 vcath
950 2612 1150 2650 adiungunt:
1188 2615 1224 2641 ut
1250 2611 1400 2648 sacrilegi
1428 2610 1541 2639 dicunt
1567 2609 1673 2638 lucum
1701 2608 1847 2648 [tantum
1870 2608 1953 2648 th]
1981 2610 2078 2648 ligna.
2112 2630 2114 2634 »

244 2669 328 2700 conf.
359 2667 395 2699 C.
448 2669 502 2707 10)
531 2668 664 2698 Scilicet
682 2685 722 2689 —n
744 2669 869 2697 incuset
893 2677 919 2709 γ.
946 2668 1015 2697 rell.
1044 2678 1103 2698 om.
1156 2669 1211 2707 12)
1237 2667 1273 2696 In
1297 2667 1400 2696 Ponto
1428 2670 1476 2696 est
1501 2675 1527 2707 γ.
1554 2666 1623 2695 rell.
1650 2675 1709 2696 om.
1736 2665 1818 2695 conf.
1844 2664 1885 2695 C:
1912 2666 2080 2705 ‘Bithynia
2107 2653 2111 2696 l

245 2731 295 2756 est
320 2727 354 2755 in
380 2726 507 2755 Ponto.'
560 2723 615 2763 15)
643 2725 763 2760 Quadr.
792 2724 872 2754 facit
896 2734 913 2766 γ
939 2728 971 2754 et
997 2724 1034 2762 C,
1060 2725 1114 2763 qui
1140 2725 1232 2755 addit
1257 2733 1407 2754 aceruum.
1435 2723 1505 2753 rell.
1531 2733 1593 2753 om.
1652 2723 1708 2762 16)
1733 2722 1871 2761 quoniam
1895 2723 1955 2753 hoc
1972 2725 2082 2761 putant
2106 2711 2111 2761 i

245 2782 314 2824 -s‚C.
340 2783 409 2812 rell.
437 2784 496 2813 hoc
521 2782 640 2812 ‹lit-unt.
665 2783 808 2821 yroniam
833 2791 860 2823 γ.
886 2781 1044 2811 hironiam
1069 2792 1100 2811 v.
1128 2799 1170 2825 5<
1194 2782 1307 2812 uolunt,
1330 2779 1461 2810 vcath.
1486 2780 1598 2809 nolunt
1623 2777 1680 2820 yQ.
1732 2779 1788 2817 18)
1814 2778 1910 2809 Unde
1929 2797 1967 2800 —
1989 2788 2079 2818 reges

245 2849 272 2880 γ.
298 2840 366 2869 rell.
393 2849 453 2869 om.
480 2839 562 2869 conf.
591 2838 634 2868 C:
661 2839 747 2868 unde
773 2839 894 2867 diuites
919 2839 1038 2876 Reges.
1092 2839 1147 2877 19)
1173 2838 1328 2868 Decorem
1353 2837 1460 2866 reddit
1484 2845 1512 2877 γ.
1538 2835 1609 2865 rell.
1636 2844 1697 2865 om.
1748 2835 1805 2874 20)
1830 2835 1902 2865 Dea
1915 2854 1955 2857 -—
1971 2836 2080 2866 Venus
2108 2854 2111 2877 3

249 2896 326 2934 (sic)
352 2906 378 2936 γ.
404 2896 473 2926 rell.
500 2905 560 2926 om.
588 2895 672 2925 conf.
700 2895 740 2925 C:
769 2894 913 2924 Suadela.
942 2895 1002 2924 dea
1029 2895 1197 2924 suadendi.
1261 2895 1317 2933 21)
1344 2894 1476 2923 Lemma
1500 2893 1603 2922 Mane.
1629 2890 1735 2928 locupl.
1761 2893 1966 2931 amplificaui.
1991 2892 2080 2923 Mau-

249 2952 308 2990 cip.
334 2962 359 2993 γ.
386 2953 535 2991 Mancup.
561 2953 599 2982 B.
627 2952 746 2991 Capad.
772 2961 799 2994 γ,
824 2955 862 2981 ut
886 2952 1002 2981 Bernn.
1028 2951 1177 2981 BDEFG
1204 2955 1235 2982 et
1261 2951 1411 2982 nonnulli
1437 2960 1516 2981 rece.
1546 2965 1582 2969 -·
1611 2950 1688 2990 Cap.
1714 2969 1756 2973 —
1781 2949 1933 2980 uideatur
1957 2958 1984 2991 γ.
2010 2949 2079 2980 rell.

250 3019 311 3038 om.
350 3009 434 3038 conf.
464 3008 506 3039 C:
534 3009 648 3047 ‘Capp.
675 3010 761 3039 enim
787 3009 938 3039 dicuntur
963 3008 1123 3038 abundare
1147 3008 1329 3047 mancipiis,
1366 3007 1420 3037 sed
1444 3017 1536 3047 egere
1561 3008 1720 3047 pecunia.'
1747 3025 1788 3028 —
1814 3008 1964 3038 dicuntur
1989 3015 2081 3046 egere

251 3066 388 3103 pecunia
412 3069 471 3094 ost.
490 3075 517 3107 γ.
568 3067 625 3105 23)
653 3067 697 3096 sis
724 3066 801 3096 talis
825 3075 852 3108 γ.
878 3065 948 3094 rell.
974 3065 1050 3094 talis
1078 3065 1132 3094 sis.
1181 3065 1239 3104 24)
1266 3068 1339 3102 eget
1364 3067 1445 3094 caet.
1471 3074 1498 3107 γ.
1524 3064 1594 3094 rell.
1619 3068 1700 3095 caet.
1718 3067 1800 3103 eget.
1849 3064 1907 3103 26)
1932 3063 2083 3094 Trahitur

253 3139 293 3143 —
320 3122 411 3152 deest
435 3131 461 3164 γ.
479 3122 549 3152 rell.
569 3131 629 3153 om.

2105 3064 2120 3205 3
