2148 3412
138 942 174 971 lo

195 135 276 175 484.
827 140 932 172 Aen.
965 140 1022 170 ΕΤ
1052 139 1215 170 rouru.
1242 138 1388 171 COMM.

310 269 374 309 15.
404 267 505 308 alter
536 267 716 307 rixatur.
775 262 1021 318 Descriptio
1053 261 1182 304 tristis
1213 268 1253 302 et
1282 261 1389 302 duri.

309 342 355 381 de
387 341 483 381 lana
515 353 626 394 saepe
658 339 840 394 cuprina.
902 336 969 377 Do
1001 334 1145 384 nihilo,
1183 342 1265 383 aut,
1310 342 1353 375 ut
1385 333 1573 386 Quidam
1618 334 1778 382 dicunt,
1826 333 1878 375 de
1922 331 2023 374 uillo

196 428 431 470 caprorum,
462 411 613 467 *)1)ilos
644 426 728 452 non
759 417 891 452 setam
922 410 1108 450 dicentes
1142 407 1306 464 [dicens
1336 406 1444 464 esse]
1479 407 1551 449 sed
1582 407 1734 448 lanam.

312 489 373 529 16.
409 488 646 542 ΡιῸριιφιαί
675 486 804 539 ‘uu-qis.
866 482 1008 525 Ordo:
1042 497 1118 537 pro
1149 481 1274 537 nugis
1305 488 1479 536 pugnat.

312 561 376 601 16.
410 561 473 600 17.
507 559 655 600 seilicet
687 566 727 598 ut
758 572 835 599 uon
868 556 928 598 Sit
957 558 1054 597 mihi
1075 557 1209 612 primu
1238 555 1348 611 fides.
1411 553 1601 609 Μίμησις,
1648 554 1689 594 id
1727 561 1801 603 est,
1848 552 2025 596 imitatio

198 633 412 677 orationis.

312 716 346 749 et
377 721 471 748 uere
502 707 607 762 quod
634 706 777 762 placet.
838 703 934 745 Non
965 703 1078 745 omni
1109 702 1302 744 libertate
1333 700 1585 742 defendam?
1616 699 1712 742 Non
1743 700 1935 742 deseram
1965 700 2026 741 al-

198 792 329 823 teram
364 781 514 828 uitam3
562 793 646 834 quo
678 777 901 834 significat,
947 791 1030 818 non
1079 776 1181 817 tanti
1229 777 1367 817 facere
1414 774 1767 824 inmortalitatem,
1813 780 1870 824 ut,
1916 773 2028 827 quod

199 855 388 905 senserit,
421 868 503 895 non
536 851 747 894 defendat.

317 930 380 970 18.
413 929 585 969 elatrem.
647 924 779 967 Omni
811 920 927 965 rabie
959 922 1167 964 uociferer
1198 936 1247 962 ac
1279 920 1514 962 defendam.

307 1006 496 1058 pretium.
560 997 844 1047 Conmutatio,
878 1011 954 1052 pro
987 995 1070 1037 acri
1100 994 1352 1036 liberalitate
1384 993 1556 1035 scilicet.

314 1084 421 1117 aetas
454 1076 595 1116 altera.
655 1070 912 1113 Instauratio
943 1069 1068 1119 uitae,
1100 1075 1144 1109 ut
1173 1067 1326 1110 Virbio
1358 1068 1546 1123 contigit.

313 1149 458 1190 sordet.
520 1145 630 1188 Vilis
662 1152 734 1187 est.
796 1144 853 1185 Et
883 1157 1048 1185 sensus:
1085 1149 1130 1183 ut
1161 1156 1240 1197 ego
1272 1140 1484 1183 adsentiar
1514 1140 1653 1182 alicui.
1712 1139 1798 1182 Pro
1829 1140 1964 1196 pretio
1996 1140 2032 1182 si

199 1223 303 1264 mihi
336 1222 468 1263 altera
498 1228 612 1262 aetas
644 1218 921 1267 adtribuatur,
957 1216 1183 1272 neglegam
1215 1222 1253 1256 et
1285 1215 1499 1256 sordidam
1531 1214 1694 1256 ducam.

317 1296 495 1337 iel—420.
528 1294 756 1348 Ambiqz'tur
786 1292 880 1347 quid
911 1293 1042 1332 enim?
1083 1290 1225 1331 Castor
1256 1290 1366 1330 sciat.
1448 1285 1664 1329 saturicos
1710 1287 1935 1342 respondet
1979 1287 2034 1328 ad

200 1370 317 1419 haec,
349 1383 458 1422 quae
490 1383 513 1408 a
543 1367 657 1409 tristi
684 1374 722 1407 et
754 1379 898 1407 amaro
931 1364 1043 1405 dicta
1075 1370 1180 1405 sunt.
1241 1361 1358 1414 Quid
1391 1361 1500 1402 enim
1539 1361 1693 1417 agitur,
1724 1361 1872 1416 inquit,
1905 1375 2033 1416 quare

201 1453 243 1484 tu
275 1443 475 1491 insanias,
512 1441 580 1482 uel
611 1440 744 1482 facias
776 1438 1019 1479 inimicum?

320 1517 457 1558 Castor
488 1516 591 1557 sciat
623 1529 673 1555 un
706 1514 857 1555 Docilis
880 1513 992 1568 plus.
1052 1509 1148 1551 Hoc
1180 1509 1239 1550 sie
1270 1508 1628 1564 pronuntiandum
1660 1515 1734 1558 est,
1765 1516 1810 1550 ut
1839 1508 2034 1550 ostenda-

200 1599 267 1631 tur
288 1590 380 1631 leue
401 1604 450 1630 ae
472 1587 801 1643 neglegendum.
864 1585 1005 1626 Castor
1037 1589 1176 1624 autem
1206 1591 1246 1623 et
1279 1582 1438 1631 Docilis,
1480 1590 1523 1623 ut
1556 1581 1647 1622 Alii
1679 1581 1835 1632 dicunt,
1866 1581 2034 1624 histrio-

135 1678 168 1690 ·’
202 1678 275 1705 nes
306 1671 404 1704 tunc
435 1661 651 1716 temporis,
684 1668 727 1701 ut
757 1659 863 1709 Alii,
896 1657 1151 1714 gladiatores
1182 1656 1361 1697 fuerunt.

319 1738 586 1779 Brundisium
618 1735 778 1777 Minuci
804 1733 958 1774 melius.
1019 1728 1295 1771 Brundisium
1326 1735 1364 1770 et
1395 1727 1588 1771 Minucia
1619 1736 1659 1771 et
1678 1728 1827 1785 Appia
1847 1730 1917 1771 uia
1938 1744 2036 1785 per-

204 1810 349 1852 uenire
381 1816 530 1864 potest,
564 1808 636 1862 qui
666 1806 860 1848 uoluerit.

320 1885 385 1924 21.
423 1884 550 1934 Quem
573 1883 793 1938 dampnosa
812 1881 942 1921 Venus
965 1892 1140 1935 quem—
1154 1877 1295 1919 nudat.
1354 1875 1641 1918 Luxuriosum
1662 1876 1892 1933 significat3
1925 1890 2038 1933 quem

200 1972 395 2014 praeceps
426 1958 514 1998 alea.
545 1956 682 1997 nudae.
742 1953 989 1995 Aleatorein
1021 1950 1241 2007 significat.

205 2130 298 2159 Auct.
325 2139 353 2167 p.
382 2129 457 2158 693.
485 2132 512 2157 et
535 2132 633 2157 cetera
658 2127 720 2156 MR
747 2126 861 2165 (caet.)
889 2124 982 2154 A2G.
1023 2123 1232 2154 secundarum
1270 2123 1400 2152 tertium
1435 2121 1588 2153 submisse
1625 2133 1721 2162 agere
1745 2124 1840 2155 Auct.
1868 2126 1888 2154 l.
1915 2126 1935 2155 l.
1962 2130 2036 2155 tert.
2096 2149 2101 2154 .

204 2187 342 2225 partium
367 2185 518 2215 summisse
543 2194 632 2224 assere
657 2183 733 2219 th.
762 2201 797 2204 J>
829 2183 896 2212 fieri
922 2182 1078 2211 uidemus.
1106 2189 1200 2218 saepe
1226 2179 1316 2209 illum
1343 2180 1397 2218 qui
1424 2184 1473 2209 est
1500 2190 1566 2218 seq.
1594 2190 1629 2210 ac
1654 2184 1727 2211 tert.
1765 2186 1847 2220 part.
1886 2182 2039 2212 submisse
2094 2196 2095 2199 ¹
2142 2175 2143 2178 ¹

205 2252 300 2280 agere
323 2241 467 2271 uidemus.
495 2251 544 2270 va.
572 2241 698 2270 secund.
724 2239 773 2268 uel
797 2243 868 2269 tert.
895 2239 925 2267 2.

320 2300 352 2338 1)
378 2297 535 2328 Describit
547 2297 618 2327 MR.
646 2306 700 2335 pro
723 2296 818 2325 tristis
843 2295 870 2331 Q,
894 2295 996 2325 ‘cori-,⁸
1023 2294 1157 2334 affl-esti&
1209 2295 1243 2333 2)
1270 2294 1318 2323 De
1342 2293 1424 2331 uillo,
1451 2299 1486 2324 ut
1512 2294 1579 2324 afh.
1608 2295 1647 2324 (le
1671 2294 1764 2324 nihilo
1788 2300 1819 2324 ut
1842 2305 1870 2325 v.
1897 2295 1932 2325 cle.
1956 2295 2038 2325 luna.
2094 2319 2096 2324 ,

205 2357 244 2385 de
269 2356 373 2385 nihilo
398 2355 460 2398 sz.
510 2355 545 2393 3)
573 2364 628 2392 pro
654 2354 754 2383 (licens
780 2362 841 2382 esse-
865 2358 919 2382 aut
946 2353 1050 2381 scribe
1077 2352 1220 2387 dicentes,
1239 2355 1294 2381 aut
1319 2351 1404 2389 quod
1430 2352 1545 2380 melius
1572 2355 1632 2388 est⁷
1659 2352 1721 2381 sic:
1748 2356 1813 2387 aut,
1841 2357 1875 2382 ut
1901 2351 2039 2388 Quidam
2094 2363 2097 2377 v

205 2413 331 2449 dicunt,
357 2421 523 2450 caprorum
551 2412 631 2449 pilos
658 2419 719 2441 non
745 2415 845 2440 setam
874 2418 941 2439 esse
968 2409 1024 2438 sed
1050 2409 1175 2445 lanam;
1203 2417 1276 2437 nam
1303 2408 1338 2437 (le
1363 2407 1443 2445 uilla,
1482 2408 1565 2446 quod
1590 2412 1694 2437 ortum
1721 2414 1769 2438 est
1799 2418 1840 2438 ex
1876 2409 1912 2438 (Ie
1935 2408 2038 2446 ηἰΙιὶῐο,

206 2470 395 2499 auctoritate
421 2469 566 2498 codicum
592 2477 654 2497 non
680 2467 833 2503 munitur,
872 2475 973 2504 neque
1000 2467 1097 2496 etiam
1124 2466 1301 2503 singularis
1327 2475 1344 2494 a
1370 2466 1581 2503 scriptoribus
1618 2466 1819 2504 pedestribus
1855 2467 2038 2496 adhibetur.
2091 2442 2106 2493 ,i

207 2527 286 2556 conf.
315 2526 380 2555 Cic.
408 2526 446 2555 N.
473 2526 513 2554 D.
540 2525 580 2563 ΙΙ,
608 2526 660 2554 47.
698 2524 781 2554 Plin.
808 2523 862 2560 XI.
891 2524 942 2552 23.
982 2523 1075 2553 Ouid.
1102 2523 1142 2552 H.
1168 2522 1224 2560 VI,
1251 2524 1304 2551 45.
1343 2522 1482 2552 Marti-al.
1515 2522 1599 2559 XIV,
1629 2523 1701 2559 136,
1730 2523 1758 2551 2.
1795 2522 1829 2554 F.
1856 2523 1889 2552 F.
1914 2522 2040 2552 Franke
2102 2550 2103 2554 ,

207 2594 262 2622 pro
280 2583 361 2622 pilos
386 2584 487 2612 uoluit
513 2583 615 2612 uzssllos.
665 2582 700 2620 4)
730 2581 827 2611 Ordo.
846 2591 875 2618 p.
896 2590 947 2610 nu.
968 2586 1089 2619 pugnat
1108 2579 1332 2623 MRszGQQJ).
1359 2589 1396 2608 v:
1425 2579 1512 2609 Ordo
1538 2583 1684 2617 pugnant
1710 2589 1765 2618 pro
1782 2581 1924 2618 nugiscet
1948 2579 2036 2618 (sic).
2090 2602 2092 2608 .

207 2642 277 2670 afli:
307 2641 393 2670 Ordo
420 2644 470 2670 est
495 2645 634 2678 pugnat,
673 2640 692 2668 i.
720 2639 815 2676 nugis
841 2641 944 2667 cer-(at.
1010 2637 1044 2676 5)
1071 2639 1210 2667 imitatio
1235 2636 1337 2666 odoris
1361 2634 1432 2666 MR.
1458 2637 1509 2666 im.
1538 2637 1656 2666 doloris
1680 2637 1771 2665 vafh.
1798 2637 1895 2666 schol.
1923 2646 1982 2666 om.
2008 2637 2038 2665 2.

208 2698 299 2735 posui
326 2698 379 2726 im.
405 2695 560 2725 oracionis.
587 2696 639 2725 im.
665 2694 812 2735 ‘riez-acoris
838 2694 876 2728 Q.
928 2692 961 2731 7)
988 2694 1067 2723 Nam
1092 2695 1176 2724 omni
1204 2694 1250 2723 fh.
1302 2692 1337 2731 8)
1363 2693 1445 2732 quod
1469 2694 1554 2731 sign.
1582 2692 1642 2722 2G.
1669 2693 1780 2723 uitam.
1807 2692 1951 2732 Desiynat
1974 2693 2038 2722 afh.

208 2755 306 2783 uitam
333 2754 481 2790 designat
507 2763 536 2782 v.
566 2769 604 2773 ’-
631 2753 734 2782 facete
758 2760 788 2780 se
812 2751 949 2780 immort.
976 2751 1013 2787 Q.
1046 2751 1152 2780 facere
1177 2751 1214 2780 E.
1241 2750 1264 2788 1,
1300 2752 1349 2787 11,
1382 2751 1431 2780 17.
1485 2750 1539 2789 10)
1565 2751 1730 2780 uociferem
1754 2750 1840 2780 vafh.
1872 2751 1971 2780 schol.
1998 2749 2039 2778 ad

209 2821 238 2839 u.
263 2809 384 2839 elatrem
410 2819 480 2839 cum
507 2809 656 2847 sequenti
684 2808 790 2837 sedem
818 2808 955 2837 mutauit
983 2808 1015 2836 in
1042 2808 1143 2837 libris.
1197 2809 1253 2846 ll)
1278 2807 1473 2837 liberalitate
1498 2807 1569 2836 MR.
1595 2807 1664 2836 rell.
1690 2806 1832 2836 libertate
1858 2806 1962 2847 (negl.
1981 2805 2037 2844 Q).
2095 2811 2099 2833 e

214 2868 266 2897 132*
286 2867 325 2896 Et
353 2876 464 2896 sensus
483 2865 642 2902 ΗΜΘΝ.
670 2866 738 2895 rell.
767 2870 797 2895 et
822 2869 863 2893 esc
887 2874 1010 2894 sensus.
1045 2882 1066 2885 —
1084 2871 1119 2894 ut
1144 2874 1202 2903 ego
1227 2864 1343 2894 absente
1368 2861 1736 2905 MRG(001·1·.).absenu
1760 2865 1789 2893 2.
1815 2862 1956 2893 assentia
1980 2863 2040 2892 ali-
2088 2862 2101 2887 ι’

210 2925 259 2952 mii
286 2935 314 2955 r.
342 2925 439 2953 alicui
466 2924 644 2954 assentiam
669 2922 737 2953 afh.
792 2922 845 2961 14)
874 2922 977 2951 dicam
1004 2923 1033 2950 2.
1093 2923 1146 2961 15)
1174 2922 1334 2952 Saturicos
1360 2921 1403 2950 M.
1429 2921 1498 2951 rell.
1526 2924 1625 2960 satyr.
1655 2920 1777 2963 (σατυρ.
1803 2920 1867 2958 fh).
1920 2919 1975 2958 16)
2001 2919 2039 2948 ab
2074 2911 2090 2963 Ἰ

210 2982 332 3018 agresti
359 2980 395 3015 Q.
463 2982 517 3019 18)
544 2981 749 3018 intelligatur
776 2980 863 3009 vafh.
890 2979 960 3008 rell.
987 2979 1186 3008 ostendatur.
1258 2980 1312 3018 19)
1337 2978 1452 3008 docilis
1479 2987 1563 3008 omn.
1589 2977 1674 3007 libri.
1699 2980 1735 3006 ut
1760 2977 1813 3006 alii
1840 2977 1953 3006 dicunt
1977 2985 2037 3005 om.

210 3037 297 3066 vasli.
348 3038 405 3075 21)
431 3037 576 3066 brundc's.
602 3037 644 3066 M.
671 3037 820 3067 brundes.
848 3036 886 3065 A.
914 3036 1066 3065 brundus.
1094 3036 1239 3065 Numz'cia
1265 3036 1317 3066 afh
1343 3036 1507 3073 (mimacia
1531 3033 1578 3071 v).
1628 3033 1686 3073 23)
1713 3035 1818 3064 damn.
1844 3033 1887 3062 M.
1903 3049 1944 3054 -—
1957 3041 2040 3071 quem

212 3103 314 3131 praev.
341 3103 367 3121 a.
397 3104 425 3123 u.
453 3094 561 3123 Alunt.
588 3096 669 3132 sign.
696 3093 894 3132 MRAGQ).
920 3093 990 3122 rell.
1017 3102 1077 3122 om.

323 3148 358 3187 *)
383 3159 441 3179 non
466 3151 559 3188 pilos,
589 3161 651 3181 non
678 3155 776 3180 setam
803 3150 837 3181 C.
858 3150 1032 3179 Hermann.
