2148 3412
772 143 822 175 m
846 143 991 177 EPIST.
1016 144 1042 184 1,
1071 148 1121 177 19.
1783 135 1862 176 501

152 266 218 307 35.
252 265 364 307 Scire
393 266 509 316 uelis,
531 280 631 308 mea.
692 265 825 309 Deest
856 270 892 310 si
919 275 958 309 et
987 269 1141 319 audies,
1173 275 1218 310 ut
1250 269 1318 311 sit:
1343 267 1390 311 Si
1420 269 1526 311 uelis
1557 269 1677 318 scire,
1708 270 1865 312 audies.

34 338 91 380 Et
119 338 187 380 hic
219 352 261 380 se
292 346 475 387 excusat,
508 339 621 394 quod
652 355 747 382 cum
779 340 982 396 probetur
1012 357 1037 382 a
1067 342 1273 397 plurimis,
1306 358 1389 383 non
1420 350 1560 384 tamen
1592 343 1744 385 habeat
1773 344 1864 385 lau-

35 412 213 459 datores,
244 412 389 453 uolens
419 412 529 454 hanc
561 428 729 455 causam
761 429 864 464 esse,
911 415 1021 468 quod
1058 422 1232 470 propter
1275 416 1494 467 inuidiam,
1541 432 1647 472 quae
1693 417 1865 459 inimica

34 485 201 527 uirtutis
232 493 305 534 est,
337 485 462 527 etiam
494 486 584 541 ipse
615 502 698 528 non
740 486 927 529 ambibat
974 486 1286 532 Grammaticos
1331 505 1424 532 cum
1472 491 1557 532 suis
1602 491 1864 533 auditoribus

40 558 330 614 promerendo.

144 633 211 675 40.
247 633 540 674 Grammatz'cas
557 634 707 675 ambire
729 635 866 676 tribus.
933 635 1228 677 Grammatv’cas
1249 638 1376 679 tribus
1398 637 1534 693 ipsam
1556 638 1864 693 discipulorum

36 705 343 746 multitudinem
375 705 491 755 dicit,
516 707 679 762 pulpz'la
709 721 811 748 uero
841 707 956 762 ipsos
986 709 1223 763 magistros.

143 780 210 820 41.
245 780 349 820 Hinc
369 779 462 821 illae
484 780 686 821 lacrimae.
748 780 864 822 Hinc
894 780 966 822 illa
998 796 1123 824 causa
1154 790 1225 833 est,
1258 784 1407 839 inquit,
1439 791 1614 840 propter
1645 799 1770 839 quam
1806 784 1865 842 [et

34 852 105 894 alii
135 852 378 909 laudantur]
411 860 452 893 et
482 852 586 894 alios
616 853 780 894 laudari
811 854 1023 910 indignor.

143 927 210 967 41.
242 928 308 968 42.
342 928 477 983 spissis
505 927 673 982 indigna
705 928 870 969 theatris
901 929 1097 985 Scripta]
1176 929 1299 972 Haec
1330 931 1451 986 quasi
1481 931 1613 973 uerba
1644 939 1739 973 sunt
1769 931 1862 974 Ho—

38 999 134 1041 ratii
165 999 415 1050 excusantis,
450 1015 523 1041 cur
553 1015 650 1051 non,
683 1001 794 1056 quod
825 1001 1006 1057 scripsit,
1038 1002 1081 1042 in
1113 1003 1329 1058 publicum
1361 1006 1558 1060 proferat.

144 1075 211 1115 42.
241 1075 359 1127 nuyis
382 1074 531 1115 addere
546 1075 720 1130 pondus.
782 1074 877 1116 Hoc
908 1081 987 1116 est:
1020 1091 1097 1131 pro
1129 1091 1173 1117 re
1203 1092 1361 1134 magna
1391 1086 1555 1120 uastum
1577 1079 1743 1134 pondus
1764 1095 1862 1135 pro-

36 1147 308 1189 nuntiationis
339 1147 518 1197 adferre,
556 1148 620 1198 (id
651 1149 756 1202 estP)
788 1148 945 1203 alioqui
975 1164 1107 1204 πυρᾶς
1137 1150 1321 1205 potiores
1351 1152 1490 1193 faeere
1521 1153 1750 1195 recitando.

147 1222 213 1262 43.
246 1222 365 1271 rides,
390 1223 455 1263 ait.
517 1221 639 1264 Haec
670 1222 805 1264 inuidi
836 1223 966 1264 uerba
998 1230 1093 1265 sunt
1122 1225 1415 1279 respondentis
1432 1225 1626 1277 Horatio,
1658 1234 1704 1267 ut
1734 1227 1768 1268 si
1799 1227 1864 1267 di-

36 1301 118 1336 cat:
150 1293 329 1345 Iul-ides,
362 1310 455 1336 eum
488 1295 562 1345 ais,
595 1295 853 1337 diffidentem
871 1304 911 1337 te
931 1312 1015 1338 non
1037 1297 1214 1339 recitare
1235 1298 1378 1354 uulgo,
1411 1313 1519 1350 cum,
1542 1300 1722 1355 superbe
1744 1300 1862 1342 fasti-

35 1368 152 1410 diens
183 1375 439 1410 caeterorum
473 1383 607 1418 aures,
646 1367 820 1411 Caesari
852 1369 929 1411 soli
960 1370 1089 1426 legas.

143 1444 210 1483 44.
239 1443 330 1498 fidis
352 1444 468 1483 enim.
528 1440 683 1484 Adhuc
713 1442 947 1484 aduersarii
967 1443 1098 1485 uerba
1120 1451 1214 1485 sunt
1245 1444 1553 1500 exprobrantis,
1586 1446 1698 1501 quod
1719 1446 1860 1489 Hora-

34 1516 115 1558 tius
145 1515 321 1557 multum
353 1516 434 1557 sibi
465 1516 643 1571 adroget
673 1516 723 1557 de
756 1517 990 1558 carminum
1021 1517 1236 1559 suauitate.

145 1590 211 1632 45.
246 1591 315 1631 tibi
338 1591 519 1646 pulcher.
579 1589 743 1631 Iudicio
774 1597 844 1631 tuo
876 1597 1094 1632 contentus
1125 1598 1164 1632 te
1196 1591 1334 1647 ipsum
1367 1592 1524 1648 <ipse?)
1556 1593 1716 1635 laudas.

1910 574 1928 604 ΕΠ

1890 942 1930 973 10

1890 1310 1930 1340 15

147 1664 200 1706 ad
230 1664 338 1705 llaec.
400 1662 539 1705 Ordo:
572 1661 646 1704 Ad
676 1663 780 1705 haec
811 1679 905 1719 ego.
1867 1677 1908 1709 20

35 1849 163 1888 puimite
188 1850 302 1887 spuuca
320 1862 365 1877 z:
381 1848 528 1886 primiter
553 1858 675 1886 spurca.
704 1849 787 1878 conf.
814 1849 968 1887 Pompon.
995 1858 1045 1887 ap.
1072 1849 1155 1879 Non.
1183 1850 1211 1878 2.
1237 1859 1268 1878 n.
1296 1851 1370 1879 661.
1397 1851 1512 1888 punice
1538 1860 1653 1889 spurca
1677 1852 1802 1887 vath.
1827 1853 1863 1882 In

36 1906 239 1944 prouerbium
265 1906 346 1935 abiit
371 1905 493 1934 Punica
514 1905 645 1943 peofidz'a
666 1923 702 1925 ξ
723 1906 801 1935 fides
827 1910 923 1944 atque
948 1915 1000 1935 ars
1019 1924 1060 1926 —
1078 1907 1224 1935 uersutia
1250 1915 1291 1935 ex
1316 1906 1385 1936 Liu.
1414 1911 1444 1936 et
1471 1907 1547 1937 Sall.
1576 1912 1663 1944 nota,
1690 1918 1753 1938 nou
1773 1919 1865 1947 spur-

36 1963 122 1993 citia.
146 1963 223 1992 hine
247 1966 324 2000 puto
352 1962 556 1991 scribendum
582 1972 612 2000 p.
640 1961 818 2001 (poemata)
843 1962 927 1992 unice
953 1971 1076 2001 spurca.
1103 1962 1186 1992 conf.
1213 1963 1289 1993 Hor.
1317 1962 1352 1992 C.
1370 1963 1395 1999 Ι,
1415 1964 1467 2000 26,
1485 1965 1513 1993 5.
1534 1966 1568 1992 6:
1596 1965 1690 1993 unice
1716 1964 1864 1995 Securus.

36 2018 136 2058 cynice
159 2028 272 2057 spurca
295 2019 401 2049 uoluit
425 2018 667 2057 Dillenburger.
694 2028 723 2057 p.
753 2020 804 2056 18,
842 2019 926 2057 quod
954 2018 1094 2048 Orellius
1120 2020 1281 2057 probauit.
1313 2019 1458 2058 princeps
1481 2029 1594 2058 spurca
1618 2021 1715 2051 Auet.
1742 2031 1771 2059 p.
1801 2023 1864 2051 694

37 2075 116 2114 (non
153 2075 275 2106 Comm.
303 2074 356 2107 Cr.
383 2079 419 2105 ut
443 2074 501 2105 ref.
530 2074 587 2114 Q),
626 2085 667 2105 ex
704 2085 765 2114 quo
789 2085 851 2105 van
876 2075 1007 2105 Heusde
1044 2076 1130 2105 stud.
1168 2077 1238 2106 crit.
1266 2077 1301 2105 in
1327 2076 1428 2106 Lucil.
1456 2086 1485 2115 p.
1515 2078 1576 2106 114
1613 2076 1691 2107 feeit
1728 2078 1866 2117 deinceps

38 2140 162 2170 spurca.

152 2188 185 2227 1)
213 2187 298 2218 Scire
321 2187 396 2218 uelis
418 2196 493 2217 mea.
521 2188 601 2218 decu
624 2187 652 2217 εἰ
674 2192 701 2218 ei
724 2188 828 2218 audies
853 2192 889 2218 ut
912 2188 940 2217 si
963 2189 990 2218 si
1016 2189 1096 2218 uelis
1110 2189 1154 2219 M.
1182 2190 1262 2219 scire
1286 2190 1368 2219 uelis
1394 2198 1464 2219 mea
1488 2190 1597 2219 decusi
1623 2194 1653 2219 et
1680 2191 1799 2222 audiet.
1833 2192 1868 2221 I't

38 2244 66 2275 si
87 2245 169 2275 uelis
194 2244 229 2276 R.
268 2243 318 2274 Sc.
344 2254 375 2274 11.
403 2255 444 2274 m.
472 2245 579 2274 decusi
605 2249 632 2274 el
655 2254 704 2275 au.
731 2249 768 2275 ut
791 2244 829 2274 sit
853 2246 879 2274 si
906 2244 944 2274 G.
983 2246 1032 2275 Se.
1057 2246 1140 2275 uelis.
1166 2246 1210 2276 Vt
1236 2247 1279 2276 sit
1306 2247 1336 2285 2,
1362 2257 1421 2277 om.
1458 2247 1561 2276 Deest
1585 2247 1706 2276 audies.
1736 2247 1860 2282 vath:

37 2300 138 2331 Deest
154 2302 279 2339 audies,
306 2306 340 2331 ut
357 2302 409 2331 sit.
470 2302 504 2341 3)
532 2311 613 2340 quae
637 2301 734 2331 amica
752 2301 822 2330 MR.
849 2303 946 2331 etiam
973 2302 1071 2340 (non:
1098 2307 1125 2331 et
1139 2302 1200 2332 iam
1217 2307 1252 2332 ut
1271 2304 1328 2333 ref.
1348 2302 1390 2342 Q)
1416 2304 1483 2341 ipse
1501 2303 1682 2333 (audiendam
1699 2303 1739 2332 M.
1767 2305 1864 2333 etiam

38 2359 105 2397 ipse
128 2359 285 2388 audiebam
311 2358 371 2388 QG.
399 2362 426 2387 et
449 2359 516 2397 ipse
541 2358 722 2388 audiendam
745 2359 781 2388 R.
808 2358 895 2388 etiam
919 2359 987 2396 ipse
1012 2369 1075 2388 non
1100 2359 1229 2389 audehat
1250 2370 1280 2389 v.
1319 2361 1416 2389 etiam
1454 2361 1523 2397 ipse
1559 2370 1622 2389 non
1659 2359 1762 2389 adibat
1797 2361 1862 2389 afh.

39 2414 248 2446 scribendum
274 2419 322 2445 est
347 2414 482 2445 ambibat
510 2415 602 2454 (Hor.
630 2425 660 2444 u.
687 2416 745 2445 40:
777 2415 917 2445 Gramm.
942 2416 1063 2445 ambire
1088 2417 1219 2455 tribus).
1285 2417 1319 2454 8)
1347 2417 1403 2445 illa
1428 2426 1486 2446 om.
1514 2416 1601 2445 vafh.
1668 2415 1701 2455 9)
1731 2434 1766 2437 —
1796 2418 1863 2446 lau—

41 2471 155 2501 dantur
181 2494 361 2502 ......
389 2471 433 2507 Q:
463 2472 561 2501 ‘Haec
585 2472 737 2502 lacunosa
761 2481 830 2503 esse
854 2473 1026 2511 putamus.²
1064 2473 1223 2503 laudaturi
1246 2472 1343 2511 BHG,
1383 2474 1436 2512 qui
1473 2474 1597 2502 addunt
1632 2477 1757 2512 luyenon
1793 2474 1865 2512 (sic.

39 2527 183 2567 trigenon
208 2527 263 2567 G.)
291 2527 363 2557 alibi
386 2528 536 2558 laudatur
561 2535 687 2568 vugyeozon
711 2529 748 2559 R.
776 2533 807 2559 et
833 2530 888 2559 alii
915 2529 1087 2560 laudantur.
1123 2530 1246 2568 Spissis
1272 2530 1392 2566 vath.
1430 2531 1483 2568 qui
1510 2531 1608 2559 dicit:
1645 2534 1781 2569 tvalqenon,
1819 2530 1865 2560 ‘in

40 2594 100 2624 quo
125 2585 203 2623 quid
227 2585 365 2614 latescat
390 2585 517 2622 nescio;
545 2586 600 2614 sed
626 2586 696 2615 sine
721 2586 816 2616 dubio
842 2587 1012 2617 lacunosus
1038 2591 1088 2616 est
1110 2587 1221 2616 locus'.
1248 2587 1407 2625 Equidem
1434 2587 1603 2624 legendum
1629 2589 1721 2623 puto:
1743 2590 1867 2624 propter

39 2651 125 2681 qaam
148 2646 175 2671 et
197 2641 272 2672 alios
296 2641 420 2672 laudari
442 2642 591 2681 inclz'ssnor.
630 2642 699 2685 B<pz
739 2643 827 2672 ‘Hinc
851 2642 882 2672 il.
908 2643 985 2673 laer.
1011 2644 1179 2673 Neminem
1206 2644 1321 2681 dignor
1346 2644 1479 2681 precari.
1506 2644 1526 2672 i.
1555 2643 1757 2672 inuiderunt!
1810 2644 1865 2682 10)

41 2699 131 2737 quasi
158 2708 218 2729 om.
244 2699 315 2728 edd.
341 2698 429 2736 vasli,
456 2708 536 2737 quae
560 2700 696 2728 habent:
727 2700 813 2728 Haec
839 2704 914 2729 sunt
938 2701 1037 2729 uerba
1062 2700 1138 2729 Hor.
1167 2709 1236 2728 exc.
1264 2710 1319 2729 cur
1344 2709 1407 2729 non
1434 2700 1545 2737 scrips,
1571 2700 1654 2737 quod
1674 2699 1705 2727 in
1723 2709 1774 2737 pu.
1793 2709 1865 2737 pro-

42 2755 133 2785 ferat.
184 2753 239 2797 12)
266 2757 326 2785 hoe
352 2759 400 2785 est
425 2765 482 2793 pro
506 2766 539 2785 re
564 2765 698 2794 magnas
722 2759 851 2785 uastum
880 2757 1016 2794 pondere
1051 2756 1307 2794 ponuntiationis
1344 2756 1503 2785 adferrent
1537 2755 1605 2793 (aff.
1632 2754 1705 2793 RG)
1743 2756 1865 2793 alioqui

43 2811 121 2850 (alio
145 2814 198 2852 qui
214 2813 248 2842 M
265 2811 400 2851 alioquin
424 2812 500 2851 Re.)
534 2822 636 2850 nugas
654 2821 704 2850 pe.
730 2813 770 2841 fa.
796 2813 961 2842 recitando
986 2811 1141 2841 MRAQG.
1158 2830 1198 2832 —
1213 2811 1334 2849 pondus
1358 2811 1567 2850 pronuntians
1593 2810 1761 2848 (pronunc.
1780 2811 1863 2853 afh.)

41 2866 186 2899 Referent
209 2869 273 2906 alii,
299 2869 349 2907 qui
373 2878 475 2907 nugas
501 2869 624 2907 peiores
648 2869 752 2898 faeere
776 2869 942 2898 recitando
965 2869 1060 2898 solent
1082 2868 1170 2898 vassi.
1198 2869 1332 2906 potiores
1357 2869 1449 2906 posui
1476 2877 1530 2905 pro
1549 2868 1678 2905 peiores.
1718 2868 1761 2903 Q:
1790 2868 1865 2898 ‘Nos

43 2928 94 2954 aut
116 2926 251 2955 meliores
275 2926 348 2954 add.
374 2929 430 2954 aut
454 2935 510 2963 pro
529 2925 651 2963 peiores
677 2926 772 2955 scrib.
796 2925 930 2955 meliores
954 2926 1128 2964 putamus)
1180 2926 1235 2964 15)
1261 2925 1377 2954 Iaridet
1399 2924 1440 2952 M.
1467 2925 1521 2953 irr.
1548 2923 1639 2953 R2G.
1666 2926 1713 2954 ait
1738 2925 1863 2955 MRQG.

43 2981 246 3012 diffidentiam
269 2986 302 3011 te
326 2981 427 3011 MRG.
460 2982 640 3011 diffidentia
664 2986 695 3012 te
723 2982 751 3011 2.
778 3000 818 3002 »ἡ
846 2983 980 3020 superbo
1004 2982 1038 3011 M
1063 2981 1174 3020 (super
1198 2982 1249 3020 ao)
1276 2980 1343 3010 RG.
1370 2982 1503 3019 superbe
1529 2982 1557 3009 2.
1596 2985 1690 3011 recte.
1717 2992 1785 3011 cum
1813 2993 1865 3012 su-

43 3037 146 3075 perbia
167 3038 256 3068 vafh.
283 3038 431 3077 superbus
455 3038 491 3074 Q.
518 3056 558 3059 »a
585 3038 725 3068 fastidiis
749 3038 826 3076 ΜΝ.
851 3038 992 3069 fastidies
1016 3038 1084 3068 RG.
1110 3038 1253 3068 fastidias
1278 3038 1378 3075 Qash.
1404 3038 1495 3076 posui
1522 3038 1695 3068 fastidiens.
1722 3048 1815 3068 aures
1840 3043 1869 3068 et

43 3091 130 3125 Caes.
157 3094 196 3130 Q.
262 3095 317 3134 17)
344 3096 448 3125 adhuc
472 3095 504 3124 in
529 3087 656 3125 diuersa
680 3096 780 3124 uerba
807 3100 882 3126 sunt
905 3095 1033 3127 MR2G.
1058 3095 1144 3125 Adu.
1170 3095 1274 3124 adhue
1298 3095 1395 3124 uerba
1420 3098 1497 3124 sunt
1522 3094 1611 3125 vafh.
1648 3094 1763 3125 Adhuc
1789 3096 1864 3125 adu.

44 3148 80 3185 Q.
130 3151 185 3191 18)
211 3151 320 3190 adrog.
346 3152 390 3182 M.
442 3150 497 3192 19)
522 3154 554 3181 te
580 3152 684 3190 ipsum
709 3161 769 3183 om.
796 3152 825 3181 2.
