2148 3412
825 126 873 157 IN
900 126 1035 157 snam.
1061 127 1086 164 1,
1115 131 1146 158 s.
1818 118 1897 157 119

187 249 250 288 61.
282 262 385 288 nono
409 256 501 303 post
530 262 671 288 mense.
731 247 791 289 Ut
824 248 893 303 (B.
925 248 959 298 I,
993 250 1088 303 2{›):
1123 249 1238 303 Ionqo
1265 259 1357 305 pos!
1389 259 1560 306 tempore
1590 253 1708 292 uem't.

185 335 353 362 reuocas
382 335 420 361 n.
449 336 488 376 p.
519 335 569 361 m.
601 322 798 376 iubesque.
859 321 1048 371 Poetam,
1081 328 1126 362 ut
1159 330 1375 377 appareat,
1421 324 1493 365 diu
1524 324 1801 379 exploratum,
1848 324 1900 363 ad

74 392 298 435 amicitiam
331 392 573 442 admissum,
606 393 831 447 displicere
863 409 946 435 non
977 409 1108 449 posse.

186 467 250 507 62.
280 481 471 521 mayolum
501 467 573 508 hoe
603 482 671 521 eqo
704 468 805 508 dccco
842 469 960 517 Quod
982 469 1132 523 placui
1160 470 1238 510 tibi.
1299 469 1349 510 Id
1371 478 1450 511 est:
1483 478 1652 526 gratum
1672 471 1776 511 mihi
1799 478 1900 519 01111,

76 539 178 596 [uel:
221 539 451 595 gloriosum
482 539 561 580 hoc
591 539 693 580 mihi
725 539 833 596 erat]
867 541 980 593 quod
1011 541 1153 595 placui
1185 541 1274 592 tibi,
1322 558 1403 584 non
1435 552 1608 599 propter
1638 544 1900 585 nobilitatem

74 619 304 668 parentum,
337 612 410 654 sed
440 619 612 667 propter
643 612 836 653 meritum
868 614 1195 655 conuersationis
1226 630 1356 656 meae.
1417 632 1621 671 maqmcm.
1656 616 1901 659 Gloriosum

72 687 150 728 hoc
181 700 260 742 ego
290 685 494 727 existimo.

186 761 250 800 63.
283 761 392 816 turpi
415 761 591 801 secerm's
619 760 834 801 honestum.
897 759 984 812 Qui
1016 761 1124 802 nosti
1157 761 1357 803 iudicare.

186 834 250 873 64.
282 833 351 874 sed
371 835 455 875 uita
477 841 512 874 et
525 842 684 888 pectore
700 848 822 889 puro.
892 834 991 875 Vita.
1020 833 1071 874 Id
1093 842 1176 876 est:
1200 834 1321 877 bonis
1342 836 1542 878 moribus.
1581 836 1693 889 Quia
1717 838 1898 878 dixerat:

73 920 152 948 non
174 914 290 962 patre
312 907 543 961 praeclaro,
575 906 669 948 ideo
699 907 803 948 haec
825 906 1017 957 subiecit,
1050 922 1157 961 quae
1179 909 1362 963 amplius
1383 910 1427 950 in
1449 925 1492 951 se
1515 911 1755 951 contineant
1776 926 1902 965 quam

72 987 190 1035 pater
215 981 469 1035 praeclarus.

186 1053 249 1094 65.
281 1052 408 1109 Atqui
434 1059 469 1095 si
498 1055 605 1095 uitiis
641 1055 827 1096 meclz‘oer.
887 1055 1021 1110 Atqui.
1055 1054 1209 1096 Etiam.
1257 1055 1377 1097 Ordo
1410 1058 1471 1111 (et
1501 1060 1694 1111 50115115ἲ)
1727 1065 1807 1099 est:
1856 1058 1903 1099 Si

73 1125 354 1167 mediocribus
385 1133 423 1167 et
454 1127 601 1181 paucis
630 1127 745 1168 uitiis
777 1128 1125 1181 reprehendenda
1155 1137 1217 1170 est
1249 1129 1355 1185 [uita
1385 1145 1491 1180 mea,
1529 1138 1711 1172 attamen
1743 1132 1786 1171 in
1808 1131 1903 1185 qui-

74 1198 247 1240 busdam
279 1206 341 1240 est
370 1199 615 1256 laudanda]
677 1200 956 1255 Hyperbaton
987 1201 1068 1242 tale
1100 1209 1180 1242 est:
1213 1200 1347 1256 Atqui
1379 1203 1412 1243 si
1444 1203 1559 1245 uitiis
1591 1219 1713 1246 careo
1744 1211 1782 1246 et
1805 1220 1904 1259 pro-

72 1272 194 1314 batae
225 1289 315 1314 sum
345 1273 470 1323 uitae,
501 1273 566 1314 his
597 1273 719 1315 bonis
751 1288 876 1315 causa
906 1281 1025 1328 pater
1056 1283 1128 1324 est,
1174 1275 1253 1316 1100
1289 1283 1372 1316 est:
1405 1276 1440 1317 si
1471 1276 1669 1319 nobilitas
1706 1293 1787 1318 non
1828 1285 1901 1328 est,

73 1346 141 1388 uel
170 1346 273 1388 haec
303 1354 479 1402 paterna
510 1354 616 1388 sunt.
679 1348 957 1391 Mediam-ibus.
1018 1348 1289 1390 Leuioribus.

186 1421 250 1462 66.
282 1421 346 1461 67.
378 1421 490 1462 uelut
518 1423 557 1462 si
584 1422 754 1476 Eqreqio
784 1423 992 1478 inspersos
1022 1437 1129 1478 repr.
1163 1437 1270 1478 corp.
1302 1438 1462 1465 naeuos.
1524 1422 1742 1479 Conparat
1773 1425 1904 1465 uitam

74 1508 190 1535 suam
219 1494 401 1535 formoso
432 1494 564 1535 uultui
595 1494 797 1549 adsperso
828 1495 988 1536 naeuis.

185 1568 379 1610 Mendosa
400 1576 453 1609 esl
487 1576 570 1609 nat.
628 1567 807 1619 Vitiosa,
843 1569 1204 1624 reprehendenda.
1266 1572 1455 1626 Alioquin
1499 1580 1621 1614 recta.
1680 1571 1816 1622 Alias,
1862 1573 1906 1613 in

75 1640 167 1682 aliis
197 1640 322 1681 rebus
352 1647 466 1682 recta
496 1647 569 1682 est.

186 1715 250 1756 68.
282 1715 430 1756 sordes.
464 1715 694 1756 Libidinem.
726 1731 774 1757 ac
805 1716 914 1757 mala
936 1717 1077 1757 lustra.
1141 1718 1290 1759 Lustra
1321 1719 1504 1759 ferarum
1537 1718 1693 1759 cubilia
1725 1726 1832 1768 sunt,
1865 1727 1905 1759 et

74 1788 272 1842 quoniam
303 1787 543 1830 meretrices
573 1788 698 1843 lupae
730 1789 938 1839 dicuntur,
971 1789 1077 1830 bene
1098 1790 1178 1831 hoc
1208 1791 1377 1832 nomine
1407 1791 1629 1846 lupanaria
1660 1792 1902 1846 appellauit.

74 1860 131 1902 Et
161 1876 290 1917 quare
326 1863 465 1903 mala?
522 1860 593 1902 Ad
639 1862 919 1903 differentiam
965 1863 1148 1913 illorum,
1194 1864 1267 1904 ubi
1311 1864 1472 1919 praeda
1516 1865 1685 1906 uidetur
1729 1866 1902 1907 inclusa.

75 1935 224 1977 Lustra
251 1950 336 1977 non
367 1935 501 1977 solum
530 1935 715 1976 ferarum
746 1935 903 1977 cubilia
933 1936 1130 1978 dicuntur
1160 1937 1234 1978 sed
1264 1937 1389 1979 etiam
1431 1939 1628 1994 popinae,
1674 1939 1718 1979 in
1750 1939 1905 1993 quibus

76 2015 211 2051 scorta
242 2015 337 2051 sunt
367 2016 406 2051 et
436 2009 674 2051 inlecebrae
704 2009 941 2051 libidinum.

188 2084 252 2125 69.
286 2084 350 2125 70.
373 2098 510 2140 puras
542 2092 576 2125 et
596 2086 745 2134 insons,
781 2085 829 2126 Ut
849 2100 908 2126 me
930 2085 1177 2127 conlaudem.
1239 2084 1359 2126 Ordo
1383 2084 1503 2142 [est]:
1537 2083 1744 2139 sineque
1766 2085 1906 2127 auari-

192 2278 224 2317 1)
250 2277 290 2308 C:
317 2296 352 2299 ω
383 2279 472 2309 uenit.
498 2279 567 2309 Hoc
591 2284 698 2310 autem
724 2280 812 2316 dicit,
839 2284 875 2309 ut
901 2284 1055 2318 appareat
1081 2290 1115 2310 se
1141 2281 1197 2310 diu
1223 2281 1346 2318 explor.
1373 2285 1399 2310 et
1423 2281 1540 2310 tandem
1564 2281 1595 2310 in
1621 2290 1683 2310 am.
1701 2281 1784 2310 adm.
1805 2285 1910 2319 postea

78 2334 161 2372 disp.
189 2344 219 2363 n.
245 2344 350 2372 posse.
375 2335 481 2366 Verba
505 2337 569 2366 Hoc
594 2341 691 2366 aulem
715 2337 787 2366 dicit
811 2341 886 2367 ante
910 2341 942 2366 ut
964 2342 1114 2376 appareat
1137 2338 1251 2367 intulit
1277 2337 1316 2373 Q.
1382 2338 1416 2376 5)
1442 2339 1540 2367 uerba
1576 2337 1624 2366 uel
1655 2337 1819 2376 [slorz'osum
1856 2337 1910 2366 hoc

76 2390 151 2420 mihi
173 2395 240 2421 erat
263 2401 322 2422 om.
358 2401 375 2430 γ
401 2392 449 2431 (et
475 2392 617 2431 Ganva),
654 2395 763 2431 posuit
788 2398 895 2423 autem
924 2394 1059 2423 iuferius
1086 2394 1247 2424 scholion:
1290 2393 1458 2424 Gloriosum
1483 2394 1536 2423 hoc
1567 2403 1618 2433 ‘²90
1643 2393 1785 2429 ewistimo,
1825 2395 1909 2431 quod

78 2447 147 2477 rell.
173 2458 233 2478 om.
282 2448 317 2487 8)
345 2448 406 2484 Qui
432 2459 482 2479 no.
510 2450 577 2479 iud.
605 2459 646 2479 ex
670 2460 696 2492 γ.
723 2451 794 2480 rell.
821 2460 882 2480 0111.
903 2450 987 2485 Quia
1016 2468 1051 2471 —
1080 2451 1266 2488 praeclarus
1293 2460 1353 2480 om.
1375 2449 1500 2487 G,mva.
1527 2450 1563 2479 Id
1582 2454 1641 2480 est.
1666 2451 1739 2479 bon.
1766 2450 1908 2478 moribus

77 2513 104 2547 γ.
129 2505 198 2534 rell.
233 2513 295 2535 om.
334 2504 376 2535 C:
413 2504 485 2535 uita.
513 2507 729 2536 extrinsecus.
751 2511 872 2545 pectore
890 2517 924 2545 p.
962 2507 1055 2537 bonis
1092 2508 1235 2536 moribus
1268 2507 1474 2537 intrinsecus.
1540 2508 1595 2545 12)
1621 2506 1718 2544 Αῖιμιί.
1746 2506 1856 2535 Etiam
1882 2516 1908 2548 γ.

78 2561 148 2590 rell.
173 2570 232 2591 om.
300 2562 355 2600 13)
381 2563 452 2592 uita
478 2580 517 2583 —-
544 2563 707 2593 laudanda
731 2574 792 2594 om.
818 2574 844 2605 γ.
912 2563 967 2603 14)
992 2564 1179 2602 Yperbaton
1204 2573 1231 2605 γ.
1270 2582 1311 2584 —
1349 2569 1438 2602 atque
1464 2564 1535 2602 (atq
1546 2564 1570 2602 ς)
1595 2563 1663 2605 -(,C.
1731 2563 1785 2600 15)
1814 2573 1911 2592 causa

79 2622 170 2656 pater
193 2617 333 2661 7(G?Q).
358 2620 427 2649 rell.
453 2628 503 2657 pa.
531 2629 635 2650 causa.
652 2620 760 2650 —Icoc
785 2625 834 2650 est
857 2630 883 2661 γ.
909 2621 979 2649 rell.
1005 2620 1038 2649 id
1062 2625 1121 2649 est.
1147 2621 1252 2650 Verba
1276 2619 1304 2649 si
1318 2639 1357 2641 ἡ
1375 2624 1443 2650 sunt
1467 2630 1528 2650 om.
1557 2619 1683 2657 (ἔμω-11.
1736 2620 1791 2657 16)
1811 2620 1909 2649 leuio-

78 2675 166 2705 ribus
189 2684 216 2717 γ.
242 2676 310 2705 1011.
337 2686 397 2706 0111.
464 2677 520 2714 17)
548 2677 717 2714 insparsos
742 2686 769 2718 γ,
795 2681 830 2706 ut
854 2677 930 2705 DIR
955 2676 1074 2706 Gencu.
1102 2676 1213 2706 Ambr.
1240 2676 1332 2706 Fran.
1359 2676 1450 2707 Baro.
1478 2676 1597 2705 Bernn.
1625 2676 1682 2704 AC
1711 2679 1781 2711 etc,
1827 2677 1909 2705 ratio

80 2731 297 2761 usitatissima
320 2732 427 2762 Plinio
452 2733 569 2769 XVIII,
600 2734 648 2762 11.
675 2733 789 2769 XXIX,
818 2734 847 2761 3.
872 2733 987 2769 XXVI,
1019 2734 1066 2762 14.
1104 2733 1250 2770 XXXIV,
1280 2734 1330 2770 12,
1359 2733 1458 2762 etiam
1485 2733 1516 2761 in
1542 2732 1636 2769 Verg.
1664 2733 1756 2761 libris
1783 2734 1909 2770 quibus.

82 2787 155 2817 dum
180 2789 291 2818 obuia:
319 2788 357 2818 G.
383 2788 440 2826 III⁷
467 2790 550 2818 419:
578 2790 772 2827 adspargere
797 2789 930 2818 Mentel.
957 2800 1002 2827 pr.
1031 2789 1068 2822 G,
1094 2789 1147 2826 IV,
1164 2791 1223 2818 62:
1251 2799 1386 2828 aspar-ge
1411 2789 1562 2818 Arusian.
1588 2788 1696 2817 Ambr.
1723 2788 1911 2830 (Ribbeck.)

83 2847 114 2873 et
137 2843 200 2874 Mo.
228 2846 285 2874 97:
311 2846 483 2883 inspargit.
510 2846 601 2875 codd.
628 2855 691 2874 non
718 2847 777 2875 97:
804 2845 892 2875 Satis
920 2847 1046 2875 excussi
1073 2846 1236 2876 uidentur.
1290 2847 1344 2885 19)
1369 2846 1436 2874 Vit..
1462 2854 1542 2883 repr.
1568 2854 1595 2885 γ,
1624 2845 1765 2883 alioquin
1790 2847 1849 2887 μὶ,
1875 2850 1910 2875 ut

82 2900 217 2930 DFIMP
240 2902 359 2931 Bernn.
386 2902 441 2931 BC
466 2902 576 2931 Ambr.
603 2902 696 2931 Baro.
722 2903 816 2932 Fran.
844 2903 942 2932 schol.
970 2912 1010 2931 ex
1036 2912 1062 2944 γ.
1090 2904 1160 2932 rell.
1188 2913 1249 2932 om.
1300 2902 1358 2940 21)
1386 2902 1568 2931 Libidinem
1593 2911 1620 2943 γ.
1647 2903 1717 2931 rell.
1745 2913 1804 2931 0111.
1832 2913 1870 2932 (tc
1895 2912 1911 2943 γ

83 2960 115 2986 et
139 2967 220 2987 omn.
247 2962 326 2987 uett.
355 2959 446 2988 codd.
474 2959 561 2993 Hor„
588 2968 650 2988 non
675 2962 734 2987 ant.
784 2960 841 2997 24)
869 2960 936 2988 cub.
964 2960 1113 2989 dicuntur
1138 2969 1164 3000 γ.
1192 2960 1261 2988 1011.
1289 2960 1331 2988 di.
1352 2959 1420 2987 cub.
1438 2968 1455 3000 't'
1473 2959 1571 2987 habet
1590 2959 1732 2996 glossam
1752 2970 1792 2988 ex
1813 2960 1911 2988 schol.

84 3018 281 3044 extractam:
319 3015 494 3052 lupanaria.
522 3016 579 3044 alii
606 3015 717 3044 dieunt
745 3016 891 3052 popinas.
952 3016 1009 3054 26)
1035 3016 1180 3045 conlaud.
1206 3025 1223 3057 γ
1248 3025 1325 3054 pure
1349 3018 1384 3044 ut
1411 3015 1502 3043 Baro.
1529 3015 1639 3044 Ambr.
1667 3015 1737 3044 Par.
1763 3016 1787 3044 Β
1827 3016 1911 3053 (lau-

85 3070 155 3100 dem
180 3069 229 3113 φ),
256 3072 287 3101 in
313 3072 384 3100 aliis
409 3082 500 3109 corr„
526 3076 561 3101 ut
586 3072 625 3101 D.
652 3090 681 3092 --ν
720 3077 767 3101 est
793 3082 852 3101 om.
879 3081 905 3112 γ.

1930 922 1970 953 10
