2148 3412
811 148 859 180 IN
885 148 1020 180 semi.
1048 148 1092 188 11,
1119 153 1147 179 5.
1813 135 1895 177 301

177 274 242 317 53.
274 273 339 315 54.
372 272 466 328 quid
492 273 630 328 prima
661 273 837 314 seeundo
873 273 974 314 Cera
1005 273 1103 315 uelit
1133 287 1270 314 uersu.
1345 271 1396 313 Id
1441 279 1515 323 est,
1561 271 1699 326 prima
1739 270 1896 321 tabula,

65 362 163 404 pars
193 346 440 387 tabularum.
501 347 689 395 secundo,
722 346 922 399 quoniam
952 346 994 386 in
1027 346 1210 388 secundo
1241 360 1366 388 uersu
1387 345 1590 387 haeredes
1611 344 1898 386 instituuntur.

25 427 29 446 s
65 421 211 462 Prima
241 434 336 461 cera
369 419 553 461 secundo
584 433 709 460 uersu
740 419 933 460 haeredis
965 420 1147 461 continet
1180 434 1344 461 nomen.

179 495 244 535 54.
276 493 460 535 multisne
491 494 690 535 cohaeres.
750 491 881 534 Deest
914 494 979 533 sis.

28 623 29 628 1
177 568 241 609 55.
274 575 460 608 recoctus.
520 565 673 607 Denuo
704 566 849 615 factus,
882 565 949 606 uel
980 580 1105 620 saepe
1145 567 1278 607 factus
1315 567 1548 621 (refectus),
1585 575 1756 608 astutus.
1817 567 1896 607 Re·
1946 585 1964 604 ›

28 650 30 660 ³
69 642 171 684 cocti
196 639 392 681 dicuntur
423 639 600 689 scribae,
647 640 718 693 qui
751 639 918 693 saepius
950 653 1042 680 curn
1074 639 1397 694 proconsulibus
1428 639 1481 680 ad
1511 640 1753 694 prouincias
1783 639 1901 681 missi

28 750 31 761 ,
67 712 378 756 exercitatiores
408 713 507 753 facti
538 720 631 754 sunt
663 727 713 753 ex
746 713 837 767 ipsa
859 711 1131 768 frequentia[‚
1164 713 1234 769 ex]
1261 720 1301 754 et
1321 712 1413 768 ipso
1434 728 1523 754 usu.
1585 711 1731 753 Solent
1762 720 1900 753 autem

28 775 31 795 ⁴
68 787 251 842 quinque
280 786 362 827 uiri
394 786 519 835 mitti:
553 786 650 827 inde
681 800 728 826 ex
760 787 1046 842 qm‘nqeceuiw‘s.
1104 785 1224 842 Ergo
1254 786 1332 827 hoc
1363 785 1453 827 uult
1482 785 1644 827 dicere:
1688 800 1803 835 caue,
1848 800 1900 826 ne

69 860 127 903 sic
157 869 310 915 captes,
356 868 400 901 ut
431 861 473 901 in
506 860 776 915 impostorem
810 860 1012 909 incurras,
1060 859 1131 914 qui
1162 867 1201 901 te
1233 859 1373 914 specie
1404 859 1676 901 institutionis
1707 859 1900 900 inrideat.

72 933 310 991 [Aliterz]
360 932 536 975 Scribae
569 934 685 975 ibant
717 934 760 974 in
793 933 1055 988 prouinciam
1089 948 1182 974 cum
1224 932 1553 988 magistratibus,
1600 941 1638 973 et
1685 947 1779 973 cum
1824 946 1900 973 re—
1932 943 1969 973 10

70 1007 239 1057 dissent,
270 1007 511 1049 uendebant
532 1007 727 1049 decurias
750 1022 845 1049 suas
867 1017 905 1047 et
928 1008 1188 1063 quinqueuiri
1207 1005 1467 1047 dicebantur.
1530 1004 1656 1058 Quod
1678 1006 1712 1046 si
1734 1005 1902 1047 uoluis-

72 1089 162 1124 sent
193 1081 342 1122 iterum
375 1096 451 1136 pro
483 1081 798 1136 magistratibus
829 1081 1035 1135 adparere
1066 1088 1106 1121 et
1135 1081 1294 1121 fructus
1325 1080 1487 1135 priores
1519 1080 1752 1135 percipere,
1788 1079 1903 1136 [re]—

73 1157 173 1197 coclz'
198 1153 458 1204 dicebantur,
491 1155 646 1210 quique
678 1155 847 1210 saepius
878 1155 955 1196 hoc
988 1154 1248 1203 factitabant,
1281 1156 1439 1196 recoctt'.

183 1229 247 1269 55.
272 1242 484 1284 percurre.
517 1227 709 1285 Perlege.
764 1230 1017 1285 plerumque.
1063 1226 1203 1282 Saepe
1235 1227 1434 1268 luduntur
1465 1242 1489 1268 a
1524 1227 1582 1283 [te
1604 1234 1725 1276 statu,
1759 1241 1802 1268 re
1824 1226 1901 1283 l1i,]

71 1309 215 1344 testato
245 1316 333 1342 rem
365 1302 437 1356 qui
470 1303 696 1357 sperant.*)
1934 1312 1970 1342 15

186 1376 250 1417 56.
284 1390 452 1417 coruum
485 1377 644 1418 deludet
674 1378 857 1418 hiantem.
918 1374 1060 1418 Homo
1097 1376 1347 1416 exercitatus
1393 1374 1516 1416 facile
1561 1374 1711 1415 inludit
1757 1374 1905 1415 auidos

65 1457 112 1504 'et
143 1456 387 1504 appetentes
418 1450 478 1490 rei
512 1449 687 1491 alienae.
747 1449 804 1490 Et
834 1449 1084 1506 perstringit
1113 1449 1300 1491 fabulam
1332 1449 1492 1505 Aesopi,
1539 1463 1645 1503 quae
1691 1456 1751 1489 est
1787 1447 1903 1489 talis:

74 1520 240 1565 Coruus
271 1537 364 1564 cum
397 1523 599 1578 praedam
631 1538 701 1565 ore
734 1534 932 1579 portaret,
965 1523 1157 1565 laudatus
1189 1538 1212 1563 a
1244 1522 1384 1578 uulpe,
1427 1522 1540 1577 quod
1570 1521 1725 1563 bonam
1758 1535 1906 1563 uocem

73 1596 256 1647 haberet,
296 1597 478 1639 clamare
509 1597 724 1653 occipiens
755 1598 952 1640 omissam
984 1597 1187 1653 praedam
1218 1596 1416 1652 perdidit.
1477 1595 1534 1636 Et
1555 1605 1665 1637 recte
1688 1594 1792 1636 dixit
1815 1609 1906 1636 eor-

74 1685 183 1721 uum,
214 1670 287 1725 qui
316 1671 521 1714 mortibus
552 1672 749 1728 pascitur.
1933 1682 1973 1711 20

36 1733 39 1755 ἶ
191 1746 379 1788 Coruum.
441 1744 643 1787 Socerum
677 1760 832 1788 senem.
893 1746 1078 1787 luzmcem.
1139 1743 1328 1787 Coruum
1361 1744 1467 1785 dixit
1496 1744 1681 1784 hiantem
1713 1743 1906 1784 haeredi-

75 1827 225 1876 petam.
286 1820 449 1862 deludit.
496 1818 683 1875 Decipit.
730 1819 831 1861 Ideo
863 1826 1000 1860 autern
1048 1833 1216 1861 coruum
1262 1818 1382 1867 dixit,
1430 1817 1529 1873 quia
1575 1817 1689 1859 corui
1738 1831 1907 1871 semper

78 1893 274 1936 esuriunt.

189 1969 254 2009 57.
290 1967 569 2023 Captatorque.
600 1966 875 2023 Heredipeta.
936 1967 1056 2008 dabit.
1086 1965 1172 2007 Pro
1204 1967 1322 2007 dedit.

193 2199 226 2238 l)
253 2198 332 2233 Quid
357 2216 397 2219 —
425 2199 642 2228 instituuntur
666 2208 692 2241 γ.
714 2198 818 2237 prima
844 2207 925 2228 cera.
952 2198 1053 2236 prima
1079 2196 1263 2226 tabularum
1290 2198 1322 2226 in
1348 2197 1468 2235 primae
1491 2196 1623 2225 tabulae
1650 2195 1790 2225 secundo
1815 2204 1909 2224 uersu

81 2255 225 2286 haeredis
251 2265 368 2286 nomen
393 2256 572 2286 continetur
590 2254 626 2284 C.
646 2256 714 2284 rell.
734 2265 794 2286 om.
851 2256 886 2293 5)
914 2258 1040 2284 astutus
1066 2263 1093 2295 γ.
1119 2256 1261 2289 ‘recocta-3,
1287 2253 1401 2290 denuo,
1432 2262 1526 2291 saepe
1551 2252 1691 2289 refectus,
1718 2257 1749 2282 et
1774 2261 1828 2290 per
1853 2252 1912 2281 hoe

81 2316 206 2342 astutus
231 2312 267 2342 C.
332 2310 366 2353 6)
391 2322 455 2342 cum
474 2313 717 2350 proconsulibus
741 2312 811 2354 ·s‚C.
838 2312 919 2348 rell„
958 2321 1018 2340 om.
1046 2319 1139 2345 cmm:
1166 2319 1223 2348 pro
1248 2311 1445 2340 consulibus.
1512 2311 1545 2348 7)
1571 2310 1648 2348 freq.
1674 2319 1710 2338 ecc
1746 2310 1815 2346 ipso
1853 2317 1911 2337 usu

83 2369 193 2398 incule.
220 2369 247 2405 Q
272 2379 328 2408 pro
353 2370 444 2408 uulg.
472 2370 612 2399 lectione
637 2369 717 2407 freq.
745 2373 772 2398 el
797 2369 818 2398 i.
846 2378 915 2398 usu.
940 2366 1015 2410 -(‚C:
1048 2371 1119 2396 sunt
1148 2376 1207 2396 usu
1232 2368 1303 2405 ipso
1331 2372 1361 2396 et
1386 2368 1476 2405 freq.⁷
1503 2377 1562 2397 om.
1590 2376 1636 2395 ex.
1687 2365 1722 2403 8)
1750 2366 1832 2404 Ergo
1857 2364 1911 2393 hoc

82 2433 162 2455 omn.
188 2426 273 2455 libri.
301 2426 328 2462 Q
351 2428 519 2456 inuertens
551 2427 615 2456 Hoc
646 2436 724 2465 eryn.
758 2425 800 2455 C:
834 2425 929 2464 itaque
955 2424 1024 2454 uult
1051 2425 1110 2454 hoc
1136 2424 1254 2453 dicere.
1281 2441 1323 2445 —-
1349 2434 1426 2454 caue
1451 2433 1490 2453 ne
1515 2423 1578 2464 -s,C.
1605 2423 1674 2452 rell.
1702 2426 1734 2451 uc
1757 2431 1805 2450 ne.
1833 2425 1912 2450 utne

82 2481 123 2512 sis
144 2492 174 2511 v.
225 2483 259 2522 9)
284 2488 319 2513 ut
345 2484 543 2522 inpostorem
568 2493 594 2524 γ.
622 2487 657 2512 ut
683 2483 713 2511 [n
738 2484 948 2520 impostorem
973 2480 1038 2516 CQ.
1067 2481 1137 2510 rell.
1166 2480 1195 2509 in
1215 2485 1377 2519 posteram.
1409 2482 1534 2510 incidas
1573 2480 1608 2509 C.
1647 2480 1717 2508 rell.
1757 2479 1912 2509 incurras.

85 2548 142 2569 om.
166 2549 193 2582 γ.
222 2558 262 2561 --
288 2550 342 2578 spe
367 2540 433 2570 afh.
472 2541 542 2570 rell.
582 2541 698 2578 specie.
736 2540 828 2569 ini-id.
866 2549 892 2581 γ.
946 2539 1000 2577 14)
1026 2538 1122 2567 Aliter
1150 2555 1188 2557 u
1215 2537 1369 2567 dicebatur
1406 2539 1438 2567 in
1475 2538 1568 2567 libris
1606 2536 1725 2566 scholio
1763 2534 1912 2573 sequenti

85 2596 234 2627 adiuncta
257 2598 419 2636 leguntur.
445 2598 553 2628 Aliter
578 2608 639 2627 om.
666 2608 691 2639 γ.
731 2598 927 2635 prouinciam
953 2606 980 2638 γ.
1009 2596 1076 2625 rell.
1104 2595 1295 2633 prouincias.
1365 2595 1417 2633 11)
1445 2593 1605 2623 redissent
1631 2603 1646 2610 ·’
1683 2592 1723 2621 al.
1751 2590 1912 2621 rediisent.

1637 2616 1656 2634 ι.

85 2670 127 2675 --
145 2653 210 2689 Quo
235 2655 261 2684 si
287 2655 350 2684 uol.
377 2656 412 2685 it.
441 2654 679 2693 magistratibus
704 2663 815 2692 appere
842 2658 873 2683 et
898 2654 934 2682 fr.
962 2663 992 2690 p.
1020 2654 1184 2690 percipere
1208 2651 1284 2681 cocti
1307 2651 1530 2681 didicebantur
1556 2650 1632 2688 (sic)
1660 2659 1686 2691 γ.
1713 2649 1829 2678 iterum
1855 2657 1912 2686 pro

85 2710 326 2748 magistratibus
352 2720 506 2750 apparere
532 2710 566 2740 C.
593 2711 662 2741 rell.
689 2712 805 2740 iterum
830 2710 1035 2749 magistratus
1060 2713 1212 2748 appetere.
1267 2709 1320 2747 13)
1348 2726 1389 2729 —
1409 2707 1484 2738 cocti
1508 2707 1709 2742 dicebantur,
1737 2705 1853 2743 quique
1874 2722 1913 2724 —

87 2767 192 2796 recocti
214 2766 248 2797 C.
273 2769 342 2798 rell.
369 2779 428 2798 om.
466 2770 585 2807 quique
612 2786 650 2789 -—
679 2769 808 2799 recocti.
836 2768 969 2806 Perlege
994 2778 1019 2809 'a'-

91 2823 144 2861 16)
172 2824 273 2854 Homo
297 2825 356 2854 m'sz'
381 2835 499 2855 eoecerc.
526 2835 553 2867 γ.
576 2842 610 2847 -
633 2825 752 2854 inludit
776 2835 803 2866 γ.
831 2824 939 2854 illudit
966 2823 1002 2853 C.
1028 2824 1097 2853 rell.
1124 2823 1231 2852 eludit.
1284 2822 1340 2863 19)
1367 2822 1526 2859 occipiens
1551 2829 1666 2861 ·(,mva,
1695 2823 1729 2847 ut
1754 2818 1824 2848 Liu.
1850 2817 1874 2854 Ι,
1896 2819 1913 2847 7

89 2883 120 2910 et
144 2881 262 2918 pluries
287 2883 372 2920 apud
397 2882 559 2912 Plautum.
587 2883 655 2912 rell.
681 2881 849 2920 incipiens.
889 2880 1023 2919 perdidit
1047 2878 1187 2922 7(G‘.²Q).
1227 2878 1326 2918 perdit
1351 2878 1471 2907 mvaih.
1539 2877 1596 2915 20)
1622 2875 1678 2914 qui
1699 2884 1813 2917 ·(,mva.
1840 2875 1914 2913 quia

1048 2768 1117 2796 rell.
1145 2777 1206 2797 om.
1275 2768 1328 2803 14)
1356 2764 1457 2803 Saepe
1483 2781 1521 2784 ἠ
1551 2767 1679 2801 sperant
1704 2772 1729 2803 γ.
1757 2762 1826 2791 rell.
1852 2771 1912 2791 om.

89 2935 164 2972 th.
180 2955 218 2958 ⁷—
236 2940 385 2969 mortibus
410 2949 436 2981 γ.
463 2945 559 2969 recte.
586 2940 655 2969 rell.
683 2938 852 2968 morsibus.
879 2938 919 2968 C:
947 2939 1066 2967 Nasica
1091 2942 1123 2966 et
1148 2937 1340 2975 quicumque
1366 2935 1493 2964 inhiant
1520 2933 1612 2963 morti
1630 2933 1768 2967 alienae,
1795 2933 1915 2961 amissa

91 2994 204 3030 praeda
227 2997 313 3025 corui
338 3001 492 3026 uocantur
511 2997 632 3032 ‹lelusi3
660 3006 723 3025 nou
751 2997 856 3025 minus
882 2996 968 3024 enim
995 2995 1127 3024 senibus
1154 2994 1281 3022 inhiant
1307 2993 1344 3022 ob
1372 2991 1518 3027 diuitias,
1544 2999 1637 3027 quam
1664 2989 1750 3018 corui
1764 2993 1916 3017 sectantur

91 3049 248 3081 cadauera.
313 3054 370 3092 21)
397 3052 548 3083 Socerum
575 3063 685 3082 senem
711 3051 778 3093 3',C.
806 3053 874 3081 rell.
901 3062 961 3082 om.
987 3051 1124 3081 Coruum
1152 3051 1181 3079 d.
1207 3051 1239 3079 h.
1278 3049 1507 3086 heredipetam.
1545 3047 1767 3083 heredipetam
1793 3046 1914 3083 decipit

93 3123 134 3128 —-
158 3110 302 3140 esuriunt
325 3120 351 3152 ‘a'-
377 3111 445 3140 rell.
473 3121 533 3140 om.
584 3110 641 3149 22)
669 3109 791 3139 Detrudit
814 3110 929 3138 lemma
955 3109 1147 3147 interposui.
1210 3108 1267 3145 24)
1293 3105 1490 3143 Heredipeta
1514 3113 1539 3145 γ.
1567 3104 1637 3133 rell.
1665 3113 1725 3132 om.
1751 3102 1812 3132 Pro
1837 3102 1916 3131 dedit

92 3162 154 3206 ⁴s‚C.
180 3165 248 3196 rell.
276 3177 333 3196 om.
382 3166 416 3206 ss)
444 3177 461 3196 a
487 3172 518 3197 te
545 3171 632 3197 statu
659 3176 691 3196 re
718 3167 750 3196 hi
775 3176 801 3209 γ.
830 3166 964 3204 scripsi:
991 3175 1009 3194 a
1035 3169 1135 3195 testato
1160 3173 1232 3193 rem.
1260 3162 1295 3192 C.
1311 3162 1476 3191 Hermann
1501 3161 1617 3191 uoluit:
1647 3170 1665 3189 a
1689 3163 1791 3189 testato
1815 3168 1849 3188 re
1873 3158 1913 3187 Ιιὶ.
