<?xml version="1.0" encoding="UTF-8"?>
<!DOCTYPE html PUBLIC "-//W3C//DTD XHTML 1.0 Transitional//EN"
    "http://www.w3.org/TR/xhtml1/DTD/xhtml1-transitional.dtd">
<html xmlns="http://www.w3.org/1999/xhtml" xml:lang="en" lang="en">
 <head>
  <title>
</title>
<meta http-equiv="Content-Type" content="text/html;charset=utf-8" />
  <meta name='ocr-system' content='tesseract 3.04.00' />
  <meta name='ocr-capabilities' content='ocr_page ocr_carea ocr_par ocr_line ocrx_word'/>
</head>
<body>
  <div class='ocr_page' id='page_1' title='image "acronisetporphyr02pseuuoft_0291.png"; bbox 0 0 2148 3412; ppageno 0'>
   <div class='ocr_carea' id='block_1_1' title="bbox 35 2355 39 2918">
    <p class='ocr_par' dir='ltr' id='par_1_1' title="bbox 35 2355 39 2918">
     <span class='ocr_line' id='line_1_1' title="bbox 35 2355 39 2918; baseline 0 0"><span class='ocrx_word' id='word_1_1' title='bbox 35 2355 39 2918; x_wconf 95' lang='lat' dir='ltr'> </span> 
     </span>
    </p>
   </div>
   <div class='ocr_carea' id='block_1_2' title="bbox 866 126 1947 166">
    <p class='ocr_par' dir='ltr' id='par_1_2' title="bbox 866 126 1947 166">
     <span class='ocr_line' id='line_1_2' title="bbox 866 126 1947 166; baseline 0 0"><span class='ocrx_word' id='word_1_2' title='bbox 866 134 914 165; x_wconf 72' lang='lat' dir='ltr'>IN</span> <span class='ocrx_word' id='word_1_3' title='bbox 940 134 1074 166; x_wconf 65' lang='lat' dir='ltr'>smmi.</span> <span class='ocrx_word' id='word_1_4' title='bbox 1103 136 1145 166; x_wconf 81' lang='lat' dir='ltr'>u.</span> <span class='ocrx_word' id='word_1_5' title='bbox 1172 140 1202 166; x_wconf 74' lang='lat'>4.</span> <span class='ocrx_word' id='word_1_6' title='bbox 1868 126 1947 166; x_wconf 76' lang='lat'>283</span> 
     </span>
    </p>
   </div>
   <div class='ocr_carea' id='block_1_3' title="bbox 117 254 1950 1268">
    <p class='ocr_par' dir='ltr' id='par_1_3' title="bbox 233 254 855 299">
     <span class='ocr_line' id='line_1_3' title="bbox 233 254 855 299; baseline 0 -1"><span class='ocrx_word' id='word_1_7' title='bbox 233 256 336 298; x_wconf 82' lang='lat' dir='ltr'>alba.</span> <span class='ocrx_word' id='word_1_8' title='bbox 396 254 622 298; x_wconf 83' lang='lat' dir='ltr'>Albidiora</span> <span class='ocrx_word' id='word_1_9' title='bbox 653 257 855 299; x_wconf 87' lang='lat' dir='ltr'>rotundis.</span> 
     </span>
    </p>

    <p class='ocr_par' dir='ltr' id='par_1_4' title="bbox 122 328 1949 458">
     <span class='ocr_line' id='line_1_4' title="bbox 235 328 1949 389; baseline 0.002 -19"><span class='ocrx_word' id='word_1_10' title='bbox 235 330 297 370; x_wconf 86' lang='lat'>14.</span> <span class='ocrx_word' id='word_1_11' title='bbox 329 343 491 370; x_wconf 73' lang='lat' dir='ltr'>marem.</span> <span class='ocrx_word' id='word_1_12' title='bbox 553 328 742 386; x_wconf 79' lang='lat' dir='ltr'>[Fortem</span> <span class='ocrx_word' id='word_1_13' title='bbox 775 331 841 372; x_wconf 91' lang='lat' dir='ltr'>uel</span> <span class='ocrx_word' id='word_1_14' title='bbox 873 331 1056 386; x_wconf 54' lang='lat' dir='ltr'>durum]</span> <span class='ocrx_word' id='word_1_15' title='bbox 1124 332 1321 380; x_wconf 46' lang='lat' dir='ltr'>(hiltiberti,</span> <span class='ocrx_word' id='word_1_16' title='bbox 1358 333 1661 389; x_wconf 82' lang='lat' dir='ltr'>constringunt,</span> <span class='ocrx_word' id='word_1_17' title='bbox 1694 334 1804 375; x_wconf 92' lang='lat' dir='ltr'>unde</span> <span class='ocrx_word' id='word_1_18' title='bbox 1830 334 1949 376; x_wconf 74' lang='lat' dir='ltr'>colti—</span> 
     </span>
     <span class='ocr_line' id='line_1_5' title="bbox 122 402 984 458; baseline -0.001 -13"><span class='ocrx_word' id='word_1_19' title='bbox 122 404 209 445; x_wconf 83' lang='lat' dir='ltr'>bere</span> <span class='ocrx_word' id='word_1_20' title='bbox 239 402 392 444; x_wconf 87' lang='lat' dir='ltr'>dicitur</span> <span class='ocrx_word' id='word_1_21' title='bbox 422 402 582 458; x_wconf 82' lang='lat' dir='ltr'>gallina</span> <span class='ocrx_word' id='word_1_22' title='bbox 612 403 651 443; x_wconf 88' lang='lat' dir='ltr'>h.</span> <span class='ocrx_word' id='word_1_23' title='bbox 684 418 717 444; x_wconf 86' lang='lat' dir='ltr'>e.</span> <span class='ocrx_word' id='word_1_24' title='bbox 751 404 984 445; x_wconf 90' lang='lat' dir='ltr'>confouere.</span> 
     </span>
    </p>

    <p class='ocr_par' dir='ltr' id='par_1_5' title="bbox 233 475 1948 536">
     <span class='ocr_line' id='line_1_6' title="bbox 233 475 1948 536; baseline 0.002 -19"><span class='ocrx_word' id='word_1_25' title='bbox 233 476 396 518; x_wconf 76' lang='lat' dir='ltr'>callosa.</span> <span class='ocrx_word' id='word_1_26' title='bbox 455 475 708 518; x_wconf 83' lang='lat' dir='ltr'>Rotunditas</span> <span class='ocrx_word' id='word_1_27' title='bbox 729 492 902 518; x_wconf 81' lang='lat' dir='ltr'>cuorum</span> <span class='ocrx_word' id='word_1_28' title='bbox 925 477 1107 519; x_wconf 77' lang='lat' dir='ltr'>strictior</span> <span class='ocrx_word' id='word_1_29' title='bbox 1130 479 1279 519; x_wconf 76' lang='lat' dir='ltr'>callosa</span> <span class='ocrx_word' id='word_1_30' title='bbox 1302 479 1467 520; x_wconf 85' lang='lat' dir='ltr'>dicitur.</span> <span class='ocrx_word' id='word_1_31' title='bbox 1530 481 1693 522; x_wconf 49' lang='lat' dir='ltr'>callosa..</span> <span class='ocrx_word' id='word_1_32' title='bbox 1718 479 1948 536; x_wconf 82' lang='lat' dir='ltr'>Stipidosa.</span> 
     </span>
    </p>

    <p class='ocr_par' dir='ltr' id='par_1_6' title="bbox 239 549 1669 606">
     <span class='ocr_line' id='line_1_7' title="bbox 239 549 1669 606; baseline 0.003 -16"><span class='ocrx_word' id='word_1_33' title='bbox 239 550 427 591; x_wconf 50' lang='lat' dir='ltr'>rivellum.</span> <span class='ocrx_word' id='word_1_34' title='bbox 488 549 676 590; x_wconf 69' lang='grc' dir='ltr'>Λέκιθον.</span> <span class='ocrx_word' id='word_1_35' title='bbox 709 549 794 590; x_wconf 90' lang='lat' dir='ltr'>Pro</span> <span class='ocrx_word' id='word_1_36' title='bbox 826 550 950 606; x_wconf 84' lang='lat' dir='ltr'>gallo.</span> <span class='ocrx_word' id='word_1_37' title='bbox 1011 549 1146 601; x_wconf 84' lang='lat' dir='ltr'>Haec,</span> <span class='ocrx_word' id='word_1_38' title='bbox 1178 551 1328 605; x_wconf 86' lang='lat' dir='ltr'>inquit,</span> <span class='ocrx_word' id='word_1_39' title='bbox 1361 552 1531 594; x_wconf 80' lang='lat' dir='ltr'>duriora</span> <span class='ocrx_word' id='word_1_40' title='bbox 1562 562 1669 595; x_wconf 88' lang='lat' dir='ltr'>sunt.</span> 
     </span>
    </p>

    <p class='ocr_par' dir='ltr' id='par_1_7' title="bbox 119 622 1950 825">
     <span class='ocr_line' id='line_1_8' title="bbox 233 622 1947 683; baseline 0.004 -20"><span class='ocrx_word' id='word_1_41' title='bbox 233 624 296 664; x_wconf 87' lang='grc'>15.</span> <span class='ocrx_word' id='word_1_42' title='bbox 330 623 420 665; x_wconf 81' lang='lat' dir='ltr'>cole.</span> <span class='ocrx_word' id='word_1_43' title='bbox 479 622 576 664; x_wconf 91' lang='lat' dir='ltr'>Hoc</span> <span class='ocrx_word' id='word_1_44' title='bbox 606 633 668 664; x_wconf 88' lang='lat' dir='ltr'>est</span> <span class='ocrx_word' id='word_1_45' title='bbox 699 624 824 673; x_wconf 74' lang='lat' dir='ltr'>caule,</span> <span class='ocrx_word' id='word_1_46' title='bbox 857 631 900 664; x_wconf 89' lang='lat' dir='ltr'>ut</span> <span class='ocrx_word' id='word_1_47' title='bbox 932 623 1049 665; x_wconf 88' lang='lat' dir='ltr'>clode</span> <span class='ocrx_word' id='word_1_48' title='bbox 1082 622 1198 680; x_wconf 76' lang='lat' dir='ltr'>[pro]</span> <span class='ocrx_word' id='word_1_49' title='bbox 1232 624 1395 675; x_wconf 80' lang='lat' dir='ltr'>claude,</span> <span class='ocrx_word' id='word_1_50' title='bbox 1431 626 1584 668; x_wconf 78' lang='lat' dir='ltr'>sorices</span> <span class='ocrx_word' id='word_1_51' title='bbox 1608 626 1724 683; x_wconf 83' lang='lat' dir='ltr'>[pro]</span> <span class='ocrx_word' id='word_1_52' title='bbox 1748 627 1947 677; x_wconf 82' lang='lat' dir='ltr'>saurices,</span> 
     </span>
     <span class='ocr_line' id='line_1_9' title="bbox 121 695 1950 754; baseline 0.003 -16"><span class='ocrx_word' id='word_1_53' title='bbox 121 695 219 738; x_wconf 84' lang='lat' dir='ltr'>coda</span> <span class='ocrx_word' id='word_1_54' title='bbox 252 695 368 754; x_wconf 90' lang='lat' dir='ltr'>[pro]</span> <span class='ocrx_word' id='word_1_55' title='bbox 402 696 546 738; x_wconf 76' lang='lat' dir='ltr'>cauda.</span> <span class='ocrx_word' id='word_1_56' title='bbox 609 695 753 738; x_wconf 57' lang='lat' dir='ltr'>Cauiis</span> <span class='ocrx_word' id='word_1_57' title='bbox 777 696 966 753; x_wconf 79' lang='lat' dir='ltr'>[inquit]</span> <span class='ocrx_word' id='word_1_58' title='bbox 1005 696 1168 738; x_wconf 86' lang='lat' dir='ltr'>dulcior</span> <span class='ocrx_word' id='word_1_59' title='bbox 1198 706 1272 747; x_wconf 88' lang='lat' dir='ltr'>est,</span> <span class='ocrx_word' id='word_1_60' title='bbox 1305 698 1375 753; x_wconf 91' lang='lat' dir='ltr'>qui</span> <span class='ocrx_word' id='word_1_61' title='bbox 1407 699 1591 741; x_wconf 85' lang='lat' dir='ltr'>nascitur</span> <span class='ocrx_word' id='word_1_62' title='bbox 1622 700 1662 740; x_wconf 91' lang='lat' dir='ltr'>in</span> <span class='ocrx_word' id='word_1_63' title='bbox 1695 700 1950 743; x_wconf 83' lang='lat' dir='ltr'>aridioribus</span> 
     </span>
     <span class='ocr_line' id='line_1_10' title="bbox 119 769 1473 825; baseline 0.001 -14"><span class='ocrx_word' id='word_1_64' title='bbox 119 769 232 811; x_wconf 86' lang='lat' dir='ltr'>locis.</span> <span class='ocrx_word' id='word_1_65' title='bbox 293 770 549 820; x_wconf 74' lang='lat' dir='ltr'>Suburbano,</span> <span class='ocrx_word' id='word_1_66' title='bbox 580 770 681 825; x_wconf 86' lang='lat' dir='ltr'>quia</span> <span class='ocrx_word' id='word_1_67' title='bbox 711 770 957 812; x_wconf 81' lang='lat' dir='ltr'>suburbana</span> <span class='ocrx_word' id='word_1_68' title='bbox 988 770 1081 812; x_wconf 82' lang='lat' dir='ltr'>loca</span> <span class='ocrx_word' id='word_1_69' title='bbox 1113 771 1215 812; x_wconf 87' lang='lat' dir='ltr'>riuis</span> <span class='ocrx_word' id='word_1_70' title='bbox 1246 771 1473 813; x_wconf 78' lang='lat' dir='ltr'>abundant.</span> 
     </span>
    </p>

    <p class='ocr_par' dir='ltr' id='par_1_8' title="bbox 119 842 1948 973">
     <span class='ocr_line' id='line_1_11' title="bbox 232 842 1948 901; baseline 0.003 -16"><span class='ocrx_word' id='word_1_71' title='bbox 232 844 295 885; x_wconf 82' lang='grc'>16.</span> <span class='ocrx_word' id='word_1_72' title='bbox 328 845 486 885; x_wconf 71' lang='lat' dir='ltr'>elutms.</span> <span class='ocrx_word' id='word_1_73' title='bbox 549 842 779 900; x_wconf 83' lang='lat' dir='ltr'>[Limatius</span> <span class='ocrx_word' id='word_1_74' title='bbox 818 843 842 884; x_wconf 91' lang='lat' dir='ltr'>i.</span> <span class='ocrx_word' id='word_1_75' title='bbox 876 856 909 884; x_wconf 81' lang='lat' dir='ltr'>e.</span> <span class='ocrx_word' id='word_1_76' title='bbox 942 843 1080 886; x_wconf 87' lang='lat' dir='ltr'>minus</span> <span class='ocrx_word' id='word_1_77' title='bbox 1110 844 1338 901; x_wconf 67' lang='lat' dir='ltr'>sapidum]</span> <span class='ocrx_word' id='word_1_78' title='bbox 1413 844 1659 901; x_wconf 87' lang='lat' dir='ltr'>Insipidius,</span> <span class='ocrx_word' id='word_1_79' title='bbox 1692 846 1948 899; x_wconf 86' lang='lat' dir='ltr'>dissolutius,</span> 
     </span>
     <span class='ocr_line' id='line_1_12' title="bbox 119 916 1356 973; baseline 0.001 -15"><span class='ocrx_word' id='word_1_80' title='bbox 119 917 254 959; x_wconf 90' lang='lat' dir='ltr'>minus</span> <span class='ocrx_word' id='word_1_81' title='bbox 284 916 492 971; x_wconf 80' lang='lat' dir='ltr'>sapidum,</span> <span class='ocrx_word' id='word_1_82' title='bbox 524 916 732 971; x_wconf 83' lang='lat' dir='ltr'>aquatius,</span> <span class='ocrx_word' id='word_1_83' title='bbox 766 916 981 972; x_wconf 86' lang='lat' dir='ltr'>liquidius,</span> <span class='ocrx_word' id='word_1_84' title='bbox 1013 917 1150 959; x_wconf 83' lang='lat' dir='ltr'>facilis</span> <span class='ocrx_word' id='word_1_85' title='bbox 1181 918 1356 973; x_wconf 83' lang='lat' dir='ltr'>saporis.</span> 
     </span>
    </p>

    <p class='ocr_par' dir='ltr' id='par_1_9' title="bbox 117 991 1948 1122">
     <span class='ocr_line' id='line_1_13' title="bbox 232 991 1948 1051; baseline 0.003 -20"><span class='ocrx_word' id='word_1_86' title='bbox 232 992 295 1031; x_wconf 88' lang='grc'>17.</span> <span class='ocrx_word' id='word_1_87' title='bbox 329 992 375 1032; x_wconf 82' lang='lat' dir='ltr'>Sz&#39;</span> <span class='ocrx_word' id='word_1_88' title='bbox 402 993 651 1046; x_wconf 77' lang='lat' dir='ltr'>uespertinus</span> <span class='ocrx_word' id='word_1_89' title='bbox 682 991 809 1032; x_wconf 76' lang='lat' dir='ltr'>subito</span> <span class='ocrx_word' id='word_1_90' title='bbox 840 1000 872 1032; x_wconf 80' lang='lat' dir='ltr'>te</span> <span class='ocrx_word' id='word_1_91' title='bbox 904 993 1150 1047; x_wconf 79' lang='lat' dir='ltr'>oppresserit.</span> <span class='ocrx_word' id='word_1_92' title='bbox 1183 991 1333 1047; x_wconf 81' lang='lat' dir='ltr'>hospes.</span> <span class='ocrx_word' id='word_1_93' title='bbox 1395 991 1442 1032; x_wconf 84' lang='lat' dir='ltr'>Si</span> <span class='ocrx_word' id='word_1_94' title='bbox 1474 993 1648 1044; x_wconf 84' lang='lat' dir='ltr'>amicus,</span> <span class='ocrx_word' id='word_1_95' title='bbox 1680 994 1815 1049; x_wconf 87' lang='lat' dir='ltr'>inquit</span> <span class='ocrx_word' id='word_1_96' title='bbox 1839 995 1948 1051; x_wconf 75' lang='lat' dir='ltr'>[ues-</span> 
     </span>
     <span class='ocr_line' id='line_1_14' title="bbox 117 1064 1100 1122; baseline -0.001 -16"><span class='ocrx_word' id='word_1_97' title='bbox 117 1066 299 1121; x_wconf 78' lang='lat' dir='ltr'>pertinus</span> <span class='ocrx_word' id='word_1_98' title='bbox 329 1064 354 1104; x_wconf 93' lang='lat' dir='ltr'>i.</span> <span class='ocrx_word' id='word_1_99' title='bbox 388 1079 421 1105; x_wconf 91' lang='lat' dir='ltr'>e.</span> <span class='ocrx_word' id='word_1_100' title='bbox 454 1064 727 1122; x_wconf 82' lang='lat' dir='ltr'>insperatus],</span> <span class='ocrx_word' id='word_1_101' title='bbox 760 1064 897 1106; x_wconf 88' lang='lat' dir='ltr'>subito</span> <span class='ocrx_word' id='word_1_102' title='bbox 927 1064 1100 1106; x_wconf 84' lang='lat' dir='ltr'>uenerit.</span> 
     </span>
    </p>

    <p class='ocr_par' dir='ltr' id='par_1_10' title="bbox 231 1137 1686 1194">
     <span class='ocr_line' id='line_1_15' title="bbox 231 1137 1686 1194; baseline 0.003 -16"><span class='ocrx_word' id='word_1_103' title='bbox 231 1139 294 1179; x_wconf 83' lang='lat'>18.</span> <span class='ocrx_word' id='word_1_104' title='bbox 328 1147 540 1194; x_wconf 81' lang='lat' dir='ltr'>responsel.</span> <span class='ocrx_word' id='word_1_105' title='bbox 600 1137 797 1189; x_wconf 86' lang='lat' dir='ltr'>Resistat,</span> <span class='ocrx_word' id='word_1_106' title='bbox 830 1147 901 1180; x_wconf 82' lang='lat' dir='ltr'>aut</span> <span class='ocrx_word' id='word_1_107' title='bbox 930 1138 1118 1193; x_wconf 82' lang='lat' dir='ltr'>resipiat,</span> <span class='ocrx_word' id='word_1_108' title='bbox 1150 1138 1376 1180; x_wconf 81' lang='lat' dir='ltr'>reluctetur</span> <span class='ocrx_word' id='word_1_109' title='bbox 1407 1140 1450 1180; x_wconf 89' lang='lat' dir='ltr'>in</span> <span class='ocrx_word' id='word_1_110' title='bbox 1482 1141 1686 1182; x_wconf 86' lang='lat' dir='ltr'>faucibus.</span> 
     </span>
    </p>

    <p class='ocr_par' dir='ltr' id='par_1_11' title="bbox 232 1210 1445 1268">
     <span class='ocr_line' id='line_1_16' title="bbox 232 1210 1445 1268; baseline 0.002 -16"><span class='ocrx_word' id='word_1_111' title='bbox 232 1212 296 1253; x_wconf 82' lang='lat'>20.</span> <span class='ocrx_word' id='word_1_112' title='bbox 322 1213 597 1267; x_wconf 71' lang='lat' dir='ltr'>pratensibus.</span> <span class='ocrx_word' id='word_1_113' title='bbox 657 1211 705 1253; x_wconf 89' lang='lat' dir='ltr'>In</span> <span class='ocrx_word' id='word_1_114' title='bbox 738 1219 859 1267; x_wconf 86' lang='lat' dir='ltr'>prato</span> <span class='ocrx_word' id='word_1_115' title='bbox 893 1210 1216 1268; x_wconf 84' lang='lat' dir='ltr'>[crescentibus]</span> <span class='ocrx_word' id='word_1_116' title='bbox 1250 1212 1445 1254; x_wconf 84' lang='lat' dir='ltr'>inuentis.</span> 
     </span>
    </p>
   </div>
   <div class='ocr_carea' id='block_1_4' title="bbox 119 1442 1953 1825">
    <p class='ocr_par' dir='ltr' id='par_1_12' title="bbox 119 1442 1953 1825">
     <span class='ocr_line' id='line_1_17' title="bbox 235 1442 1951 1486; baseline 0.002 -15"><span class='ocrx_word' id='word_1_117' title='bbox 235 1443 266 1481; x_wconf 85' lang='lat'>1)</span> <span class='ocrx_word' id='word_1_118' title='bbox 293 1442 367 1472; x_wconf 80' lang='lat' dir='ltr'>alba</span> <span class='ocrx_word' id='word_1_119' title='bbox 393 1460 420 1462; x_wconf 49' lang='grc' dir='ltr'>ψ</span> <span class='ocrx_word' id='word_1_120' title='bbox 439 1443 598 1472; x_wconf 81' lang='lat' dir='ltr'>rotundis.</span> <span class='ocrx_word' id='word_1_121' title='bbox 627 1452 651 1483; x_wconf 73' lang='grc' dir='ltr'>γ.</span> <span class='ocrx_word' id='word_1_122' title='bbox 679 1443 748 1472; x_wconf 88' lang='lat' dir='ltr'>rell.</span> <span class='ocrx_word' id='word_1_123' title='bbox 777 1453 837 1472; x_wconf 75' lang='lat'>0111.</span> <span class='ocrx_word' id='word_1_124' title='bbox 890 1445 924 1481; x_wconf 78' lang='lat'>2)</span> <span class='ocrx_word' id='word_1_125' title='bbox 951 1442 1078 1472; x_wconf 82' lang='lat' dir='ltr'>Fortem</span> <span class='ocrx_word' id='word_1_126' title='bbox 1107 1443 1157 1471; x_wconf 88' lang='lat' dir='ltr'>uel</span> <span class='ocrx_word' id='word_1_127' title='bbox 1185 1443 1298 1472; x_wconf 87' lang='lat' dir='ltr'>durum</span> <span class='ocrx_word' id='word_1_128' title='bbox 1324 1454 1381 1473; x_wconf 86' lang='lat' dir='ltr'>om.</span> <span class='ocrx_word' id='word_1_129' title='bbox 1410 1453 1435 1484; x_wconf 67' lang='grc' dir='ltr'>γ.</span> <span class='ocrx_word' id='word_1_130' title='bbox 1486 1444 1521 1482; x_wconf 73' lang='grc'>4)</span> <span class='ocrx_word' id='word_1_131' title='bbox 1548 1444 1665 1474; x_wconf 82' lang='lat' dir='ltr'>callosa</span> <span class='ocrx_word' id='word_1_132' title='bbox 1690 1455 1706 1486; x_wconf 76' lang='grc' dir='ltr'>γ</span> <span class='ocrx_word' id='word_1_133' title='bbox 1731 1446 1763 1474; x_wconf 91' lang='lat' dir='ltr'>in</span> <span class='ocrx_word' id='word_1_134' title='bbox 1790 1446 1873 1483; x_wconf 88' lang='lat' dir='ltr'>lem.‚</span> <span class='ocrx_word' id='word_1_135' title='bbox 1899 1456 1951 1476; x_wconf 82' lang='lat' dir='ltr'>ca-</span> 
     </span>
     <span class='ocr_line' id='line_1_18' title="bbox 119 1497 1952 1542; baseline 0.003 -15"><span class='ocrx_word' id='word_1_136' title='bbox 119 1497 183 1527; x_wconf 87' lang='lat' dir='ltr'>losa</span> <span class='ocrx_word' id='word_1_137' title='bbox 200 1499 232 1527; x_wconf 93' lang='lat' dir='ltr'>in</span> <span class='ocrx_word' id='word_1_138' title='bbox 250 1499 379 1529; x_wconf 84' lang='lat' dir='ltr'>scholio.</span> <span class='ocrx_word' id='word_1_139' title='bbox 399 1500 523 1529; x_wconf 82' lang='lat' dir='ltr'>rotond.</span> <span class='ocrx_word' id='word_1_140' title='bbox 548 1509 574 1542; x_wconf 78' lang='grc' dir='ltr'>γ.</span> <span class='ocrx_word' id='word_1_141' title='bbox 594 1499 717 1529; x_wconf 72' lang='lat' dir='ltr'>callosa.</span> <span class='ocrx_word' id='word_1_142' title='bbox 746 1500 907 1538; x_wconf 82' lang='lat' dir='ltr'>scipidosa</span> <span class='ocrx_word' id='word_1_143' title='bbox 931 1509 958 1541; x_wconf 75' lang='grc' dir='ltr'>γ.</span> <span class='ocrx_word' id='word_1_144' title='bbox 986 1499 1055 1529; x_wconf 85' lang='lat' dir='ltr'>rell.</span> <span class='ocrx_word' id='word_1_145' title='bbox 1083 1508 1143 1528; x_wconf 89' lang='lat' dir='ltr'>om.</span> <span class='ocrx_word' id='word_1_146' title='bbox 1171 1500 1263 1536; x_wconf 85' lang='lat' dir='ltr'>posui</span> <span class='ocrx_word' id='word_1_147' title='bbox 1288 1499 1443 1538; x_wconf 74' lang='lat' dir='ltr'>stipidosa,</span> <span class='ocrx_word' id='word_1_148' title='bbox 1471 1501 1661 1531; x_wconf 82' lang='lat' dir='ltr'>uocabulum</span> <span class='ocrx_word' id='word_1_149' title='bbox 1686 1502 1725 1530; x_wconf 83' lang='lat' dir='ltr'>ab</span> <span class='ocrx_word' id='word_1_150' title='bbox 1750 1502 1888 1540; x_wconf 88' lang='lat' dir='ltr'>Apuleio</span> <span class='ocrx_word' id='word_1_151' title='bbox 1913 1503 1952 1532; x_wconf 86' lang='lat' dir='ltr'>de</span> 
     </span>
     <span class='ocr_line' id='line_1_19' title="bbox 120 1555 1951 1595; baseline 0.003 -11"><span class='ocrx_word' id='word_1_152' title='bbox 120 1555 206 1585; x_wconf 86' lang='lat' dir='ltr'>herb.</span> <span class='ocrx_word' id='word_1_153' title='bbox 232 1556 404 1594; x_wconf 84' lang='lat' dir='ltr'>aliquoties</span> <span class='ocrx_word' id='word_1_154' title='bbox 431 1556 470 1586; x_wconf 84' lang='lat' dir='ltr'>de</span> <span class='ocrx_word' id='word_1_155' title='bbox 496 1557 584 1586; x_wconf 89' lang='lat' dir='ltr'>duris</span> <span class='ocrx_word' id='word_1_156' title='bbox 611 1556 763 1586; x_wconf 79' lang='lat' dir='ltr'>fruticum</span> <span class='ocrx_word' id='word_1_157' title='bbox 790 1557 951 1586; x_wconf 76' lang='lat' dir='ltr'>radicibus</span> <span class='ocrx_word' id='word_1_158' title='bbox 979 1560 1009 1585; x_wconf 84' lang='lat' dir='ltr'>et</span> <span class='ocrx_word' id='word_1_159' title='bbox 1036 1557 1132 1585; x_wconf 84' lang='lat' dir='ltr'>ramis</span> <span class='ocrx_word' id='word_1_160' title='bbox 1159 1556 1349 1586; x_wconf 83' lang='lat' dir='ltr'>adhibitum.</span> <span class='ocrx_word' id='word_1_161' title='bbox 1379 1556 1419 1586; x_wconf 84' lang='lat' dir='ltr'>C:</span> <span class='ocrx_word' id='word_1_162' title='bbox 1449 1556 1573 1587; x_wconf 73' lang='lat' dir='ltr'>callosa.</span> <span class='ocrx_word' id='word_1_163' title='bbox 1599 1558 1699 1595; x_wconf 79' lang='lat' dir='ltr'>Dura,</span> <span class='ocrx_word' id='word_1_164' title='bbox 1736 1558 1842 1589; x_wconf 83' lang='lat' dir='ltr'>fortia.</span> <span class='ocrx_word' id='word_1_165' title='bbox 1880 1560 1951 1589; x_wconf 86' lang='lat' dir='ltr'>Par.</span> 
     </span>
     <span class='ocr_line' id='line_1_20' title="bbox 121 1608 1950 1657; baseline 0.003 -17"><span class='ocrx_word' id='word_1_166' title='bbox 121 1611 166 1641; x_wconf 88' lang='lat' dir='ltr'>E:</span> <span class='ocrx_word' id='word_1_167' title='bbox 191 1611 315 1642; x_wconf 74' lang='lat' dir='ltr'>callosa.</span> <span class='ocrx_word' id='word_1_168' title='bbox 342 1613 482 1643; x_wconf 81' lang='lat' dir='ltr'>rotunda</span> <span class='ocrx_word' id='word_1_169' title='bbox 508 1612 594 1651; x_wconf 84' lang='lat' dir='ltr'>(sic).</span> <span class='ocrx_word' id='word_1_170' title='bbox 659 1613 693 1652; x_wconf 84' lang='lat'>5)</span> <span class='ocrx_word' id='word_1_171' title='bbox 719 1622 856 1655; x_wconf 72' lang='grc' dir='ltr'>ανκητον</span> <span class='ocrx_word' id='word_1_172' title='bbox 881 1622 907 1654; x_wconf 73' lang='grc' dir='ltr'>γ.</span> <span class='ocrx_word' id='word_1_173' title='bbox 941 1613 1057 1651; x_wconf 82' lang='lat' dir='ltr'>scripsi</span> <span class='ocrx_word' id='word_1_174' title='bbox 1083 1608 1221 1643; x_wconf 71' lang='grc' dir='ltr'>λέκιθον.</span> <span class='ocrx_word' id='word_1_175' title='bbox 1247 1613 1319 1642; x_wconf 80' lang='lat' dir='ltr'>rell.</span> <span class='ocrx_word' id='word_1_176' title='bbox 1348 1623 1409 1643; x_wconf 87' lang='lat' dir='ltr'>om.</span> <span class='ocrx_word' id='word_1_177' title='bbox 1461 1613 1548 1644; x_wconf 80' lang='lat' dir='ltr'>Haec</span> <span class='ocrx_word' id='word_1_178' title='bbox 1572 1631 1615 1635; x_wconf 88' lang='lat'>—-</span> <span class='ocrx_word' id='word_1_179' title='bbox 1642 1619 1717 1644; x_wconf 86' lang='lat' dir='ltr'>sunt</span> <span class='ocrx_word' id='word_1_180' title='bbox 1741 1624 1767 1657; x_wconf 78' lang='grc' dir='ltr'>γ.</span> <span class='ocrx_word' id='word_1_181' title='bbox 1794 1616 1863 1647; x_wconf 91' lang='lat' dir='ltr'>rell.</span> <span class='ocrx_word' id='word_1_182' title='bbox 1889 1626 1950 1646; x_wconf 88' lang='lat' dir='ltr'>om.</span> 
     </span>
     <span class='ocr_line' id='line_1_21' title="bbox 119 1667 1951 1706; baseline 0.003 -8"><span class='ocrx_word' id='word_1_183' title='bbox 119 1668 201 1698; x_wconf 84' lang='lat' dir='ltr'>conf.</span> <span class='ocrx_word' id='word_1_184' title='bbox 227 1667 310 1699; x_wconf 87' lang='lat' dir='ltr'>Cels.</span> <span class='ocrx_word' id='word_1_185' title='bbox 336 1669 391 1706; x_wconf 90' lang='lat' dir='ltr'>VI,</span> <span class='ocrx_word' id='word_1_186' title='bbox 411 1670 446 1700; x_wconf 83' lang='lat'>6:</span> <span class='ocrx_word' id='word_1_187' title='bbox 473 1671 524 1700; x_wconf 89' lang='lat' dir='ltr'>oui</span> <span class='ocrx_word' id='word_1_188' title='bbox 550 1673 581 1699; x_wconf 87' lang='lat' dir='ltr'>et</span> <span class='ocrx_word' id='word_1_189' title='bbox 606 1670 714 1699; x_wconf 82' lang='lat' dir='ltr'>album</span> <span class='ocrx_word' id='word_1_190' title='bbox 741 1674 770 1699; x_wconf 84' lang='lat' dir='ltr'>et</span> <span class='ocrx_word' id='word_1_191' title='bbox 798 1670 943 1700; x_wconf 86' lang='lat' dir='ltr'>uitellus.</span> <span class='ocrx_word' id='word_1_192' title='bbox 963 1670 1047 1699; x_wconf 84' lang='lat' dir='ltr'>Plin.</span> <span class='ocrx_word' id='word_1_193' title='bbox 1067 1669 1107 1706; x_wconf 91' lang='lat' dir='ltr'>X,</span> <span class='ocrx_word' id='word_1_194' title='bbox 1127 1670 1188 1699; x_wconf 81' lang='lat'>53:</span> <span class='ocrx_word' id='word_1_195' title='bbox 1215 1670 1362 1699; x_wconf 85' lang='lat' dir='ltr'>omnibus</span> <span class='ocrx_word' id='word_1_196' title='bbox 1388 1671 1457 1699; x_wconf 81' lang='lat' dir='ltr'>ouis</span> <span class='ocrx_word' id='word_1_197' title='bbox 1483 1671 1590 1700; x_wconf 82' lang='lat' dir='ltr'>medio</span> <span class='ocrx_word' id='word_1_198' title='bbox 1616 1672 1721 1701; x_wconf 88' lang='lat' dir='ltr'>uitelli</span> <span class='ocrx_word' id='word_1_199' title='bbox 1750 1673 1836 1702; x_wconf 76' lang='lat' dir='ltr'>inest</span> <span class='ocrx_word' id='word_1_200' title='bbox 1861 1673 1951 1703; x_wconf 88' lang='lat' dir='ltr'>uelut</span> 
     </span>
     <span class='ocr_line' id='line_1_22' title="bbox 121 1726 465 1769; baseline 0.003 -15"><span class='ocrx_word' id='word_1_201' title='bbox 121 1726 295 1764; x_wconf 83' lang='lat' dir='ltr'>sanguinea</span> <span class='ocrx_word' id='word_1_202' title='bbox 320 1729 422 1764; x_wconf 83' lang='lat' dir='ltr'>gutta.</span> <span class='ocrx_word' id='word_1_203' title='bbox 448 1736 465 1769; x_wconf 66' lang='grc' dir='ltr'>γ</span> 
     </span>
     <span class='ocr_line' id='line_1_23' title="bbox 121 1782 1953 1825; baseline 0.003 -15"><span class='ocrx_word' id='word_1_204' title='bbox 121 1782 252 1812; x_wconf 83' lang='lat' dir='ltr'>uitellus</span> <span class='ocrx_word' id='word_1_205' title='bbox 290 1787 338 1812; x_wconf 81' lang='lat' dir='ltr'>est</span> <span class='ocrx_word' id='word_1_206' title='bbox 375 1783 426 1813; x_wconf 88' lang='lat' dir='ltr'>oui</span> <span class='ocrx_word' id='word_1_207' title='bbox 464 1792 537 1821; x_wconf 88' lang='lat' dir='ltr'>pars</span> <span class='ocrx_word' id='word_1_208' title='bbox 576 1783 692 1814; x_wconf 80' lang='lat' dir='ltr'>media.</span> <span class='ocrx_word' id='word_1_209' title='bbox 719 1782 799 1812; x_wconf 75' lang='lat' dir='ltr'>conf.</span> <span class='ocrx_word' id='word_1_210' title='bbox 827 1783 944 1821; x_wconf 78' lang='lat' dir='ltr'>Porph.</span> <span class='ocrx_word' id='word_1_211' title='bbox 971 1783 1042 1812; x_wconf 88' lang='lat' dir='ltr'>Par.</span> <span class='ocrx_word' id='word_1_212' title='bbox 1071 1782 1113 1812; x_wconf 82' lang='lat' dir='ltr'>E:</span> <span class='ocrx_word' id='word_1_213' title='bbox 1150 1782 1291 1812; x_wconf 50' lang='lat' dir='ltr'>tenellum.</span> <span class='ocrx_word' id='word_1_214' title='bbox 1317 1784 1490 1814; x_wconf 86' lang='lat' dir='ltr'>modiolum</span> <span class='ocrx_word' id='word_1_215' title='bbox 1519 1783 1555 1822; x_wconf 91' lang='lat' dir='ltr'>(l.</span> <span class='ocrx_word' id='word_1_216' title='bbox 1582 1785 1720 1813; x_wconf 85' lang='lat' dir='ltr'>medium</span> <span class='ocrx_word' id='word_1_217' title='bbox 1746 1787 1868 1825; x_wconf 85' lang='lat' dir='ltr'>ouum).</span> <span class='ocrx_word' id='word_1_218' title='bbox 1918 1787 1953 1825; x_wconf 87' lang='lat'>6)</span> 
     </span>
    </p>
   </div>
   <div class='ocr_carea' id='block_1_5' title="bbox 120 1838 1955 1881">
    <p class='ocr_par' dir='ltr' id='par_1_13' title="bbox 120 1838 1955 1881">
     <span class='ocr_line' id='line_1_24' title="bbox 120 1838 1955 1881; baseline 0.003 -14"><span class='ocrx_word' id='word_1_219' title='bbox 120 1838 180 1868; x_wconf 81' lang='lat' dir='ltr'>cole</span> <span class='ocrx_word' id='word_1_220' title='bbox 202 1848 230 1881; x_wconf 81' lang='grc' dir='ltr'>γ,</span> <span class='ocrx_word' id='word_1_221' title='bbox 262 1840 294 1868; x_wconf 90' lang='lat' dir='ltr'>in</span> <span class='ocrx_word' id='word_1_222' title='bbox 320 1848 420 1878; x_wconf 73' lang='lat' dir='ltr'>marg.</span> <span class='ocrx_word' id='word_1_223' title='bbox 447 1838 574 1870; x_wconf 90' lang='lat' dir='ltr'>COLE.</span> <span class='ocrx_word' id='word_1_224' title='bbox 614 1839 791 1869; x_wconf 80' lang='lat' dir='ltr'>Manifesta</span> <span class='ocrx_word' id='word_1_225' title='bbox 818 1840 897 1869; x_wconf 81' lang='lat' dir='ltr'>haec</span> <span class='ocrx_word' id='word_1_226' title='bbox 921 1839 1018 1869; x_wconf 85' lang='lat' dir='ltr'>lectio</span> <span class='ocrx_word' id='word_1_227' title='bbox 1044 1839 1190 1876; x_wconf 68' lang='lat' dir='ltr'>Acronis,</span> <span class='ocrx_word' id='word_1_228' title='bbox 1229 1849 1322 1877; x_wconf 82' lang='lat' dir='ltr'>quam</span> <span class='ocrx_word' id='word_1_229' title='bbox 1348 1849 1457 1870; x_wconf 85' lang='lat' dir='ltr'>onmes</span> <span class='ocrx_word' id='word_1_230' title='bbox 1483 1841 1551 1871; x_wconf 88' lang='lat' dir='ltr'>eius</span> <span class='ocrx_word' id='word_1_231' title='bbox 1580 1841 1721 1871; x_wconf 75' lang='lat' dir='ltr'>editores</span> <span class='ocrx_word' id='word_1_232' title='bbox 1758 1842 1955 1880; x_wconf 84' lang='lat' dir='ltr'>adgnoscere</span> 
     </span>
    </p>
   </div>
   <div class='ocr_carea' id='block_1_6' title="bbox 490 1724 1951 1767">
    <p class='ocr_par' dir='ltr' id='par_1_14' title="bbox 490 1724 1951 1767">
     <span class='ocr_line' id='line_1_25' title="bbox 490 1724 1951 1767; baseline 0.003 -12"><span class='ocrx_word' id='word_1_233' title='bbox 490 1727 578 1756; x_wconf 85' lang='lat' dir='ltr'>addit</span> <span class='ocrx_word' id='word_1_234' title='bbox 605 1726 744 1756; x_wconf 82' lang='lat' dir='ltr'>scholio:</span> <span class='ocrx_word' id='word_1_235' title='bbox 777 1726 816 1755; x_wconf 75' lang='lat' dir='ltr'>al.</span> <span class='ocrx_word' id='word_1_236' title='bbox 843 1731 968 1756; x_wconf 87' lang='lat' dir='ltr'>ructum</span> <span class='ocrx_word' id='word_1_237' title='bbox 993 1731 1097 1756; x_wconf 85' lang='lat' dir='ltr'>retum</span> <span class='ocrx_word' id='word_1_238' title='bbox 1125 1724 1325 1765; x_wconf 77' lang='lat' dir='ltr'>(rugitum‘?)</span> <span class='ocrx_word' id='word_1_239' title='bbox 1352 1726 1478 1757; x_wconf 79' lang='lat' dir='ltr'>faciunt</span> <span class='ocrx_word' id='word_1_240' title='bbox 1502 1727 1664 1757; x_wconf 71' lang='lat' dir='ltr'>meliorem</span> <span class='ocrx_word' id='word_1_241' title='bbox 1692 1728 1782 1767; x_wconf 82' lang='lat' dir='ltr'>(sie).</span> <span class='ocrx_word' id='word_1_242' title='bbox 1809 1729 1951 1759; x_wconf 77' lang='lat' dir='ltr'>uitellum.</span> 
     </span>
    </p>
   </div>
   <div class='ocr_carea' id='block_1_7' title="bbox 119 1895 1957 2788">
    <p class='ocr_par' dir='ltr' id='par_1_15' title="bbox 119 1895 1957 2788">
     <span class='ocr_line' id='line_1_26' title="bbox 122 1895 1955 1937; baseline 0.002 -13"><span class='ocrx_word' id='word_1_243' title='bbox 122 1895 190 1933; x_wconf 89' lang='lat' dir='ltr'>ipso</span> <span class='ocrx_word' id='word_1_244' title='bbox 216 1896 337 1925; x_wconf 85' lang='lat' dir='ltr'>scholio</span> <span class='ocrx_word' id='word_1_245' title='bbox 363 1896 462 1925; x_wconf 79' lang='lat' dir='ltr'>coacti</span> <span class='ocrx_word' id='word_1_246' title='bbox 489 1900 572 1933; x_wconf 80' lang='lat' dir='ltr'>sunt,</span> <span class='ocrx_word' id='word_1_247' title='bbox 599 1905 661 1925; x_wconf 87' lang='lat' dir='ltr'>uon</span> <span class='ocrx_word' id='word_1_248' title='bbox 688 1896 821 1925; x_wconf 79' lang='lat' dir='ltr'>transiit</span> <span class='ocrx_word' id='word_1_249' title='bbox 847 1896 879 1924; x_wconf 86' lang='lat' dir='ltr'>iu</span> <span class='ocrx_word' id='word_1_250' title='bbox 905 1896 1169 1935; x_wconf 75' lang='lat' dir='ltr'>Porphyrionem,</span> <span class='ocrx_word' id='word_1_251' title='bbox 1197 1897 1256 1926; x_wconf 86' lang='lat' dir='ltr'>hoc</span> <span class='ocrx_word' id='word_1_252' title='bbox 1282 1901 1344 1933; x_wconf 87' lang='lat' dir='ltr'>est,</span> <span class='ocrx_word' id='word_1_253' title='bbox 1371 1898 1404 1926; x_wconf 92' lang='lat' dir='ltr'>in</span> <span class='ocrx_word' id='word_1_254' title='bbox 1429 1897 1540 1933; x_wconf 87' lang='lat' dir='ltr'>libros,</span> <span class='ocrx_word' id='word_1_255' title='bbox 1564 1898 1618 1935; x_wconf 89' lang='lat' dir='ltr'>qui</span> <span class='ocrx_word' id='word_1_256' title='bbox 1643 1898 1713 1927; x_wconf 84' lang='lat' dir='ltr'>eius</span> <span class='ocrx_word' id='word_1_257' title='bbox 1738 1907 1852 1928; x_wconf 88' lang='lat' dir='ltr'>nomen</span> <span class='ocrx_word' id='word_1_258' title='bbox 1880 1909 1955 1937; x_wconf 84' lang='lat' dir='ltr'>prae</span> 
     </span>
     <span class='ocr_line' id='line_1_27' title="bbox 122 1951 1953 1993; baseline 0.002 -11"><span class='ocrx_word' id='word_1_259' title='bbox 122 1961 155 1982; x_wconf 83' lang='lat' dir='ltr'>se</span> <span class='ocrx_word' id='word_1_260' title='bbox 178 1951 296 1983; x_wconf 78' lang='lat' dir='ltr'>ferunt.</span> <span class='ocrx_word' id='word_1_261' title='bbox 323 1952 471 1984; x_wconf 85' lang='lat' dir='ltr'>Occurrit</span> <span class='ocrx_word' id='word_1_262' title='bbox 496 1962 569 1982; x_wconf 90' lang='lat' dir='ltr'>uero</span> <span class='ocrx_word' id='word_1_263' title='bbox 595 1953 707 1983; x_wconf 85' lang='lat' dir='ltr'>eadem</span> <span class='ocrx_word' id='word_1_264' title='bbox 733 1954 765 1982; x_wconf 85' lang='lat' dir='ltr'>iu</span> <span class='ocrx_word' id='word_1_265' title='bbox 791 1953 957 1983; x_wconf 79' lang='lat' dir='ltr'>codicibus</span> <span class='ocrx_word' id='word_1_266' title='bbox 984 1953 1188 1991; x_wconf 75' lang='lat' dir='ltr'>quibusdam,</span> <span class='ocrx_word' id='word_1_267' title='bbox 1228 1953 1282 1991; x_wconf 87' lang='lat' dir='ltr'>qui</span> <span class='ocrx_word' id='word_1_268' title='bbox 1307 1953 1539 1993; x_wconf 84' lang='lat' dir='ltr'>Porphyrionis</span> <span class='ocrx_word' id='word_1_269' title='bbox 1565 1955 1783 1984; x_wconf 86' lang='lat' dir='ltr'>recensionem</span> <span class='ocrx_word' id='word_1_270' title='bbox 1810 1956 1953 1993; x_wconf 85' lang='lat' dir='ltr'>amplexi</span> 
     </span>
     <span class='ocr_line' id='line_1_28' title="bbox 122 2010 1953 2055; baseline 0.002 -17"><span class='ocrx_word' id='word_1_271' title='bbox 122 2014 194 2039; x_wconf 80' lang='lat' dir='ltr'>sunt</span> <span class='ocrx_word' id='word_1_272' title='bbox 219 2019 353 2049; x_wconf 86' lang='lat' dir='ltr'>eumque</span> <span class='ocrx_word' id='word_1_273' title='bbox 379 2012 498 2049; x_wconf 86' lang='lat' dir='ltr'>ubique</span> <span class='ocrx_word' id='word_1_274' title='bbox 524 2010 590 2040; x_wconf 83' lang='lat' dir='ltr'>fere</span> <span class='ocrx_word' id='word_1_275' title='bbox 617 2014 780 2040; x_wconf 78' lang='lat' dir='ltr'>secuntur.</span> <span class='ocrx_word' id='word_1_276' title='bbox 829 2011 917 2040; x_wconf 83' lang='lat' dir='ltr'>Inter</span> <span class='ocrx_word' id='word_1_277' title='bbox 943 2019 1021 2048; x_wconf 79' lang='lat' dir='ltr'>quos</span> <span class='ocrx_word' id='word_1_278' title='bbox 1047 2010 1182 2048; x_wconf 87' lang='lat' dir='ltr'>primum</span> <span class='ocrx_word' id='word_1_279' title='bbox 1209 2010 1308 2039; x_wconf 80' lang='lat' dir='ltr'>locum</span> <span class='ocrx_word' id='word_1_280' title='bbox 1335 2011 1485 2040; x_wconf 85' lang='lat' dir='ltr'>obtinent</span> <span class='ocrx_word' id='word_1_281' title='bbox 1511 2010 1572 2040; x_wconf 84' lang='lat' dir='ltr'>duo</span> <span class='ocrx_word' id='word_1_282' title='bbox 1598 2010 1648 2039; x_wconf 89' lang='lat' dir='ltr'>illi</span> <span class='ocrx_word' id='word_1_283' title='bbox 1673 2010 1873 2042; x_wconf 84' lang='lat' dir='ltr'>Parisienses</span> <span class='ocrx_word' id='word_1_284' title='bbox 1890 2011 1953 2055; x_wconf 74' lang='grc' dir='ltr'>Βφ,</span> 
     </span>
     <span class='ocr_line' id='line_1_29' title="bbox 123 2061 1954 2111; baseline 0 -15"><span class='ocrx_word' id='word_1_285' title='bbox 123 2076 252 2105; x_wconf 85' lang='lat' dir='ltr'>quorum</span> <span class='ocrx_word' id='word_1_286' title='bbox 278 2068 359 2097; x_wconf 84' lang='lat' dir='ltr'>alter</span> <span class='ocrx_word' id='word_1_287' title='bbox 383 2061 494 2111; x_wconf 39' lang='lat' dir='ltr'>cossle</span> <span class='ocrx_word' id='word_1_288' title='bbox 519 2077 586 2097; x_wconf 84' lang='lat' dir='ltr'>cum</span> <span class='ocrx_word' id='word_1_289' title='bbox 614 2077 723 2096; x_wconf 76' lang='lat' dir='ltr'>rasura</span> <span class='ocrx_word' id='word_1_290' title='bbox 750 2067 844 2097; x_wconf 81' lang='lat' dir='ltr'>offert</span> <span class='ocrx_word' id='word_1_291' title='bbox 870 2067 1027 2105; x_wconf 68' lang='lat' dir='ltr'>simulque</span> <span class='ocrx_word' id='word_1_292' title='bbox 1053 2076 1123 2096; x_wconf 86' lang='lat' dir='ltr'>cum</span> <span class='ocrx_word' id='word_1_293' title='bbox 1146 2066 1246 2106; x_wconf 67' lang='lat' dir='ltr'>ylosscc</span> <span class='ocrx_word' id='word_1_294' title='bbox 1271 2076 1289 2096; x_wconf 84' lang='lat' dir='ltr'><strong>a</strong></span> <span class='ocrx_word' id='word_1_295' title='bbox 1321 2069 1332 2095; x_wconf 97' lang='grc'>1</span> <span class='ocrx_word' id='word_1_296' title='bbox 1361 2076 1401 2096; x_wconf 83' lang='lat' dir='ltr'>ni.</span> <span class='ocrx_word' id='word_1_297' title='bbox 1440 2066 1623 2105; x_wconf 75' lang='lat' dir='ltr'>adscripta:</span> <span class='ocrx_word' id='word_1_298' title='bbox 1654 2076 1715 2105; x_wconf 77' lang='lat' dir='ltr'>pro</span> <span class='ocrx_word' id='word_1_299' title='bbox 1739 2067 1832 2105; x_wconf 75' lang='lat' dir='ltr'>caule,</span> <span class='ocrx_word' id='word_1_300' title='bbox 1872 2068 1954 2097; x_wconf 84' lang='lat' dir='ltr'>alter</span> 
     </span>
     <span class='ocr_line' id='line_1_30' title="bbox 123 2122 1954 2162; baseline 0.001 -10"><span class='ocrx_word' id='word_1_301' title='bbox 123 2123 183 2153; x_wconf 81' lang='lat' dir='ltr'>cole</span> <span class='ocrx_word' id='word_1_302' title='bbox 207 2133 285 2162; x_wconf 89' lang='lat' dir='ltr'>pure</span> <span class='ocrx_word' id='word_1_303' title='bbox 302 2134 373 2154; x_wconf 85' lang='lat' dir='ltr'>cum</span> <span class='ocrx_word' id='word_1_304' title='bbox 398 2134 466 2154; x_wconf 66' lang='grc' dir='ltr'>παν.</span> <span class='ocrx_word' id='word_1_305' title='bbox 494 2124 556 2154; x_wconf 75' lang='lat' dir='ltr'>lect.</span> <span class='ocrx_word' id='word_1_306' title='bbox 583 2124 705 2162; x_wconf 82' lang='lat' dir='ltr'>primae</span> <span class='ocrx_word' id='word_1_307' title='bbox 731 2133 862 2153; x_wconf 83' lang='lat' dir='ltr'>manus:</span> <span class='ocrx_word' id='word_1_308' title='bbox 887 2123 936 2153; x_wconf 77' lang='lat' dir='ltr'>uel</span> <span class='ocrx_word' id='word_1_309' title='bbox 959 2122 1053 2159; x_wconf 79' lang='lat' dir='ltr'>caule,</span> <span class='ocrx_word' id='word_1_310' title='bbox 1079 2127 1115 2153; x_wconf 86' lang='lat' dir='ltr'>ut</span> <span class='ocrx_word' id='word_1_311' title='bbox 1129 2122 1276 2161; x_wconf 76' lang='lat' dir='ltr'>Magd.2,</span> <span class='ocrx_word' id='word_1_312' title='bbox 1304 2132 1387 2153; x_wconf 80' lang='lat' dir='ltr'>unus</span> <span class='ocrx_word' id='word_1_313' title='bbox 1412 2124 1497 2153; x_wconf 86' lang='lat' dir='ltr'>solus</span> <span class='ocrx_word' id='word_1_314' title='bbox 1522 2123 1659 2161; x_wconf 82' lang='lat' dir='ltr'>Angliae</span> <span class='ocrx_word' id='word_1_315' title='bbox 1684 2124 1796 2160; x_wconf 84' lang='lat' dir='ltr'>codex,</span> <span class='ocrx_word' id='word_1_316' title='bbox 1825 2134 1866 2153; x_wconf 85' lang='lat' dir='ltr'>ex</span> <span class='ocrx_word' id='word_1_317' title='bbox 1892 2134 1954 2162; x_wconf 88' lang='lat' dir='ltr'>quo</span> 
     </span>
     <span class='ocr_line' id='line_1_31' title="bbox 124 2177 1953 2219; baseline 0.001 -10"><span class='ocrx_word' id='word_1_318' title='bbox 124 2179 307 2219; x_wconf 85' lang='lat' dir='ltr'>Babington</span> <span class='ocrx_word' id='word_1_319' title='bbox 333 2181 503 2211; x_wconf 85' lang='lat' dir='ltr'>lectionem</span> <span class='ocrx_word' id='word_1_320' title='bbox 529 2180 601 2210; x_wconf 81' lang='lat' dir='ltr'>colle</span> <span class='ocrx_word' id='word_1_321' title='bbox 626 2181 677 2210; x_wconf 86' lang='lat' dir='ltr'>uel</span> <span class='ocrx_word' id='word_1_322' title='bbox 703 2181 763 2210; x_wconf 78' lang='lat' dir='ltr'>cole</span> <span class='ocrx_word' id='word_1_323' title='bbox 787 2181 925 2210; x_wconf 83' lang='lat' dir='ltr'>notauit.</span> <span class='ocrx_word' id='word_1_324' title='bbox 956 2177 1042 2210; x_wconf 78' lang='lat' dir='ltr'>Co¹le</span> <span class='ocrx_word' id='word_1_325' title='bbox 1079 2180 1112 2218; x_wconf 82' lang='lat'>(1</span> <span class='ocrx_word' id='word_1_326' title='bbox 1140 2190 1181 2209; x_wconf 89' lang='lat' dir='ltr'>m.</span> <span class='ocrx_word' id='word_1_327' title='bbox 1208 2180 1281 2209; x_wconf 82' lang='lat' dir='ltr'>add.</span> <span class='ocrx_word' id='word_1_328' title='bbox 1310 2181 1366 2209; x_wconf 85' lang='lat' dir='ltr'>alt.</span> <span class='ocrx_word' id='word_1_329' title='bbox 1394 2180 1420 2217; x_wconf 82' lang='lat' dir='ltr'>l)</span> <span class='ocrx_word' id='word_1_330' title='bbox 1458 2179 1554 2209; x_wconf 87' lang='lat' dir='ltr'>Bern.</span> <span class='ocrx_word' id='word_1_331' title='bbox 1582 2180 1621 2212; x_wconf 86' lang='lat' dir='ltr'>A.</span> <span class='ocrx_word' id='word_1_332' title='bbox 1659 2180 1732 2209; x_wconf 78' lang='lat' dir='ltr'>colle</span> <span class='ocrx_word' id='word_1_333' title='bbox 1758 2190 1835 2219; x_wconf 88' lang='lat' dir='ltr'>pure</span> <span class='ocrx_word' id='word_1_334' title='bbox 1859 2180 1953 2210; x_wconf 88' lang='lat' dir='ltr'>Bern.</span> 
     </span>
     <span class='ocr_line' id='line_1_32' title="bbox 124 2236 1953 2276; baseline -0.001 -10"><span class='ocrx_word' id='word_1_335' title='bbox 124 2236 158 2273; x_wconf 83' lang='lat' dir='ltr'>F,</span> <span class='ocrx_word' id='word_1_336' title='bbox 182 2236 243 2267; x_wconf 81' lang='lat' dir='ltr'>cole</span> <span class='ocrx_word' id='word_1_337' title='bbox 268 2247 345 2276; x_wconf 88' lang='lat' dir='ltr'>pure</span> <span class='ocrx_word' id='word_1_338' title='bbox 370 2237 463 2268; x_wconf 87' lang='lat' dir='ltr'>Bern.</span> <span class='ocrx_word' id='word_1_339' title='bbox 491 2237 515 2267; x_wconf 90' lang='lat' dir='ltr'>C</span> <span class='ocrx_word' id='word_1_340' title='bbox 543 2237 646 2275; x_wconf 74' lang='lat' dir='ltr'>(caule</span> <span class='ocrx_word' id='word_1_341' title='bbox 670 2237 766 2268; x_wconf 85' lang='lat' dir='ltr'>Bern.</span> <span class='ocrx_word' id='word_1_342' title='bbox 786 2237 841 2276; x_wconf 84' lang='lat' dir='ltr'>D),</span> <span class='ocrx_word' id='word_1_343' title='bbox 870 2242 902 2266; x_wconf 87' lang='lat' dir='ltr'>ut</span> <span class='ocrx_word' id='word_1_344' title='bbox 929 2238 1039 2266; x_wconf 86' lang='lat' dir='ltr'>Ambr.</span> <span class='ocrx_word' id='word_1_345' title='bbox 1068 2236 1162 2267; x_wconf 79' lang='lat' dir='ltr'>Fran.</span> <span class='ocrx_word' id='word_1_346' title='bbox 1190 2237 1276 2266; x_wconf 83' lang='lat' dir='ltr'>Parr.</span> <span class='ocrx_word' id='word_1_347' title='bbox 1303 2236 1360 2266; x_wconf 86' lang='lat' dir='ltr'>FH</span> <span class='ocrx_word' id='word_1_348' title='bbox 1385 2241 1416 2267; x_wconf 89' lang='lat' dir='ltr'>et</span> <span class='ocrx_word' id='word_1_349' title='bbox 1443 2237 1469 2266; x_wconf 88' lang='lat' dir='ltr'>E</span> <span class='ocrx_word' id='word_1_350' title='bbox 1496 2246 1565 2266; x_wconf 87' lang='lat' dir='ltr'>cum</span> <span class='ocrx_word' id='word_1_351' title='bbox 1590 2237 1698 2275; x_wconf 83' lang='lat' dir='ltr'>glossa</span> <span class='ocrx_word' id='word_1_352' title='bbox 1724 2237 1780 2265; x_wconf 81' lang='lat' dir='ltr'>illa</span> <span class='ocrx_word' id='word_1_353' title='bbox 1806 2246 1953 2275; x_wconf 82' lang='lat' dir='ltr'>suprapo.</span> 
     </span>
     <span class='ocr_line' id='line_1_33' title="bbox 119 2293 1956 2332; baseline 0 -10"><span class='ocrx_word' id='word_1_354' title='bbox 119 2302 177 2331; x_wconf 80' lang='lat' dir='ltr'>pro</span> <span class='ocrx_word' id='word_1_355' title='bbox 202 2293 295 2323; x_wconf 78' lang='lat' dir='ltr'>caule.</span> <span class='ocrx_word' id='word_1_356' title='bbox 322 2295 400 2326; x_wconf 82' lang='lat' dir='ltr'>Alii.</span> <span class='ocrx_word' id='word_1_357' title='bbox 436 2298 471 2323; x_wconf 88' lang='lat' dir='ltr'>ut</span> <span class='ocrx_word' id='word_1_358' title='bbox 495 2294 585 2323; x_wconf 75' lang='lat' dir='ltr'>Baro.</span> <span class='ocrx_word' id='word_1_359' title='bbox 614 2294 699 2324; x_wconf 81' lang='lat' dir='ltr'>Pith.</span> <span class='ocrx_word' id='word_1_360' title='bbox 728 2294 768 2323; x_wconf 85' lang='lat' dir='ltr'>ad</span> <span class='ocrx_word' id='word_1_361' title='bbox 794 2293 877 2322; x_wconf 75' lang='lat' dir='ltr'>Med.</span> <span class='ocrx_word' id='word_1_362' title='bbox 907 2294 946 2322; x_wconf 74' lang='lat'>74</span> <span class='ocrx_word' id='word_1_363' title='bbox 974 2298 1045 2329; x_wconf 56' lang='lat' dir='ltr'>etc„</span> <span class='ocrx_word' id='word_1_364' title='bbox 1085 2293 1240 2323; x_wconf 80' lang='lat' dir='ltr'>exhibent</span> <span class='ocrx_word' id='word_1_365' title='bbox 1267 2293 1361 2323; x_wconf 71' lang='lat' dir='ltr'>caule.</span> <span class='ocrx_word' id='word_1_366' title='bbox 1402 2294 1452 2323; x_wconf 77' lang='lat' dir='ltr'>Ex</span> <span class='ocrx_word' id='word_1_367' title='bbox 1480 2299 1543 2324; x_wconf 83' lang='lat' dir='ltr'>uet.</span> <span class='ocrx_word' id='word_1_368' title='bbox 1577 2294 1632 2323; x_wconf 87' lang='lat' dir='ltr'>illa</span> <span class='ocrx_word' id='word_1_369' title='bbox 1657 2293 1764 2331; x_wconf 77' lang='lat' dir='ltr'>glossa</span> <span class='ocrx_word' id='word_1_370' title='bbox 1784 2303 1847 2332; x_wconf 78' lang='lat' dir='ltr'>pro</span> <span class='ocrx_word' id='word_1_371' title='bbox 1872 2293 1956 2322; x_wconf 80' lang='lat' dir='ltr'>caule</span> 
     </span>
     <span class='ocr_line' id='line_1_34' title="bbox 124 2349 1954 2393; baseline -0.001 -13"><span class='ocrx_word' id='word_1_372' title='bbox 124 2354 173 2380; x_wconf 86' lang='lat' dir='ltr'>ter</span> <span class='ocrx_word' id='word_1_373' title='bbox 197 2351 328 2381; x_wconf 82' lang='lat' dir='ltr'>transiit</span> <span class='ocrx_word' id='word_1_374' title='bbox 347 2360 409 2390; x_wconf 81' lang='lat' dir='ltr'>pro</span> <span class='ocrx_word' id='word_1_375' title='bbox 435 2351 468 2380; x_wconf 89' lang='lat' dir='ltr'>in</span> <span class='ocrx_word' id='word_1_376' title='bbox 481 2351 648 2382; x_wconf 83' lang='lat' dir='ltr'>Acronem.</span> <span class='ocrx_word' id='word_1_377' title='bbox 674 2360 707 2393; x_wconf 67' lang='grc' dir='ltr'>γε</span> <span class='ocrx_word' id='word_1_378' title='bbox 736 2349 823 2380; x_wconf 56' lang='lat' dir='ltr'>‘Cale</span> <span class='ocrx_word' id='word_1_379' title='bbox 850 2349 955 2380; x_wconf 77' lang='lat' dir='ltr'>caulis.</span> <span class='ocrx_word' id='word_1_380' title='bbox 983 2350 1150 2380; x_wconf 71' lang='lat' dir='ltr'>dulciorem</span> <span class='ocrx_word' id='word_1_381' title='bbox 1176 2350 1254 2388; x_wconf 85' lang='lat' dir='ltr'>(ort.</span> <span class='ocrx_word' id='word_1_382' title='bbox 1281 2360 1322 2380; x_wconf 82' lang='lat' dir='ltr'>ex</span> <span class='ocrx_word' id='word_1_383' title='bbox 1348 2351 1470 2380; x_wconf 87' lang='lat' dir='ltr'>dulcior</span> <span class='ocrx_word' id='word_1_384' title='bbox 1496 2352 1511 2379; x_wconf 76' lang='grc' dir='ltr'>ἐ</span> <span class='ocrx_word' id='word_1_385' title='bbox 1528 2364 1571 2378; x_wconf 65' lang='lat' dir='ltr'><strong><em>z</em></strong></span> <span class='ocrx_word' id='word_1_386' title='bbox 1590 2350 1619 2379; x_wconf 84' lang='lat' dir='ltr'>d.</span> <span class='ocrx_word' id='word_1_387' title='bbox 1639 2350 1704 2387; x_wconf 77' lang='lat' dir='ltr'>est.)</span> <span class='ocrx_word' id='word_1_388' title='bbox 1732 2350 1785 2388; x_wconf 85' lang='lat' dir='ltr'>qui</span> <span class='ocrx_word' id='word_1_389' title='bbox 1812 2359 1841 2378; x_wconf 90' lang='lat' dir='ltr'>n.</span> <span class='ocrx_word' id='word_1_390' title='bbox 1869 2350 1901 2379; x_wconf 92' lang='lat' dir='ltr'>in</span> <span class='ocrx_word' id='word_1_391' title='bbox 1927 2359 1954 2378; x_wconf 77' lang='lat' dir='ltr'>a.</span> 
     </span>
     <span class='ocr_line' id='line_1_35' title="bbox 125 2405 1954 2448; baseline -0.001 -12"><span class='ocrx_word' id='word_1_392' title='bbox 125 2407 145 2436; x_wconf 90' lang='grc'>1.</span> <span class='ocrx_word' id='word_1_393' title='bbox 173 2405 238 2437; x_wconf 81' lang='lat' dir='ltr'>Cole</span> <span class='ocrx_word' id='word_1_394' title='bbox 262 2409 321 2438; x_wconf 93' lang='lat' dir='ltr'>hoc</span> <span class='ocrx_word' id='word_1_395' title='bbox 347 2412 395 2438; x_wconf 83' lang='lat' dir='ltr'>est</span> <span class='ocrx_word' id='word_1_396' title='bbox 413 2409 514 2445; x_wconf 79' lang='lat' dir='ltr'>caule,</span> <span class='ocrx_word' id='word_1_397' title='bbox 542 2412 577 2437; x_wconf 89' lang='lat' dir='ltr'>ut</span> <span class='ocrx_word' id='word_1_398' title='bbox 599 2408 697 2438; x_wconf 80' lang='lat' dir='ltr'>clude.</span> <span class='ocrx_word' id='word_1_399' title='bbox 717 2408 839 2437; x_wconf 73' lang='lat' dir='ltr'>claude.</span> <span class='ocrx_word' id='word_1_400' title='bbox 861 2408 1011 2437; x_wconf 78' lang='lat' dir='ltr'>saurices.</span> <span class='ocrx_word' id='word_1_401' title='bbox 1031 2408 1160 2437; x_wconf 84' lang='lat' dir='ltr'>sorices.</span> <span class='ocrx_word' id='word_1_402' title='bbox 1179 2407 1287 2436; x_wconf 78' lang='lat' dir='ltr'>cauda.</span> <span class='ocrx_word' id='word_1_403' title='bbox 1307 2408 1408 2436; x_wconf 83' lang='lat' dir='ltr'>coda.&#39;</span> <span class='ocrx_word' id='word_1_404' title='bbox 1460 2408 1493 2446; x_wconf 78' lang='lat'>7)</span> <span class='ocrx_word' id='word_1_405' title='bbox 1520 2407 1625 2446; x_wconf 85' lang='lat' dir='ltr'>inquit</span> <span class='ocrx_word' id='word_1_406' title='bbox 1643 2416 1702 2436; x_wconf 81' lang='lat' dir='ltr'>oni.</span> <span class='ocrx_word' id='word_1_407' title='bbox 1720 2416 1746 2448; x_wconf 84' lang='grc' dir='ltr'>γ.</span> <span class='ocrx_word' id='word_1_408' title='bbox 1797 2407 1831 2444; x_wconf 71' lang='grc'>9)</span> <span class='ocrx_word' id='word_1_409' title='bbox 1857 2406 1954 2435; x_wconf 85' lang='lat' dir='ltr'>schol.</span> 
     </span>
     <span class='ocr_line' id='line_1_36' title="bbox 124 2462 1955 2505; baseline -0.001 -12"><span class='ocrx_word' id='word_1_410' title='bbox 124 2463 273 2494; x_wconf 76' lang='lat' dir='ltr'>Limatius</span> <span class='ocrx_word' id='word_1_411' title='bbox 299 2465 320 2494; x_wconf 92' lang='lat' dir='ltr'>i.</span> <span class='ocrx_word' id='word_1_412' title='bbox 347 2464 443 2495; x_wconf 78' lang='lat' dir='ltr'>minus</span> <span class='ocrx_word' id='word_1_413' title='bbox 466 2464 605 2503; x_wconf 77' lang='lat' dir='ltr'>sapidum</span> <span class='ocrx_word' id='word_1_414' title='bbox 630 2464 675 2494; x_wconf 84' lang='lat' dir='ltr'>fh.</span> <span class='ocrx_word' id='word_1_415' title='bbox 703 2465 735 2493; x_wconf 90' lang='lat' dir='ltr'>id</span> <span class='ocrx_word' id='word_1_416' title='bbox 762 2468 810 2493; x_wconf 83' lang='lat' dir='ltr'>est</span> <span class='ocrx_word' id='word_1_417' title='bbox 837 2464 942 2493; x_wconf 82' lang='lat' dir='ltr'>minus</span> <span class='ocrx_word' id='word_1_418' title='bbox 968 2463 1116 2502; x_wconf 78' lang='lat' dir='ltr'>sapidum</span> <span class='ocrx_word' id='word_1_419' title='bbox 1135 2473 1194 2494; x_wconf 83' lang='lat' dir='ltr'>oni.</span> <span class='ocrx_word' id='word_1_420' title='bbox 1222 2463 1417 2502; x_wconf 64' lang='lat' dir='ltr'>inva(G&#39;.²Q).</span> <span class='ocrx_word' id='word_1_421' title='bbox 1437 2473 1453 2505; x_wconf 74' lang='grc' dir='ltr'><strong>γ</strong></span> <span class='ocrx_word' id='word_1_422' title='bbox 1470 2464 1584 2493; x_wconf 85' lang='lat' dir='ltr'>habet:</span> <span class='ocrx_word' id='word_1_423' title='bbox 1611 2463 1791 2500; x_wconf 79' lang='lat' dir='ltr'>‘dlsipidius</span> <span class='ocrx_word' id='word_1_424' title='bbox 1808 2462 1955 2501; x_wconf 88' lang='lat' dir='ltr'>(uerbum</span> 
     </span>
     <span class='ocr_line' id='line_1_37' title="bbox 127 2518 1955 2559; baseline -0.001 -9"><span class='ocrx_word' id='word_1_425' title='bbox 127 2529 188 2550; x_wconf 90' lang='lat' dir='ltr'>non</span> <span class='ocrx_word' id='word_1_426' title='bbox 213 2520 374 2551; x_wconf 83' lang='lat' dir='ltr'>Latinum.</span> <span class='ocrx_word' id='word_1_427' title='bbox 408 2522 502 2559; x_wconf 88' lang='lat' dir='ltr'>posui</span> <span class='ocrx_word' id='word_1_428' title='bbox 530 2521 717 2559; x_wconf 67' lang='lat' dir='ltr'>InsipidiuS,</span> <span class='ocrx_word' id='word_1_429' title='bbox 744 2530 805 2558; x_wconf 84' lang='lat' dir='ltr'>quo</span> <span class='ocrx_word' id='word_1_430' title='bbox 831 2530 908 2550; x_wconf 74' lang='lat' dir='ltr'>usus</span> <span class='ocrx_word' id='word_1_431' title='bbox 934 2524 982 2550; x_wconf 81' lang='lat' dir='ltr'>est</span> <span class='ocrx_word' id='word_1_432' title='bbox 1010 2521 1049 2549; x_wconf 91' lang='lat' dir='ltr'>de</span> <span class='ocrx_word' id='word_1_433' title='bbox 1076 2530 1188 2558; x_wconf 81' lang='lat' dir='ltr'>sapore</span> <span class='ocrx_word' id='word_1_434' title='bbox 1212 2520 1278 2549; x_wconf 83' lang='lat' dir='ltr'>Jul.</span> <span class='ocrx_word' id='word_1_435' title='bbox 1305 2520 1458 2549; x_wconf 82' lang='lat' dir='ltr'>Firinieus</span> <span class='ocrx_word' id='word_1_436' title='bbox 1477 2519 1517 2556; x_wconf 90' lang='lat'>11,</span> <span class='ocrx_word' id='word_1_437' title='bbox 1540 2518 1605 2558; x_wconf 79' lang='lat'>12).</span> <span class='ocrx_word' id='word_1_438' title='bbox 1633 2519 1799 2549; x_wconf 62' lang='lat' dir='ltr'>disolutius</span> <span class='ocrx_word' id='word_1_439' title='bbox 1826 2518 1955 2557; x_wconf 81' lang='lat' dir='ltr'>(scripsi</span> 
     </span>
     <span class='ocr_line' id='line_1_38' title="bbox 126 2576 1957 2616; baseline -0.001 -10"><span class='ocrx_word' id='word_1_440' title='bbox 126 2577 338 2616; x_wconf 84' lang='lat' dir='ltr'>dissolutius).</span> <span class='ocrx_word' id='word_1_441' title='bbox 364 2579 472 2608; x_wconf 78' lang='lat' dir='ltr'>miuus</span> <span class='ocrx_word' id='word_1_442' title='bbox 499 2579 657 2616; x_wconf 85' lang='lat' dir='ltr'>sapidum.</span> <span class='ocrx_word' id='word_1_443' title='bbox 685 2579 837 2616; x_wconf 73' lang='lat' dir='ltr'>aquatius</span> <span class='ocrx_word' id='word_1_444' title='bbox 866 2578 966 2615; x_wconf 76' lang='lat' dir='ltr'>(Plin.</span> <span class='ocrx_word' id='word_1_445' title='bbox 992 2576 1139 2614; x_wconf 80' lang='lat' dir='ltr'>XXVIII,</span> <span class='ocrx_word' id='word_1_446' title='bbox 1169 2578 1184 2606; x_wconf 82' lang='lat'><strong>9</strong></span> <span class='ocrx_word' id='word_1_447' title='bbox 1212 2577 1249 2606; x_wconf 85' lang='lat' dir='ltr'>dc</span> <span class='ocrx_word' id='word_1_448' title='bbox 1276 2577 1367 2606; x_wconf 83' lang='lat' dir='ltr'>lacte.</span> <span class='ocrx_word' id='word_1_449' title='bbox 1395 2577 1519 2606; x_wconf 83' lang='lat' dir='ltr'>Pallad.</span> <span class='ocrx_word' id='word_1_450' title='bbox 1546 2576 1570 2613; x_wconf 94' lang='grc' dir='ltr'>Ι,</span> <span class='ocrx_word' id='word_1_451' title='bbox 1598 2579 1626 2613; x_wconf 73' lang='lat' dir='ltr'>(J,</span> <span class='ocrx_word' id='word_1_452' title='bbox 1654 2578 1671 2606; x_wconf 81' lang='lat'>9</span> <span class='ocrx_word' id='word_1_453' title='bbox 1697 2577 1735 2605; x_wconf 88' lang='lat' dir='ltr'>de</span> <span class='ocrx_word' id='word_1_454' title='bbox 1762 2577 1834 2605; x_wconf 83' lang='lat' dir='ltr'>uino</span> <span class='ocrx_word' id='word_1_455' title='bbox 1861 2580 1892 2604; x_wconf 83' lang='lat' dir='ltr'>et</span> <span class='ocrx_word' id='word_1_456' title='bbox 1917 2576 1957 2604; x_wconf 86' lang='lat' dir='ltr'>de</span> 
     </span>
     <span class='ocr_line' id='line_1_39' title="bbox 127 2626 1955 2679; baseline -0.002 -16"><span class='ocrx_word' id='word_1_457' title='bbox 127 2633 228 2664; x_wconf 80' lang='lat' dir='ltr'>fructu</span> <span class='ocrx_word' id='word_1_458' title='bbox 252 2635 422 2673; x_wconf 81' lang='lat' dir='ltr'>olearum).</span> <span class='ocrx_word' id='word_1_459' title='bbox 450 2635 615 2673; x_wconf 80' lang='lat' dir='ltr'>liquidius.</span> <span class='ocrx_word' id='word_1_460' title='bbox 631 2634 739 2673; x_wconf 81' lang='lat' dir='ltr'>satius</span> <span class='ocrx_word' id='word_1_461' title='bbox 764 2626 893 2679; x_wconf 55' lang='lat' dir='ltr'>a{oris</span> <span class='ocrx_word' id='word_1_462' title='bbox 921 2634 993 2672; x_wconf 88' lang='lat' dir='ltr'>(sic.</span> <span class='ocrx_word' id='word_1_463' title='bbox 1008 2634 1151 2663; x_wconf 81' lang='lat' dir='ltr'>correxi:</span> <span class='ocrx_word' id='word_1_464' title='bbox 1167 2633 1281 2672; x_wconf 65' lang='lat' dir='ltr'>facilis</span> <span class='ocrx_word' id='word_1_465' title='bbox 1304 2634 1433 2671; x_wconf 76' lang='lat' dir='ltr'>saporis.</span> <span class='ocrx_word' id='word_1_466' title='bbox 1460 2633 1541 2663; x_wconf 85' lang='lat' dir='ltr'>conf.</span> <span class='ocrx_word' id='word_1_467' title='bbox 1567 2633 1601 2662; x_wconf 88' lang='lat' dir='ltr'>C.</span> <span class='ocrx_word' id='word_1_468' title='bbox 1620 2633 1663 2669; x_wconf 88' lang='lat' dir='ltr'>II,</span> <span class='ocrx_word' id='word_1_469' title='bbox 1685 2635 1733 2663; x_wconf 82' lang='lat' dir='ltr'>ll.</span> <span class='ocrx_word' id='word_1_470' title='bbox 1754 2633 1789 2661; x_wconf 88' lang='lat'>8:</span> <span class='ocrx_word' id='word_1_471' title='bbox 1817 2641 1955 2661; x_wconf 83' lang='lat' dir='ltr'>somnus.</span> 
     </span>
     <span class='ocr_line' id='line_1_40' title="bbox 128 2689 1956 2729; baseline -0.002 -9"><span class='ocrx_word' id='word_1_472' title='bbox 128 2689 221 2721; x_wconf 88' lang='lat' dir='ltr'>Ouid.</span> <span class='ocrx_word' id='word_1_473' title='bbox 245 2691 321 2721; x_wconf 87' lang='lat' dir='ltr'>Her.</span> <span class='ocrx_word' id='word_1_474' title='bbox 347 2690 432 2727; x_wconf 74' lang='lat' dir='ltr'>XVI,</span> <span class='ocrx_word' id='word_1_475' title='bbox 462 2692 542 2720; x_wconf 79' lang='lat'>123:</span> <span class='ocrx_word' id='word_1_476' title='bbox 583 2700 669 2720; x_wconf 84' lang='lat' dir='ltr'>aura.</span> <span class='ocrx_word' id='word_1_477' title='bbox 698 2691 793 2729; x_wconf 87' lang='lat' dir='ltr'>Apul.</span> <span class='ocrx_word' id='word_1_478' title='bbox 822 2690 900 2720; x_wconf 77' lang='lat' dir='ltr'>Met.</span> <span class='ocrx_word' id='word_1_479' title='bbox 927 2690 939 2719; x_wconf 89' lang='grc' dir='ltr'>Ι</span> <span class='ocrx_word' id='word_1_480' title='bbox 966 2700 995 2728; x_wconf 93' lang='lat' dir='ltr'>p.</span> <span class='ocrx_word' id='word_1_481' title='bbox 1025 2691 1105 2719; x_wconf 67' lang='lat'>104:</span> <span class='ocrx_word' id='word_1_482' title='bbox 1144 2698 1257 2720; x_wconf 80' lang='lat' dir='ltr'>caseus</span> <span class='ocrx_word' id='word_1_483' title='bbox 1281 2690 1348 2720; x_wconf 70' lang='lat' dir='ltr'>sciti</span> <span class='ocrx_word' id='word_1_484' title='bbox 1372 2690 1506 2728; x_wconf 73' lang='lat' dir='ltr'>saporis.</span> <span class='ocrx_word' id='word_1_485' title='bbox 1536 2690 1689 2719; x_wconf 81' lang='lat' dir='ltr'>tredecim</span> <span class='ocrx_word' id='word_1_486' title='bbox 1717 2697 1847 2726; x_wconf 81' lang='lat' dir='ltr'>sapores</span> <span class='ocrx_word' id='word_1_487' title='bbox 1872 2689 1956 2726; x_wconf 88' lang='lat' dir='ltr'>apud</span> 
     </span>
     <span class='ocr_line' id='line_1_41' title="bbox 127 2745 1957 2788; baseline -0.003 -10"><span class='ocrx_word' id='word_1_488' title='bbox 127 2747 209 2778; x_wconf 89' lang='lat' dir='ltr'>Plin.</span> <span class='ocrx_word' id='word_1_489' title='bbox 232 2748 301 2786; x_wconf 81' lang='lat' dir='ltr'>XV,</span> <span class='ocrx_word' id='word_1_490' title='bbox 329 2749 381 2778; x_wconf 78' lang='lat'>27.</span> <span class='ocrx_word' id='word_1_491' title='bbox 446 2749 500 2787; x_wconf 83' lang='grc'>11)</span> <span class='ocrx_word' id='word_1_492' title='bbox 525 2748 656 2778; x_wconf 82' lang='lat' dir='ltr'>Lemma</span> <span class='ocrx_word' id='word_1_493' title='bbox 684 2747 720 2777; x_wconf 72' lang='lat' dir='ltr'>Si</span> <span class='ocrx_word' id='word_1_494' title='bbox 743 2757 824 2786; x_wconf 81' lang='lat' dir='ltr'>uesp.</span> <span class='ocrx_word' id='word_1_495' title='bbox 852 2747 1059 2786; x_wconf 80' lang='lat' dir='ltr'>amplificaui.</span> <span class='ocrx_word' id='word_1_496' title='bbox 1087 2756 1175 2785; x_wconf 85' lang='lat' dir='ltr'>uesp.</span> <span class='ocrx_word' id='word_1_497' title='bbox 1202 2747 1222 2775; x_wconf 90' lang='lat' dir='ltr'>i.</span> <span class='ocrx_word' id='word_1_498' title='bbox 1250 2747 1432 2784; x_wconf 80' lang='lat' dir='ltr'>insperatus</span> <span class='ocrx_word' id='word_1_499' title='bbox 1458 2756 1517 2776; x_wconf 77' lang='lat' dir='ltr'>oni.</span> <span class='ocrx_word' id='word_1_500' title='bbox 1544 2755 1570 2788; x_wconf 74' lang='grc' dir='ltr'>γ.</span> <span class='ocrx_word' id='word_1_501' title='bbox 1598 2750 1692 2783; x_wconf 87' lang='lat' dir='ltr'>recte,</span> <span class='ocrx_word' id='word_1_502' title='bbox 1718 2755 1791 2774; x_wconf 81' lang='lat' dir='ltr'>naui</span> <span class='ocrx_word' id='word_1_503' title='bbox 1818 2745 1884 2774; x_wconf 82' lang='lat' dir='ltr'>sinc</span> <span class='ocrx_word' id='word_1_504' title='bbox 1908 2753 1957 2773; x_wconf 79' lang='lat' dir='ltr'>su—</span> 
     </span>
    </p>
   </div>
   <div class='ocr_carea' id='block_1_8' title="bbox 128 2801 1956 2843">
    <p class='ocr_par' dir='ltr' id='par_1_16' title="bbox 128 2801 1956 2843">
     <span class='ocr_line' id='line_1_42' title="bbox 128 2801 1956 2843; baseline -0.001 -10"><span class='ocrx_word' id='word_1_505' title='bbox 128 2803 183 2834; x_wconf 76' lang='lat' dir='ltr'>bito</span> <span class='ocrx_word' id='word_1_506' title='bbox 207 2805 370 2843; x_wconf 78' lang='lat' dir='ltr'>expositio</span> <span class='ocrx_word' id='word_1_507' title='bbox 395 2808 427 2834; x_wconf 91' lang='lat' dir='ltr'>et</span> <span class='ocrx_word' id='word_1_508' title='bbox 453 2805 593 2835; x_wconf 86' lang='lat' dir='ltr'>sermoni</span> <span class='ocrx_word' id='word_1_509' title='bbox 619 2809 650 2834; x_wconf 88' lang='lat' dir='ltr'>et</span> <span class='ocrx_word' id='word_1_510' title='bbox 668 2804 808 2834; x_wconf 82' lang='lat' dir='ltr'>moribus</span> <span class='ocrx_word' id='word_1_511' title='bbox 826 2804 1040 2833; x_wconf 72' lang='lat' dir='ltr'>Romanorum</span> <span class='ocrx_word' id='word_1_512' title='bbox 1064 2808 1238 2842; x_wconf 84' lang='lat' dir='ltr'>repugnat,</span> <span class='ocrx_word' id='word_1_513' title='bbox 1265 2805 1318 2841; x_wconf 90' lang='lat' dir='ltr'>qui</span> <span class='ocrx_word' id='word_1_514' title='bbox 1338 2812 1473 2841; x_wconf 81' lang='lat' dir='ltr'>uespera</span> <span class='ocrx_word' id='word_1_515' title='bbox 1498 2803 1617 2831; x_wconf 83' lang='lat' dir='ltr'>amicos</span> <span class='ocrx_word' id='word_1_516' title='bbox 1643 2802 1782 2832; x_wconf 83' lang='lat' dir='ltr'>salutare</span> <span class='ocrx_word' id='word_1_517' title='bbox 1801 2801 1956 2831; x_wconf 82' lang='lat' dir='ltr'>solebant.</span> 
     </span>
    </p>
   </div>
   <div class='ocr_carea' id='block_1_9' title="bbox 130 2858 1956 3125">
    <p class='ocr_par' dir='ltr' id='par_1_17' title="bbox 130 2858 1956 3125">
     <span class='ocr_line' id='line_1_43' title="bbox 130 2858 1956 2900; baseline -0.002 -11"><span class='ocrx_word' id='word_1_518' title='bbox 130 2859 171 2890; x_wconf 87' lang='lat' dir='ltr'>C:</span> <span class='ocrx_word' id='word_1_519' title='bbox 191 2861 240 2890; x_wconf 81' lang='lat' dir='ltr'>‘Si</span> <span class='ocrx_word' id='word_1_520' title='bbox 253 2871 334 2900; x_wconf 80' lang='lat' dir='ltr'>uesp.</span> <span class='ocrx_word' id='word_1_521' title='bbox 359 2862 458 2891; x_wconf 75' lang='lat' dir='ltr'>Aliud</span> <span class='ocrx_word' id='word_1_522' title='bbox 476 2866 688 2900; x_wconf 82' lang='lat' dir='ltr'>praeceptum.</span> <span class='ocrx_word' id='word_1_523' title='bbox 715 2860 749 2890; x_wconf 81' lang='lat' dir='ltr'>Si</span> <span class='ocrx_word' id='word_1_524' title='bbox 768 2861 895 2899; x_wconf 74' lang='lat' dir='ltr'>vesperi</span> <span class='ocrx_word' id='word_1_525' title='bbox 913 2861 1032 2899; x_wconf 69' lang='lat' dir='ltr'>hospes</span> <span class='ocrx_word' id='word_1_526' title='bbox 1050 2861 1156 2890; x_wconf 77' lang='lat' dir='ltr'>subito</span> <span class='ocrx_word' id='word_1_527' title='bbox 1175 2865 1206 2889; x_wconf 91' lang='lat' dir='ltr'>te</span> <span class='ocrx_word' id='word_1_528' title='bbox 1223 2860 1427 2898; x_wconf 81' lang='lat' dir='ltr'>oppresserit.</span> <span class='ocrx_word' id='word_1_529' title='bbox 1457 2859 1486 2887; x_wconf 84' lang='lat' dir='ltr'>id</span> <span class='ocrx_word' id='word_1_530' title='bbox 1507 2866 1563 2888; x_wconf 78' lang='lat' dir='ltr'>est.</span> <span class='ocrx_word' id='word_1_531' title='bbox 1591 2859 1793 2896; x_wconf 62' lang='lat' dir='ltr'>lampat-tatus</span> <span class='ocrx_word' id='word_1_532' title='bbox 1810 2858 1956 2887; x_wconf 77' lang='lat' dir='ltr'>uene1·it.&#39;</span> 
     </span>
     <span class='ocr_line' id='line_1_44' title="bbox 130 2913 1956 2955; baseline -0.003 -9"><span class='ocrx_word' id='word_1_533' title='bbox 130 2916 210 2946; x_wconf 82' lang='lat' dir='ltr'>conf.</span> <span class='ocrx_word' id='word_1_534' title='bbox 236 2918 339 2947; x_wconf 82' lang='lat' dir='ltr'>Plaut.</span> <span class='ocrx_word' id='word_1_535' title='bbox 365 2917 461 2948; x_wconf 86' lang='lat' dir='ltr'>Poen.</span> <span class='ocrx_word' id='word_1_536' title='bbox 487 2918 524 2955; x_wconf 80' lang='lat' dir='ltr'>V,</span> <span class='ocrx_word' id='word_1_537' title='bbox 545 2919 575 2953; x_wconf 82' lang='lat'>3,</span> <span class='ocrx_word' id='word_1_538' title='bbox 603 2919 639 2947; x_wconf 81' lang='lat'>8:</span> <span class='ocrx_word' id='word_1_539' title='bbox 675 2917 930 2955; x_wconf 74' lang='lat' dir='ltr'>insperatissime</span> <span class='ocrx_word' id='word_1_540' title='bbox 954 2917 1031 2946; x_wconf 85' lang='lat' dir='ltr'>mihi</span> <span class='ocrx_word' id='word_1_541' title='bbox 1058 2917 1157 2953; x_wconf 86' lang='lat' dir='ltr'>salue,</span> <span class='ocrx_word' id='word_1_542' title='bbox 1186 2915 1269 2946; x_wconf 86' lang='lat' dir='ltr'>Men.</span> <span class='ocrx_word' id='word_1_543' title='bbox 1285 2917 1321 2953; x_wconf 86' lang='lat' dir='ltr'>V,</span> <span class='ocrx_word' id='word_1_544' title='bbox 1342 2918 1371 2952; x_wconf 84' lang='lat'>9,</span> <span class='ocrx_word' id='word_1_545' title='bbox 1392 2917 1446 2944; x_wconf 74' lang='lat'>72:</span> <span class='ocrx_word' id='word_1_546' title='bbox 1483 2926 1499 2943; x_wconf 89' lang='lat'>0</span> <span class='ocrx_word' id='word_1_547' title='bbox 1525 2915 1624 2951; x_wconf 80' lang='lat' dir='ltr'>salue,</span> <span class='ocrx_word' id='word_1_548' title='bbox 1652 2915 1814 2952; x_wconf 78' lang='lat' dir='ltr'>insperate</span> <span class='ocrx_word' id='word_1_549' title='bbox 1840 2913 1956 2943; x_wconf 70' lang='lat' dir='ltr'>frater!</span> 
     </span>
     <span class='ocr_line' id='line_1_45' title="bbox 134 2971 1955 3015; baseline -0.002 -13"><span class='ocrx_word' id='word_1_550' title='bbox 134 2973 188 3012; x_wconf 82' lang='lat'>13)</span> <span class='ocrx_word' id='word_1_551' title='bbox 213 2977 266 3003; x_wconf 84' lang='lat' dir='ltr'>aut</span> <span class='ocrx_word' id='word_1_552' title='bbox 290 2974 423 3012; x_wconf 82' lang='lat' dir='ltr'>resipiat</span> <span class='ocrx_word' id='word_1_553' title='bbox 458 2984 483 3015; x_wconf 71' lang='grc' dir='ltr'>γ.</span> <span class='ocrx_word' id='word_1_554' title='bbox 510 2975 578 3004; x_wconf 87' lang='lat' dir='ltr'>rell.</span> <span class='ocrx_word' id='word_1_555' title='bbox 607 2984 668 3005; x_wconf 86' lang='lat' dir='ltr'>om.</span> <span class='ocrx_word' id='word_1_556' title='bbox 710 2973 752 3003; x_wconf 73' lang='lat' dir='ltr'>C:</span> <span class='ocrx_word' id='word_1_557' title='bbox 790 2973 938 3011; x_wconf 78' lang='lat' dir='ltr'>desipiat,</span> <span class='ocrx_word' id='word_1_558' title='bbox 976 2974 1107 3003; x_wconf 78' lang='lat' dir='ltr'>resistat</span> <span class='ocrx_word' id='word_1_559' title='bbox 1133 2977 1159 3002; x_wconf 72' lang='lat' dir='ltr'>et</span> <span class='ocrx_word' id='word_1_560' title='bbox 1190 2973 1365 3002; x_wconf 46' lang='lat' dir='ltr'>acl&#39;zcersetm·</span> <span class='ocrx_word' id='word_1_561' title='bbox 1396 2971 1510 3010; x_wconf 77' lang='lat' dir='ltr'>palato.</span> <span class='ocrx_word' id='word_1_562' title='bbox 1549 2971 1683 3009; x_wconf 77' lang='lat' dir='ltr'>desipiat</span> <span class='ocrx_word' id='word_1_563' title='bbox 1722 2971 1849 3007; x_wconf 82' lang='lat' dir='ltr'>falsum,</span> <span class='ocrx_word' id='word_1_564' title='bbox 1886 2979 1955 2999; x_wconf 82' lang='lat' dir='ltr'>nam</span> 
     </span>
     <span class='ocr_line' id='line_1_46' title="bbox 131 3026 1955 3069; baseline -0.002 -11"><span class='ocrx_word' id='word_1_565' title='bbox 131 3029 257 3059; x_wconf 78' lang='lat' dir='ltr'>homiues</span> <span class='ocrx_word' id='word_1_566' title='bbox 281 3030 427 3068; x_wconf 69' lang='lat' dir='ltr'>desipiunt</span> <span class='ocrx_word' id='word_1_567' title='bbox 451 3031 535 3069; x_wconf 78' lang='lat' dir='ltr'>apud</span> <span class='ocrx_word' id='word_1_568' title='bbox 562 3031 704 3066; x_wconf 76' lang='lat' dir='ltr'>Veteres,</span> <span class='ocrx_word' id='word_1_569' title='bbox 734 3034 763 3059; x_wconf 84' lang='lat' dir='ltr'>et</span> <span class='ocrx_word' id='word_1_570' title='bbox 793 3040 874 3058; x_wconf 78' lang='lat' dir='ltr'>noua</span> <span class='ocrx_word' id='word_1_571' title='bbox 900 3030 1095 3067; x_wconf 79' lang='lat' dir='ltr'>significatio</span> <span class='ocrx_word' id='word_1_572' title='bbox 1121 3039 1170 3067; x_wconf 83' lang='lat' dir='ltr'>ap.</span> <span class='ocrx_word' id='word_1_573' title='bbox 1198 3029 1332 3058; x_wconf 77' lang='lat' dir='ltr'>Tei-tull.</span> <span class='ocrx_word' id='word_1_574' title='bbox 1359 3029 1397 3057; x_wconf 83' lang='lat' dir='ltr'>de</span> <span class='ocrx_word' id='word_1_575' title='bbox 1425 3028 1527 3065; x_wconf 64' lang='lat' dir='ltr'>pudic.</span> <span class='ocrx_word' id='word_1_576' title='bbox 1552 3029 1588 3056; x_wconf 85' lang='lat'>13</span> <span class='ocrx_word' id='word_1_577' title='bbox 1603 3032 1633 3056; x_wconf 83' lang='lat' dir='ltr'>et</span> <span class='ocrx_word' id='word_1_578' title='bbox 1654 3029 1690 3055; x_wconf 87' lang='grc'><strong>18</strong></span> <span class='ocrx_word' id='word_1_579' title='bbox 1719 3028 1812 3065; x_wconf 82' lang='lat' dir='ltr'>plane</span> <span class='ocrx_word' id='word_1_580' title='bbox 1838 3026 1955 3056; x_wconf 79' lang='lat' dir='ltr'>differt.</span> 
     </span>
     <span class='ocr_line' id='line_1_47' title="bbox 132 3082 1956 3125; baseline -0.003 -10"><span class='ocrx_word' id='word_1_581' title='bbox 132 3092 239 3116; x_wconf 82' lang='lat' dir='ltr'>contra</span> <span class='ocrx_word' id='word_1_582' title='bbox 261 3087 398 3125; x_wconf 74' lang='lat' dir='ltr'>resipere</span> <span class='ocrx_word' id='word_1_583' title='bbox 424 3088 578 3117; x_wconf 79' lang='lat' dir='ltr'>sollemne</span> <span class='ocrx_word' id='word_1_584' title='bbox 604 3088 733 3116; x_wconf 85' lang='lat' dir='ltr'>uerbum</span> <span class='ocrx_word' id='word_1_585' title='bbox 760 3087 841 3116; x_wconf 80' lang='lat' dir='ltr'>Pliu.</span> <span class='ocrx_word' id='word_1_586' title='bbox 868 3086 952 3122; x_wconf 79' lang='lat' dir='ltr'>XIV,</span> <span class='ocrx_word' id='word_1_587' title='bbox 977 3088 1002 3115; x_wconf 90' lang='grc'>1.</span> <span class='ocrx_word' id='word_1_588' title='bbox 1039 3085 1187 3121; x_wconf 86' lang='lat' dir='ltr'>XXVIII,</span> <span class='ocrx_word' id='word_1_589' title='bbox 1211 3088 1239 3115; x_wconf 78' lang='lat'>9.</span> <span class='ocrx_word' id='word_1_590' title='bbox 1279 3084 1391 3121; x_wconf 77' lang='lat' dir='ltr'>XXXI,</span> <span class='ocrx_word' id='word_1_591' title='bbox 1412 3086 1440 3113; x_wconf 87' lang='lat'>3.</span> <span class='ocrx_word' id='word_1_592' title='bbox 1468 3083 1558 3112; x_wconf 84' lang='lat' dir='ltr'>Varr.</span> <span class='ocrx_word' id='word_1_593' title='bbox 1587 3083 1620 3111; x_wconf 78' lang='lat' dir='ltr'>R.</span> <span class='ocrx_word' id='word_1_594' title='bbox 1648 3083 1683 3111; x_wconf 86' lang='lat' dir='ltr'>R.</span> <span class='ocrx_word' id='word_1_595' title='bbox 1711 3083 1732 3113; x_wconf 85' lang='grc'><strong>1,</strong></span> <span class='ocrx_word' id='word_1_596' title='bbox 1753 3085 1804 3112; x_wconf 81' lang='grc'>54.</span> <span class='ocrx_word' id='word_1_597' title='bbox 1833 3082 1956 3112; x_wconf 87' lang='lat' dir='ltr'>Colum.</span> 
     </span>
    </p>
   </div>
   <div class='ocr_carea' id='block_1_10' title="bbox 133 3140 1178 3184">
    <p class='ocr_par' dir='ltr' id='par_1_18' title="bbox 133 3140 1178 3184">
     <span class='ocr_line' id='line_1_48' title="bbox 133 3140 1178 3184; baseline 0 -14"><span class='ocrx_word' id='word_1_598' title='bbox 133 3140 201 3177; x_wconf 80' lang='lat' dir='ltr'>XII,</span> <span class='ocrx_word' id='word_1_599' title='bbox 228 3144 279 3172; x_wconf 58' lang='lat'>4⁶.</span> <span class='ocrx_word' id='word_1_600' title='bbox 333 3145 386 3182; x_wconf 77' lang='lat'>14)</span> <span class='ocrx_word' id='word_1_601' title='bbox 412 3145 631 3174; x_wconf 72' lang='lat' dir='ltr'>crescentibus</span> <span class='ocrx_word' id='word_1_602' title='bbox 658 3153 719 3174; x_wconf 83' lang='lat' dir='ltr'>oin.</span> <span class='ocrx_word' id='word_1_603' title='bbox 745 3153 771 3184; x_wconf 65' lang='grc' dir='ltr'>γ.</span> <span class='ocrx_word' id='word_1_604' title='bbox 798 3144 940 3173; x_wconf 55' lang='lat' dir='ltr'>inuenti&gt;-</span> <span class='ocrx_word' id='word_1_605' title='bbox 966 3153 992 3183; x_wconf 74' lang='grc' dir='ltr'>γ.</span> <span class='ocrx_word' id='word_1_606' title='bbox 1021 3143 1089 3173; x_wconf 83' lang='lat' dir='ltr'>rell.</span> <span class='ocrx_word' id='word_1_607' title='bbox 1119 3152 1178 3172; x_wconf 87' lang='lat' dir='ltr'>om.</span> 
     </span>
    </p>
   </div>
   <div class='ocr_carea' id='block_1_11' title="bbox 1980 931 2017 962">
    <p class='ocr_par' dir='ltr' id='par_1_19' title="bbox 1980 931 2017 962">
     <span class='ocr_line' id='line_1_49' title="bbox 1980 931 2017 962; baseline -0.027 0"><span class='ocrx_word' id='word_1_608' title='bbox 1980 931 2017 962; x_wconf 83' lang='lat' dir='ltr'>lo</span> 
     </span>
    </p>
   </div>
  </div>
 </body>
</html>
