2148 3412
848 113 895 145 ΙΝ
923 113 1067 146 EPIST.
1094 114 1119 153 1,
1146 118 1176 146 4.
1845 105 1924 145 391

206 237 244 276 4.
274 244 345 277 tac.
367 237 504 277 siluas.
563 235 919 290 Philosophorum
950 237 1082 280 libros
1118 237 1359 293 adpellauit.
1420 246 1592 294 reptare.
1623 237 1802 280 Versari.
1862 254 1929 279 sa-

98 309 243 351 lubres.
273 307 503 351 Amoenas.
564 308 653 350 Aut
685 309 783 364 quia
815 310 1060 352 salubrioris
1092 319 1186 353 sunt
1221 312 1331 354 aeris
1362 312 1505 362 siluae,
1537 312 1632 354 ideo
1664 311 1781 352 dixit.

209 383 247 423 5.
278 383 442 437 (leynam
473 384 649 439 sapiente
682 384 856 439 bonoque
887 387 971 426 est?
1043 382 1226 440 Sapiens
1256 385 1368 426 enim
1401 385 1514 427 solus
1545 386 1623 427 scit
1661 400 1756 427 cum
1786 385 1930 426 mode-

97 455 258 497 ratione
289 456 374 497 suis
404 456 465 497 uti
497 456 630 507 bonis,
673 457 784 512 quod
815 465 886 498 aut
915 457 1128 499 luxurioso
1159 472 1236 513 per
1278 459 1640 509 incontinentiam,
1687 466 1756 500 aut
1803 474 1932 500 auaro

97 543 172 583 per
201 528 374 570 nimiam
406 529 702 571 abstinentiam
733 530 900 572 inscitia
931 531 1169 586 denegauit.
1980 543 1997 571 5

209 604 245 643 6.
278 603 370 645 Non
410 611 453 644 tu
495 619 641 660 corpus
682 618 784 645 eras.
865 602 1021 656 Qualia
1057 612 1151 645 sunt
1182 605 1394 646 animalia.
1475 620 1574 648 eras.
1613 606 1698 648 Pro
1740 623 1791 648 es.
1852 608 1934 648 sine

90 684 262 733 pectore.
322 674 424 717 Sine
454 676 546 718 loco
576 677 839 732 prudentiae.

211 749 255 790 cli
282 749 351 790 tibi
375 750 562 803 sormam.
621 750 672 791 Id
703 758 776 801 est,
809 751 898 792 sine
929 751 1149 807 sapientia,
1181 752 1226 793 id
1256 760 1337 794 est:
1371 767 1489 795 cares
1523 753 1631 795 bono
1664 753 1850 809 ingenio.

211 824 247 863 7.
280 823 485 865 dederunt.
545 823 674 866 Metri
706 825 867 867 ratione
898 825 1071 866 breuem
1102 825 1202 867 fecit
1233 825 1452 881 syllabam.

210 905 413 952 artemque
438 898 617 945 fruendi.
678 896 806 950 Quod
837 905 899 941 est
928 898 1142 954 sapientis.
1205 898 1483 955 Sapientiam.
1961 911 2002 941 10

211 970 247 1011 8.
280 979 439 1012 uoueat.
473 969 620 1026 Optet.

210 1044 323 1085 dulce·
348 1052 457 1085 metr.
489 1060 564 1086 ma.
599 1046 649 1086 al.
723 1044 882 1088 Sensus
913 1053 995 1088 est:
1043 1047 1213 1089 alumno
1243 1047 1385 1088 nutrix
1415 1047 1589 1094 maiora,
1636 1062 1762 1102 quam
1807 1047 1851 1087 in
1896 1053 1936 1089 te

99 1123 206 1167 sunt,
243 1116 354 1160 bona
383 1125 530 1173 optare
559 1134 645 1161 non
674 1126 821 1175 potest.
882 1118 998 1173 Quid
1030 1135 1159 1176 supra
1188 1121 1294 1163 haec
1313 1121 1451 1176 optari
1473 1120 1670 1175 cuiquam
1694 1120 1746 1161 ab
1769 1128 1937 1162 amante

99 1191 243 1246 possit,
275 1191 310 1233 si
340 1192 444 1234 haec
475 1192 570 1246 quis
599 1192 766 1234 habeat.

214 1266 250 1306 9.
287 1266 396 1316 Quin
427 1280 566 1323 sapere
596 1275 630 1308 et
658 1268 747 1321 sari
770 1269 906 1324 possit.
967 1267 1061 1310 Nisi
1091 1274 1134 1309 ut
1167 1282 1317 1323 sapere
1348 1267 1492 1323 possit.
1964 1279 2004 1309 15

213 1341 370 1381 sentiat.
431 1337 605 1382 Scilicet
635 1340 841 1383 alumnus.

216 1422 252 1455 et
283 1415 357 1455 eui.
418 1411 536 1454 Κατὰ
568 1414 730 1455 κοινόνε
763 1415 845 1456 nisi
876 1422 921 1456 ut
952 1415 1002 1457 ei.

215 1488 280 1528 10.
310 1488 516 1529 ualetudo.
577 1486 760 1538 sanitas,
794 1488 934 1530 robur.

217 1562 281 1602 11.
313 1562 489 1603 mundus
521 1563 666 1604 uictus.
724 1561 950 1604 Moderata
981 1562 1081 1604 uita.

217 1650 298 1677 non
329 1636 439 1692 defie.
500 1634 585 1677 Per
616 1636 930 1678 continentiam.
1900 1639 1903 1643 ’
1965 1648 2007 1681 20

218 1877 251 1917 1)
279 1878 360 1908 Phil.
388 1879 443 1907 lib.
470 1879 651 1916 appellauit
676 1880 725 1919 γὶ).
753 1879 821 1908 rell.
849 1879 947 1908 libros
974 1879 1028 1916 ph.
1055 1877 1204 1916 appellat.
1230 1877 1359 1907 Versari
1383 1876 1473 1919 7b.C,
1501 1878 1555 1916 qui
1581 1878 1679 1908 habet
1705 1879 1821 1908 lemma
1847 1878 1942 1908 inter-

104 1939 233 1975 reptare.
299 1936 334 1975 2)
360 1935 398 1965 Id
420 1939 463 1965 est
487 1945 546 1965 am.
573 1935 648 1971 th.
678 1935 866 1964 salubrioris
892 1939 965 1964 sunt
993 1934 1075 1965 aeris
1101 1944 1124 1964 s.
1152 1935 1223 1964 ideo
1249 1935 1278 1964 d.
1305 1935 1343 1976 «(1)
1378 1933 1476 1972 (aeris
1504 1934 1607 1973 sunt).
1643 1935 1833 1965 salubriores
1867 1939 1941 1964 sunt

107 1994 206 2023 siluae
233 1993 357 2032 (syluae
381 1993 474 2032 vafh)
500 1992 619 2027 vath.
686 1992 720 2031 3)
747 1993 923 2030 bonumque
950 1990 1019 2022 est?
1053 2002 1080 2033 γ.
1108 2001 1221 2021 manus
1246 1992 1407 2021 recentior
1431 1991 1612 2029 adspersit:
1651 1992 1702 2021 uel
1728 1992 1812 2021 bono
1839 1993 1858 2020 i.
1886 1992 1943 2021 ho-

107 2052 201 2080 mine.
227 2050 337 2080 Ambr.
365 2060 383 2080 a
412 2053 425 2080 1
446 2061 508 2080 m.:
534 2051 690 2088 bonoque.
718 2050 757 2078 al.
784 2050 908 2079 bon-um.
939 2067 972 2084 ε-
1006 2049 1134 2087 Sapiens
1158 2048 1236 2078 enim
1261 2049 1346 2079 solus
1372 2049 1455 2089 vaV·
1486 2048 1546 2081 Qui
1570 2048 1654 2078 solus
1680 2045 1875 2088 cath(G‘?).
1903 2048 1944 2077 sit

107 2109 172 2145 b‚v.
199 2108 356 2137 moderate
380 2106 545 2143 vcathQ.
580 2117 645 2136 cum
670 2106 878 2137 moderatione
901 2107 950 2148 γὶ).
999 2107 1035 2145 4)
1061 2106 1226 2135 luxuriose
1250 2106 1282 2135 b.
1308 2106 1390 2134 abst.
1416 2105 1534 2135 inscitia
1558 2105 1705 2145 (inscicia
1729 2105 1765 2143 b)
1792 2104 1948 2144 denegavit

114 2166 164 2207 γΙ).
191 2165 274 2194 abst.
300 2164 420 2204 neyauit
442 2164 549 2194 veafh.
576 2165 658 2194 abst.
685 2168 830 2202 negatum
854 2167 896 2192 est
920 2162 987 2198 CQ.
1053 2164 1087 2201 6)
1115 2162 1231 2198 Qualia
1257 2173 1282 2192 s.
1310 2164 1408 2192 anim.
1435 2164 1483 2204 γῑ).
1509 2162 1577 2191 rell.
1605 2172 1665 2191 om.
1693 2180 1733 2182 —
1758 2162 1818 2192 Pro
1843 2171 1873 2191 es
1896 2162 1946 2204 γῖ).

111 2223 181 2252 rell.
207 2232 267 2252 om.
305 2223 375 2251 sine
401 2222 442 2251 lo.
469 2222 562 2260 prud.
588 2222 636 2262 rb.
663 2221 732 2250 rell.
760 2230 819 2249 om.
858 2219 940 2249 conf.
968 2218 1011 2248 C:
1048 2219 1112 2248 siue
1132 2224 1262 2257 pectore.
1289 2220 1461 2258 sapientia.
1497 2229 1537 2248 ex
1563 2228 1628 2257 seq.
1656 2219 1722 2248 sch.
1749 2223 1862 2247 ortum.
1911 2216 1946 2256 8)

109 2280 130 2309 i.
156 2281 230 2309 sine
256 2288 322 2317 sap.
347 2280 397 2321 γὶ).
424 2279 442 2308 i.
470 2287 558 2308 cares
586 2278 672 2317 (care
697 2278 731 2317 b)
757 2278 807 2307 bo.
835 2278 900 2314 ing.
926 2278 975 2317 Tb.
1001 2277 1071 2305 rell.
1099 2286 1160 2305 om.
1210 2276 1245 2314 9)
1274 2276 1432 2306 dederunt
1456 2285 1472 2317 γ
1498 2275 1584 2312 (cum
1610 2276 1735 2313 glossa:
1768 2275 1946 2314 dederant),

107 2341 143 2367 ut
167 2336 226 2366 AO
254 2335 352 2374 (man.
382 2337 399 2365 2
426 2344 571 2374 suprapo.
597 2345 616 2364 a
641 2335 748 2373 corin).
775 2334 844 2375 Bep:
873 2334 979 2362 ded-ef.
1007 2333 1163 2362 dederunt,
1187 2333 1260 2362 hab.
1288 2333 1384 2361 etiam
1409 2332 1521 2361 Ambr.
1550 2336 1579 2360 et
1606 2331 1700 2360 Bern.
1728 2332 1756 2360 A
1783 2331 1878 2369 (mut.
1906 2341 1946 2360 ex

109 2394 185 2433 ant),
213 2392 310 2428 21th.
337 2393 493 2422 dederant
517 2393 549 2428 b,
574 2402 613 2421 vc
638 2391 853 2429 permultique
879 2390 933 2418 alii
960 2390 1046 2419 libri.
1086 2389 1197 2419 Lectio
1223 2389 1373 2418 dederunt
1395 2389 1599 2418 confirmatur
1637 2388 1774 2417 Aeronis
1812 2388 1947 2424 scholio,

110 2450 192 2488 quod
218 2450 323 2479 solida
348 2450 491 2479 codicum
516 2449 709 2478 auctoritate
736 2451 842 2477 tutum
868 2452 926 2477 est.
976 2447 1072 2476 Metri
1098 2448 1223 2476 ratione
1249 2447 1379 2476 breuem
1404 2446 1480 2474 fecit
1506 2446 1658 2474 sillabam
1682 2454 1709 2486 γ.
1747 2445 1854 2474 media
1880 2445 1947 2484 syl-

110 2507 184 2536 laba
207 2507 299 2536 breui
326 2505 361 2543 C,
388 2516 470 2536 non:
498 2505 608 2534 Media
632 2505 723 2534 breui
751 2505 878 2544 syllaba
904 2504 1059 2541 dederunt,
1097 2508 1130 2533 ut
1167 2503 1224 2534 ref.
1263 2503 1301 2539 Q.
1340 2503 1497 2532 Declermzt
1520 2502 1704 2542 (Dederant
1730 2502 1774 2540 c).
1809 2502 1948 2531 Mediam

110 2564 238 2593 breuem
263 2564 435 2603 syllabam,
461 2562 609 2592 dederunt
634 2563 670 2600 (l.
697 2561 791 2600 fecit)
817 2561 900 2591 cafh.
926 2561 1089 2590 Dederant.
1116 2561 1212 2591 metri
1229 2563 1266 2591 ca
1286 2560 1346 2599 (z
1363 2558 1473 2598 causa)
1503 2560 1600 2589 breue
1625 2557 1721 2598 sylua‘
1748 2558 1823 2596 (sic)
1850 2559 1948 2588 dede-

112 2624 184 2650 rant
208 2631 238 2650 v.
291 2619 346 2659 10)
372 2619 462 2655 Quod
488 2624 538 2649 est
553 2629 581 2660 γ.
608 2629 672 2647 om.
697 2619 726 2647 b.
756 2619 924 2656 sapientis.
953 2619 1145 2656 sapientiam
1171 2618 1220 2658 qb.
1248 2618 1316 2647 rell.
1343 2627 1403 2647 oin.
1429 2620 1530 2646 totum
1556 2616 1711 2645 scholion.
1764 2616 1819 2654 11)
1847 2614 1948 2653 Optet

113 2687 140 2718 γ.
159 2678 226 2707 rell.
246 2687 306 2707 om.
333 2677 413 2707 conf.
432 2676 483 2707 Cz‘
502 2676 574 2715 quid
589 2680 703 2706 tameat.
728 2679 805 2713 optet
828 2676 941 2711 mahts,
969 2679 1000 2705 et
1026 2676 1141 2704 melius
1168 2684 1224 2704 suo
1250 2675 1387 2709 alumno7
1413 2673 1474 2703 nisi
1489 2677 1521 2702 ut
1539 2682 1659 2710 sapere,
1693 2676 1724 2701 et
1742 2672 1802 2701 fari
1822 2672 1948 2709 possit!

118 2734 172 2773 12)
198 2733 318 2763 Sensus
344 2751 385 2754 ——
411 2734 528 2763 habeat
552 2743 578 2775 γ.
605 2734 674 2763 rell.
701 2742 761 2762 0111.
832 2733 884 2771 15)
914 2731 1000 2767 Qum,
1038 2742 1109 2761 cum
1135 2732 1178 2770 gl.
1206 2732 1270 2761 nisi
1297 2734 1344 2767 ut,
1381 2739 1398 2771 γ
1423 2730 1533 2759 Ambr.
1559 2729 1653 2759 Bern.
1682 2728 1718 2763 C,
1752 2728 1778 2757 P
1804 2732 1834 2757 et
1859 2727 1948 2757 Harl.

115 2788 219 2831 quissss
239 2799 359 2828 rasura,
385 2790 446 2819 AH
471 2790 560 2820 Sorb.
588 2794 646 2821 etc⁴
675 2790 747 2827 qui*¹
773 2786 805 2829 (1
833 2798 873 2817 m.
899 2788 996 2826 corr.)
1024 2788 1061 2818 E.
1088 2792 1148 2818 etc.
1181 2797 1271 2827 quam
1294 2787 1343 2816 uel
1364 2786 1435 2825 quin
1459 2787 1478 2816 b
1505 2795 1573 2815 cum
1600 2786 1705 2824 glossa
1729 2784 1790 2813 'nisi
1811 2788 1851 2814 ut.
1876 2785 1950 2814 lem.

116 2851 147 2877 et
170 2847 266 2877 schol.
294 2857 354 2878 om.
387 2846 526 2882 vcath.
594 2846 648 2884 16)
676 2845 753 2875 Scit.
779 2846 926 2875 alumnus
953 2845 1001 2886 Tb.
1028 2845 1098 2874 rell.
1125 2854 1186 2874 om.
1254 2845 1310 2882 17)
1335 2853 1420 2876 κατκ
1443 2853 1471 2885 γ.
1498 2843 1567 2872 rell.
1594 2852 1653 2872 om.
1693 2842 1756 2870 nisi
1781 2845 1818 2871 ut
1847 2841 1876 2870 ei
1901 2842 1949 2883 γ1).

116 2904 190 2933 rell.v
212 2913 271 2933 orn.
334 2905 388 2943 18)
415 2903 558 2933 ualitudo
584 2904 622 2944 ‘fb
648 2903 779 2940 aliique,
807 2903 893 2931 inter
919 2912 996 2940 quos
1022 2911 1131 2932 omnes
1156 2901 1336 2931 Beruenses
1362 2904 1488 2938 praeter
1513 2898 1550 2935 C,
1589 2899 1750 2936 scriptura
1775 2898 1908 2928 defensa
1934 2908 1952 2927 a

116 2959 221 2989 Beier.
246 2961 288 2990 ad
313 2960 382 2990 Cic.
409 2960 472 2991 Off.
498 2960 512 2989 Ι
539 2970 567 2998 p.
595 2960 670 2992 213.
696 2959 814 2997 Recepi
838 2959 1002 2995 ualetudo,
1029 2963 1064 2989 ut
1090 2957 1122 2988 S.
1150 2958 1190 2995 ΙΙ,
1219 2959 1246 2993 2,
1275 2959 1326 2994 88,
1367 2957 1419 2986 ubi
1445 2956 1492 2997 γΙ)
1519 2956 1640 2986 habent
1665 2964 1680 2984 e
1703 2959 1784 2985 mut.
1811 2956 1844 2984 in
1871 2956 1891 2992 i,
1917 2960 1953 2984 ut

119 3020 227 3046 nostro
252 3017 321 3046 loco
346 3016 375 3045 A
402 3016 449 3047 St.
477 3015 582 3046 Germ.
610 3020 669 3046 etc.
708 3014 797 3044 Cous,
827 3015 881 3044 lib.
909 3015 948 3045 de
974 3015 1043 3045 cod.
1070 3015 1161 3044 Baro.
1191 3024 1218 3052 p.
1247 3014 1297 3043 22.
1326 3013 1459 3043 Sanitas
1485 3013 1581 3043 robur
1605 3013 1653 3054 γΙ).
1681 3011 1763 3042 conf.
1792 3011 1835 3041 C:
1864 3012 1952 3040 sani-

119 3075 169 3102 tas
194 3064 228 3102 etv
245 3073 340 3102 robur
376 3072 523 3111 corporis.
550 3073 620 3102 rell.
647 3081 708 3102 om.
777 3072 832 3111 19)
857 3071 944 3102 Mod.
971 3073 1040 3101 uita
1063 3071 1118 3113 γΟ.
1146 3071 1276 3101 Lemma
1300 3079 1360 3099 non
1384 3068 1465 3108 dtfic.
1504 3068 1695 3107 interposui.
1734 3077 1790 3107 per
1814 3072 1899 3098 cont.
1924 3077 1951 3109 γ.

121 3137 141 3157 a
164 3129 247 3159 mod.
273 3138 304 3159 u.
331 3138 360 3168 p.
389 3133 473 3159 cont.
499 3130 529 3158 b.
555 3128 627 3158 rell.
645 3138 707 3157 om.
