2148 3412
142 964 177 994 10

136 1333 174 1362 15

205 159 286 199 328
841 169 944 200 Aca.
970 169 1030 199 ET
1056 168 1222 202 PORPH.
1249 168 1398 200 COMM.

319 294 384 334 34.
416 294 481 333 35.
515 294 647 348 ecquis
681 293 836 335 Audit?
892 290 1027 333 Nemo
1059 292 1194 333 auditl

318 368 382 407 35.
416 381 505 406 cum
526 381 671 420 maqno
694 367 866 407 blateras
889 368 1071 409 clamore.
1135 365 1364 424 [maceras]
1400 365 1565 415 Latum,
1612 367 1832 416 uociferas‚
1880 353 2035 408 clamas

205 440 292 481 sine
324 439 507 488 ratione3
540 440 651 480 unde
683 451 722 480 et
753 440 981 481 balatrones
1015 439 1154 496 [quasi
1176 438 1447 495 blaterones].
1508 439 1710 481 blaterare
1732 439 1843 480 enim
1865 439 2035 495 proprie

205 520 284 554 est:
316 513 456 568 inepte
489 512 682 554 clamare.
745 512 1028 568 Μωρολογεῖς.

316 588 512 642 fugyisqne.
572 586 793 641 Expressit
825 587 1090 628 uelocitatem
1122 586 1303 627 hominis
1334 586 1569 627 festinantis
1600 586 1653 626 ad
1686 601 1871 627 caenam.

318 661 383 701 36.
416 661 612 703 Muluius.
674 659 816 702 Ordo:
850 662 1035 703 Muluius
1067 667 1106 701 et
1137 675 1305 702 scurrae
1336 660 1558 701 discedunt
1591 660 1771 716 [precati
1801 659 1891 708 tibi,
1929 674 2035 714 quae

204 733 381 787 repetita
412 748 496 774 non
542 733 752 774 debebant
799 733 971 790 audiri]
1049 735 1119 776 (ibi
1144 749 1223 776 non
1256 735 1470 788 reserenda
1497 735 1664 789 precati.
1739 731 1860 786 Quae
1903 733 2036 788 repeti

204 806 374 847 omnino
405 822 489 848 non
521 807 714 855 debcant,
748 815 785 848 et
819 822 926 862 quae
948 823 1031 850 non
1054 807 1208 849 debeas
1230 807 1387 848 audire.
1442 810 1608 864 precati.
1638 806 1864 862 Inprecati.
1927 804 2036 847 Cum

204 880 302 921 ieris
335 880 509 937 [inquit]
543 881 596 921 ad
630 881 934 931 Maecenatem,
981 881 1170 923 Muluius
1209 889 1246 922 et
1293 880 1447 922 caeteri
1493 880 1667 935 parasiti
1712 881 1772 921 tui
1818 879 2036 921 discedunt

205 953 343 995 tristes
374 954 581 1009 inprecati
613 955 689 996 tibi
721 970 769 995 ea
800 955 945 1003 uerba,
984 970 1090 1010 quae
1121 971 1204 997 non
1237 954 1364 996 debes
1395 954 1560 1004 audire;
1599 955 1694 996 ideo
1726 962 1861 995 autem
1894 954 2036 1008 inpre-

203 1027 419 1077 cabantur,
452 1029 651 1082 quoniam
684 1029 838 1080 dolent,
872 1044 915 1071 se
947 1030 1134 1084 priuatos
1166 1044 1297 1070 caena
1328 1036 1505 1083 patrono
1540 1027 1653 1085 [suo]
1688 1028 1791 1069 foris
1814 1035 2034 1076 caenante;

202 1109 270 1142 aut
302 1101 506 1143 conuiuae
539 1102 707 1143 Horatii
739 1111 834 1144 sunt
865 1103 917 1144 ab
950 1117 997 1144 eo
1019 1103 1241 1145 festinante
1264 1102 1453 1144 derelicti
1475 1109 1544 1143 aut
1567 1101 1739 1143 clientes
1760 1101 2035 1151 Maecenatis,

202 1190 307 1229 quos
339 1174 544 1217 Horatius
576 1191 750 1230 pascere
783 1186 1069 1218 consueuerat.

315 1250 380 1290 37.
413 1250 478 1290 38.
513 1252 668 1291 ‘etenim
697 1251 829 1305 fateor
860 1251 947 1300 νῆες’
989 1251 1141 1292 dixerit
1171 1251 1249 1298 ille,
1270 1251 1478 1292 —m'dore
1498 1251 1682 1305 supinor.
1756 1249 1851 1291 Hoc
1883 1256 1922 1290 et
1942 1248 2035 1290 Ho-

201 1323 332 1364 ratius
364 1330 401 1363 et
434 1322 624 1365 Muluius
656 1323 816 1376 possint
849 1323 1001 1365 dicere.
1062 1322 1265 1364 Aliter:
1300 1323 1396 1364 Hoc
1426 1322 1633 1364 Horatius
1664 1323 1742 1364 ait:
1789 1323 1942 1364 etenim
1972 1324 2035 1364 fa-

200 1404 301 1445 teor,
334 1411 399 1437 me
423 1396 509 1436 risu
531 1392 720 1446 dissolui,
752 1397 786 1437 si
809 1397 879 1437 ille
902 1411 967 1437 me
999 1397 1114 1438 auidi
1145 1397 1305 1439 uentris
1337 1397 1463 1446 dicat,
1496 1398 1567 1452 qui
1598 1404 1659 1438 est
1690 1396 1890 1453 gulosior,
1923 1396 2033 1453 [qui]

199 1480 239 1511 et
269 1485 407 1511 meam
438 1470 606 1524 adpetat
638 1485 839 1511 mensam.
900 1472 1039 1513 nidore
1071 1478 1208 1512 autem
1240 1486 1324 1513 non
1356 1473 1477 1513 odore
1510 1481 1650 1521 tracto,
1684 1471 1757 1513 sed
1789 1473 1887 1521 risu,
1925 1470 2035 1512 unde

199 1552 236 1584 et
269 1546 431 1585 renidet.
463 1545 620 1585 dederit.
680 1543 786 1585 Pro:
823 1546 984 1586 dixero!
1006 1547 1106 1600 quis.
1170 1542 1217 1586 Si
1248 1544 1419 1586 Horatii
1450 1545 1581 1586 uerba
1614 1552 1721 1594 sunt,
1753 1545 1817 1587 ille
1847 1544 2035 1587 Muluius

198 1617 549 1673 intellegendumg
583 1618 617 1659 si
648 1633 772 1659 uersa
807 1617 912 1668 uice,
947 1618 1162 1660 Horatius.
1573 1606 1577 1609 ⁴

311 1692 377 1733 38.
414 1693 521 1733 Duci
544 1701 681 1734 uentre
704 1694 840 1734 leuem.
900 1692 1185 1734 Luxuriosam
1206 1707 1297 1734 esse
1323 1702 1362 1733 et
1382 1693 1479 1734 duci
1502 1693 1608 1734 escis
1639 1691 1856 1747 pretiosis3
1891 1695 2035 1735 leuem:

199 1780 409 1821 sagacem.

315 1989 346 2027 1)
375 1990 470 2018 Nemo
496 1990 586 2018 audit
611 1999 638 2032 γ.
671 1990 792 2019 nemon'
820 1987 934 2019 audit?
973 1990 1135 2028 expressit
1161 1990 1365 2020 uelocitatem
1392 1991 1528 2020 hominis
1554 1991 1593 2020 ad
1620 2000 1749 2021 coenam
1775 1990 1971 2020 accelerantis
1996 1990 2031 2019 C.

197 2046 267 2075 rell.
295 2055 356 2075 om.
408 2047 441 2084 ’2)
467 2046 615 2075 Blateras
636 2046 663 2082 Q
681 2047 779 2076 tacite
805 2047 948 2076 iterauit.
971 2064 1011 2067 —
1029 2047 1229 2080 uociferari-5.
1257 2048 1419 2076 exclamas
1444 2049 1726 2085 praetermodum,
1753 2048 1829 2077 hine
1853 2047 2031 2082 blata-ones,

199 2103 343 2132 clamosi.
370 2113 443 2132 nam
469 2104 548 2132 blut.
576 2108 635 2133 etc.
676 2103 710 2132 C.
738 2103 897 2132 uociferor
927 2103 1141 2142 frequentius,
1178 2103 1353 2134 not-iseram
1382 2104 1471 2133 Varr.
1498 2104 1535 2134 R.
1561 2105 1596 2134 R.
1623 2105 1680 2141 ΙΙΙ,
1708 2107 1736 2134 9.
1765 2106 1793 2135 5.
1858 2106 1892 2144 3)
1920 2109 1946 2134 et
1970 2106 2031 2134 bal.

196 2157 338 2201 ·,‹(G‘?Q).
366 2160 434 2189 rell.
462 2170 522 2189 om.
557 2165 596 2189 et.
631 2161 723 2198 quasi
756 2160 833 2189 blat..
867 2170 926 2189 om.
962 2159 1019 2189 vG.
1085 2161 1119 2199 4)
1145 2162 1237 2198 posui
1263 2162 1293 2191 h.
1321 2162 1340 2191 l.
1366 2158 1571 2204 μωρολογεῖς,
1600 2166 1702 2200 potest
1731 2163 1828 2191 etiam
1854 2162 2032 2192 infinitiuus

968 2185 972 2201 Ι

197 2213 391 2260 μωρολογεῖν
411 2218 531 2247 scholio
550 2218 695 2255 adiungi.
723 2227 755 2258 γε
783 2216 947 2256 ‘simisque
974 2212 1182 2257 ΜοΡολογεὲιο
1208 2218 1296 2258 (sic).
1323 2218 1363 2248 al.
1379 2217 1489 2257 sim-is?
1515 2218 1609 2257 Fuyz‘s
1636 2218 1789 2258 (mx-ath).
1817 2214 2032 2260 Μορολόγησις

196 2275 241 2304 fh.
268 2275 345 2304 huic
370 2275 440 2303 uoci
467 2279 549 2312 spat.
581 2284 649 2304 uae.
683 2276 881 2312 reliquerunt
913 2284 995 2303 mva.
1029 2285 1087 2304 om.
1118 2274 1151 2304 C.
1219 2276 1253 2314 6)
1280 2275 1420 2304 Muluius
1447 2285 1463 2316 γ
1490 2280 1520 2304 et
1547 2285 1656 2305 omnes
1682 2275 1748 2305 fere
1774 2276 1865 2306 codd.
1892 2275 2030 2305 Horatii.

196 2330 329 2360 Mz'luius
356 2331 448 2361 Baro.
475 2331 569 2360 Rern.
597 2332 624 2360 D
653 2336 684 2361 et
709 2331 795 2361 haud
820 2341 939 2369 paucae
965 2337 1044 2361 uett.
1073 2333 1155 2368 edd..
1197 2333 1332 2362 Aeronis
1369 2336 1476 2362 autem
1513 2330 1737 2371 iuvath(G?)
1765 2338 1795 2362 et
1822 2332 1856 2362 C.
1895 2333 1923 2361 Α
1949 2332 2030 2362 Por-

197 2389 355 2427 phyrione
381 2389 456 2418 huic
482 2389 606 2418 nomini
633 2389 777 2418 scholion
802 2398 865 2418 non
893 2389 1002 2418 (latum
1029 2394 1088 2418 est.
1118 2407 1159 2410 >ff
1185 2390 1306 2428 precati
1324 2407 1362 2410 β-
1382 2391 1487 2419 audiri
1512 2399 1571 2419 om.
1597 2399 1624 2431 γ,
1651 2390 1705 2428 qui
1730 2390 1844 2419 habet:
1873 2388 1975 2425 ‘Quae
1991 2405 2027 2409 —

197 2445 336 2477 audire.y
363 2446 433 2474 rell.
461 2455 520 2475 om.
586 2446 620 2484 8)
642 2445 768 2483 precati.
801 2446 960 2483 anrecati
986 2455 1012 2487 γ.
1040 2446 1111 2484 imp.
1146 2446 1181 2475 C.
1208 2447 1276 2476 rell.
1304 2455 1362 2476 om.
1429 2447 1462 2486 9>
1490 2447 1595 2485 inquit
1621 2455 1680 2476 om.
1707 2456 1734 2488 γ.
1802 2446 1857 2485 10)
1882 2440 2033 2484 imprecati

195 2511 220 2542 γ.
248 2503 318 2532 rell.
347 2503 562 2541 imprecantes.
614 2502 668 2540 11)
698 2512 753 2532 suo
780 2512 839 2531 om.
867 2512 894 2544 γ.
920 2503 988 2532 rell.
1041 2503 1096 2540 12)
1123 2503 1252 2532 Horatii
1277 2503 1335 2545 7G.
1364 2503 1433 2532 rell.
1460 2512 1519 2533 om.
1575 2503 1626 2541 14)
1653 2503 1741 2533 Haec
1767 2503 1887 2532 scholia
1912 2502 2030 2532 codicis

195 2569 211 2601 γ
236 2569 294 2597 ope
318 2568 335 2588 a
361 2569 410 2589 me
435 2560 613 2589 constituta
637 2559 867 2588 miserabiliter
892 2560 1011 2597 scripta
1037 2564 1194 2597 apparent
1220 2561 1252 2589 in
1277 2559 1433 2596 mvath:
1461 2560 1581 2589 ‘dixerit
1603 2560 1661 2589 ille.
1698 2560 1757 2589 Pro
1782 2560 1923 2596 dixerat,
1949 2567 2029 2597 quae

196 2616 300 2654 (quasi
330 2617 417 2656 mva)
444 2616 573 2645 Horatii
600 2617 696 2646 uerba
722 2620 808 2653 sunt,
846 2616 904 2645 Ille
930 2620 961 2644 et.
986 2616 1119 2645 Miluius
1147 2621 1274 2654 possunt
1298 2617 1410 2648 dicere.
1450 2618 1500 2646 uel
1526 2617 1680 2646 Horatius
1713 2617 1771 2646 hoc
1797 2617 1860 2646 ait:
1900 2616 2028 2645 Etenim

197 2672 297 2702 fateor
324 2691 361 2693 —
390 2674 443 2711 qui
471 2672 592 2712 (quippe
618 2673 672 2710 qui
707 2672 789 2711 th)
827 2681 854 2701 et
888 2682 989 2701 meam
1022 2676 1151 2710 appetat
1185 2683 1338 2705 mensam,
1371 2683 1430 2703 om.
1467 2674 1577 2703 nidore
1603 2691 1643 2694 ἢ
1669 2673 1833 2703 Horatius.
1868 2672 1896 2707 Q
1925 2671 2030 2701 adfert

196 2731 292 2759 haee:
321 2731 387 2759 ‘ille
413 2730 546 2759 Miluius
574 2729 807 2768 intellegendus
841 2734 889 2759 est
922 2730 982 2759 hoc
1007 2734 1114 2758 tamen
1142 2734 1171 2760 et
1204 2731 1280 2760 Hor.
1308 2735 1339 2760 et
1364 2731 1498 2760 Miluius
1524 2734 1652 2768 possunt
1676 2730 1781 2758 dicere
1807 2733 1866 2759 etc.
1893 2730 1939 2759 sic
1963 2727 2027 2758 cod.

196 2787 252 2815 sed
277 2796 316 2816 ne
342 2788 393 2816 his
420 2788 548 2825 quidem
574 2788 678 2816 locum
704 2790 887 2824 corruptum
914 2795 1026 2815 sanare
1056 2787 1155 2824 potui.
1206 2787 1297 2816 Adde
1334 2786 1417 2825 quod
1455 2790 1526 2825 post
1562 2796 1693 2816 mensam
1730 2787 1796 2816 eod.
1832 2786 1914 2815 Med.
1950 2786 2028 2814 haec

195 2848 344 2881 corrupta
371 2844 509 2873 addunt:
540 2843 644 2872 nidor-e
670 2847 776 2873 autem
803 2843 896 2872 animi
920 2842 956 2872 ab
981 2843 1070 2872 odore
1097 2847 1222 2872 tractum
1240 2844 1292 2873 sed
1309 2845 1374 2873 risu
1393 2844 1476 2872 unde
1495 2848 1526 2873 et
1544 2843 1666 2873 renidet.
1686 2843 1766 2872 conf.
1784 2841 2028 2881 Porphyrionica

196 2910 277 2937 quae
304 2905 463 2929 secuntur.
493 2901 575 2929 unde
602 2902 626 2929 si
654 2900 837 2929 Acroniana
863 2904 939 2928 sunt
967 2901 1198 2929 emcmlentur.'
1249 2901 1427 2930 Dicendum
1454 2904 1560 2929 autem
1588 2904 1646 2934 est„
1673 2904 1703 2929 et
1729 2909 1757 2931 v,
1784 2903 1819 2928 ut
1844 2909 1884 2935 m.
1910 2899 2026 2927 habere

196 2957 293 2985 uerba
318 2957 421 2986 nidore
447 2962 543 2986 acerem
568 2957 662 2986 (mimi
686 2957 722 2986 ab
746 2957 837 2986 odore
863 2960 991 2985 [mictum
1015 2956 1068 2985 sed
1091 2961 1164 2991 ete,
1203 2967 1283 2995 quae
1308 2958 1483 2986 Ascensius
1510 2958 1555 2985 sic
1581 2957 1750 2985 emendare
1775 2956 1895 2985 uoluit:
1933 2965 1952 2983 a
1976 2955 2025 2983 ni—

196 3013 252 3041 mio
278 3013 371 3042 odore
398 3017 535 3042 tractum
560 3024 619 3043 seu.
647 3014 689 3043 C:
731 3015 922 3052 quicumque
948 3012 1056 3042 fuerit.
1083 3013 1153 3042 duci
1177 3018 1277 3043 uentre
1302 3013 1357 3043 Ieu.
1390 3022 1457 3042 esse
1490 3013 1665 3050 glutonem,
1703 3013 1918 3041 luxuriosum.
1971 3011 2024 3049 18)

198 3069 328 3098 ,lliluius
356 3069 438 3098 libri.
467 3071 713 3108 intellegendum
741 3080 766 3111 γ.
795 3071 914 3099 seruari
954 3073 1059 3107 potest
1094 3071 1156 3099 ita:
1183 3070 1232 3100 ille
1269 3071 1475 3108 (uocabulum
1511 3070 1561 3098 uel
1597 3070 1796 3108 pronomen).
1835 3068 2025 3105 intellegen-

1160 3126 1222 3157 Pro
1249 3127 1378 3163 disserat,
1404 3136 1478 3166 [lacte
1504 3126 1607 3165 (quasi
1631 3126 1674 3165 Gr)
1701 3125 1777 3155 Hor.
1804 3124 1922 3160 vath.

196 3126 250 3154 das
281 3127 404 3155 (ΞΛΜ-μ..
433 3127 554 3155 dixerit
580 3134 676 3165 (omn.
706 3128 796 3166 libri)
823 3127 944 3156 dia-erac
966 3126 1030 3164 quz's
1056 3127 1081 3155 si
1114 3151 1119 3168 ι
