2148 3412
850 129 898 160 IN
924 129 1068 162 EPIST.
1095 131 1121 168 1,
1150 134 1178 163 1.
1856 126 1934 166 371

104 249 240 293 habet.
301 249 543 308 [Sententia
575 248 835 294 Stoicorum:
866 252 919 294 In
948 254 1028 296 hoc
1050 254 1218 310 sapiens
1239 256 1377 299 minor
1398 264 1458 300 est
1479 257 1596 310 Ioue,
1628 258 1728 315 quia
1748 259 1936 302 moritur.

103 323 301 365 Aliter:
332 323 480 367 Minor
508 324 611 367 Ioue
642 333 716 376 est,
750 326 863 381 quod
893 327 937 367 in
969 327 1085 369 caelo
1115 344 1200 371 non
1231 329 1325 387 est]

207 398 363 452 pituita.
421 396 599 453 Proprie
629 405 691 440 est
720 398 892 442 morbus
923 401 1086 455 capitis,
1119 403 1187 444 uel
1217 403 1367 446 uitium
1399 405 1655 461 gallinarum
1687 415 1811 463 atque
1839 409 1934 464 pul-

102 469 249 512 lorum.

831 602 1186 649 PORPHYRION.

212 692 352 733 Prima
384 692 483 733 dicte
512 692 618 742 milii,
651 706 809 734 summa
841 694 892 734 di.
931 694 998 736 Ca.
1057 694 1203 738 Flacci
1233 695 1526 753 Epistularum
1557 699 1657 741 libri
1688 701 1808 743 titulo
1839 708 1932 744 tan-

98 771 184 806 tum
214 764 439 807 dissimiles
470 780 494 806 a
517 765 676 821 (libris)
700 764 954 808 Sermonum
987 774 1093 817 sunt,
1124 785 1222 811 nam
1255 777 1295 812 et
1328 771 1527 828 [metrum
1558 781 1598 815 et
1628 775 1805 816 materia
1834 791 1931 818 uer-

97 838 244 881 borum
274 838 333 895 et]
365 838 487 880 metri
510 845 550 880 et
569 838 796 881 uerborum
818 842 1053 884 communis
1074 843 1314 900 adsumptio
1337 845 1485 887 eadem
1507 853 1579 888 est.
1641 845 1760 899 Quos
1791 850 1931 904 operis

96 912 159 955 sui
188 912 355 954 ultimos
386 926 475 954 esse
506 912 597 968 ipse
627 919 802 954 testatur
832 913 1086 969 Maecenati,
1118 931 1212 958 cum
1244 918 1359 969 dicit,
1390 919 1512 961 finire
1543 935 1586 962 se
1618 935 1791 976 operam
1822 924 1930 966 uelle
1958 936 1998 967 10

97 993 136 1027 et
163 985 455 1042 philosophiae
486 986 611 1028 malle
642 987 861 1029 inseruire.

205 1061 242 1100 4.
283 1061 466 1103 Veianius
496 1062 635 1102 armis.
695 1060 933 1113 Veianius,·
960 1063 1114 1106 nobilis
1146 1065 1370 1121 gladiator,
1417 1075 1512 1123 post
1556 1069 1709 1111 multas
1751 1069 1928 1125 palmas,

96 1133 347 1176 consecratis
377 1133 556 1177 Herculi
586 1134 795 1177 Fundano
827 1136 956 1178 armis
987 1137 1085 1188 suis,
1130 1138 1340 1197 [tandem]
1374 1140 1418 1181 in
1448 1141 1633 1198 agellum
1665 1157 1708 1185 se
1741 1144 1927 1186 contulit.

96 1206 227 1250 Cuius
257 1208 451 1264 exemplo
482 1209 586 1251 dicit
616 1216 794 1252 aetatem
826 1225 942 1252 suam
975 1218 1015 1252 et
1046 1213 1309 1267 propositum
1341 1214 1547 1269 inpedire,
1580 1231 1633 1258 ne
1663 1217 1707 1258 in
1740 1217 1927 1260 scriben-

94 1281 157 1324 dis
189 1281 278 1339 [iis]
313 1282 571 1324 carminibus
602 1291 857 1339 perseueret.
1958 1304 1994 1335 15

205 1356 268 1397 10.
302 1365 336 1398 et
367 1365 525 1398 caetera
557 1359 639 1400 lud.
656 1373 778 1414 pono.
838 1356 926 1408 Ait,
959 1372 1013 1407 εθ,
1046 1359 1250 1414 depositis
1280 1361 1445 1404 leuibus
1476 1363 1672 1406 fomentis
1703 1364 1847 1416 animi,
1884 1366 1926 1406 id

92 1434 164 1479 est,
195 1428 299 1472 iocis
330 1445 380 1472 ac
410 1430 617 1482 uersibus,
663 1431 863 1473 transisse
895 1431 948 1472 ad
979 1432 1163 1474 studium
1194 1434 1488 1491 philosophiae
1521 1444 1561 1478 et
1591 1445 1819 1494 praecepta
1850 1454 1926 1480 sa·-

90 1502 295 1559 pientium
339 1504 480 1546 animo
527 1505 799 1560 (sapientiae)
846 1505 1039 1556 condere,
1087 1522 1196 1562 quae
1228 1516 1373 1563 postea
1406 1510 1447 1551 in
1479 1525 1600 1552 usum
1632 1518 1770 1553 rectae
1815 1512 1926 1555 uitae

90 1577 277 1632 proferre
308 1578 452 1633 possit.

203 1666 236 1706 1)
261 1666 431 1697 Sententia
448 1684 488 1687 -η
510 1668 558 1697 est
582 1676 643 1697 om.
668 1666 756 1708 ·sl)‚C.
805 1667 841 1706 3)
863 1667 972 1705 pituita
999 1671 1048 1698 est
1074 1669 1191 1699 lemma
1217 1671 1249 1700 in
1274 1671 1392 1713 ·sb‚th
1417 1672 1537 1703 habent
1561 1672 1623 1702 nisi
1646 1682 1710 1702 cum
1727 1673 1840 1712 pituita
1863 1686 1925 1704 mo-

89 1722 160 1753 lesta
183 1727 233 1753 est.
259 1733 299 1753 va
324 1727 469 1754 carentes
494 1724 644 1754 lemmate
669 1728 826 1762 pergunt:
864 1724 987 1754 Pituita
1012 1731 1115 1756 autem
1142 1731 1201 1757 est.
1239 1729 1372 1767 Proprie
1397 1730 1446 1772 γΙ).
1472 1731 1542 1759 rell.
1572 1729 1708 1761 Pituita.
1737 1730 1778 1760 C:
1804 1732 1923 1770 pituita

89 1781 224 1818 proprie.
242 1780 291 1810 uel
306 1781 381 1823 -sbR
409 1781 450 1810 ad
474 1791 504 1810 v.
532 1780 617 1810 conf.
645 1780 686 1810 C:
715 1780 942 1819 ‘metaphoricos
966 1782 1152 1821 transfertur
1176 1795 1195 1814 (ι
1219 1785 1290 1814 uitio
1316 1787 1509 1824 gallinarum
1535 1790 1566 1816 et
1592 1788 1776 1826 pullorum.⁷
1803 1788 1925 1819 Ascen-

89 1837 153 1868 sius
179 1847 249 1868 cum
267 1837 405 1868 Curione
431 1839 629 1876 interposuit
654 1837 835 1876 ilsethileorcc
861 1838 984 1877 (capitis
1008 1841 1182 1879 metaphora
1206 1842 1248 1871 ad
1269 1843 1403 1882 uitium),
1432 1845 1463 1873 id
1490 1845 1574 1883 quod
1599 1850 1759 1883 repugnat
1787 1848 1922 1876 sermoni

88 1894 229 1925 Acronis.
253 1879 497 1933 ¹Dillenburger.
526 1895 706 1934 (Program.
733 1894 851 1934 Gymn.
877 1905 905 1926 a.
935 1897 1018 1926 1841
1046 1907 1075 1936 p.
1103 1897 1138 1937 9)
1174 1899 1234 1929 hoc
1259 1900 1519 1931 additamentum
1558 1903 1752 1940 superfluum
1794 1912 1835 1932 ex
1872 1904 1920 1932 ed.

88 1950 163 1982 Bas.
190 1952 275 1982 1527
302 1951 369 1990 (ap.
394 1952 603 1981 Valentinum
629 1951 815 1991 Curionem)
843 1953 995 1983 inducere
1019 1954 1132 1984 uoluit.
1159 1955 1244 1985 Hinc
1270 1956 1312 1991 Q:
1332 1975 1371 1977 —
1387 1959 1516 1995 capitis.
1542 1958 1729 1997 Metaphora
1747 1961 1788 1989 ad
1805 1960 1922 1989 uitium

90 2008 163 2046 gall.
188 2013 216 2038 et
238 2009 405 2047 pullorum.
431 2013 528 2047 atque.
554 2010 601 2050 γΙ).
627 2008 676 2038 uel
698 2009 787 2038 vafh.
815 2008 932 2039 Glossa
958 2011 991 2040 in
1016 2010 1085 2054 Btp:
1113 2012 1228 2050 flegma
1254 2014 1381 2051 capitis,
1409 2014 1554 2053 Longius
1573 2016 1670 2046 schol.
1691 2026 1732 2046 ex
1750 2017 1818 2046 cod.
1838 2016 1920 2046 The-

87 2068 206 2103 venot.‚
232 2066 296 2104 qui⁷
322 2069 406 2095 teste
432 2064 555 2102 Geelio,
581 2069 726 2104 tempora
751 2067 904 2096 inuentae
929 2068 1009 2097 artis
1033 2072 1163 2106 typogr.
1191 2079 1254 2099 non
1282 2075 1424 2109 superat,
1451 2081 1501 2109 ap.
1528 2071 1697 2111 Suringar.
1713 2073 1771 2111 ΙΙΙ,
1787 2083 1816 2112 p.
1837 2074 1919 2104 180:

89 2138 129 2142 —-
155 2123 304 2161 —-‘poeta
329 2125 420 2153 notat
447 2123 575 2152 inanem
601 2124 759 2162 gloi·Iani‚'
786 2124 907 2153 nullius
934 2124 1030 2162 pretii
1056 2128 1115 2154 est.

197 2178 352 2209 PORPH.
400 2179 432 2219 †)
458 2180 493 2209 In
520 2181 720 2210 emendando
747 2184 778 2210 et
804 2181 1030 2211 constituendo
1061 2181 1297 2221 Porphyrionis
1324 2183 1562 2216 Commentario
1589 2186 1812 2224 Epistularum
1843 2197 1919 2217 usus

87 2243 155 2264 sum
179 2236 340 2266 codicibus
366 2236 492 2274 MRA2‚
519 2238 700 2276 adsumptis
727 2238 897 2276 aliquoties
922 2238 984 2281 Βφ,
1011 2238 1083 2268 Par.
1113 2240 1209 2277 7987,
1237 2242 1322 2279 sign.
1350 2251 1380 2279 g,
1408 2243 1558 2281 aliisque,
1585 2253 1717 2281 quorum
1744 2245 1919 2282 descriptio

87 2291 161 2321 data
187 2296 236 2322 est
260 2294 294 2323 in
319 2294 367 2323 ed.
394 2293 482 2332 Lips.
510 2303 539 2332 p.
569 2295 712 2331 13-19,
738 2297 833 2333 atque
858 2302 1026 2325 ammons
1052 2303 1215 2326 rameirr.
1241 2297 1389 2328 Venetiis
1425 2308 1508 2329 anno
1545 2298 1831 2330 MCCCCLXXXI
1869 2302 1918 2330 in-

91 2356 199 2386 pressa
223 2349 286 2389 (v),
314 2351 353 2380 de
378 2360 440 2389 qua
464 2351 538 2381 uide
564 2361 661 2390 supra
685 2361 715 2389 p.
742 2353 806 2382 3¹³2
833 2356 863 2382 et
889 2353 939 2382 ed.
967 2352 1056 2390 Lips.
1083 2362 1113 2390 p.
1142 2354 1285 2383 26430.

194 2415 472 2438 INSCRIPTIONEs:
499 2401 624 2439 INCIP.
651 2408 775 2438 EPIST
786 2408 959 2439 VLARVM
984 2409 1064 2439 LIB.
1090 2409 1115 2439 I.
1143 2410 1219 2449 (M).
1256 2412 1330 2440 uide
1357 2421 1452 2449 supra
1477 2422 1505 2450 p.
1534 2413 1609 2443 349.
1648 2413 1804 2443 Eiusdem
1840 2414 1917 2444 Por-

87 2462 238 2500 phirionis
264 2465 296 2494 in
322 2465 475 2502 epistolas
501 2466 627 2496 Horatii
652 2465 759 2495 Flacci
786 2467 950 2504 expositio
975 2466 1133 2496 foeliciter
1159 2467 1275 2505 incipit
1301 2468 1369 2507 (R).
1408 2468 1576 2506 Pomponii
1614 2470 1846 2510 Porphyrionis
1884 2472 1916 2500 in

87 2520 239 2557 epistolas
266 2521 393 2552 Horatii
422 2523 618 2553 comentaria
647 2522 709 2561 (v).
748 2521 917 2552 Caeterum
945 2523 996 2552 hic
1024 2523 1105 2553 mihi
1135 2524 1308 2554 dicendum
1336 2529 1396 2563 est⁷
1435 2527 1657 2564 memetipsum
1685 2527 1725 2556 ad
1750 2527 1916 2565 Epistulas

87 2577 257 2607 contulisse
282 2582 346 2608 uet.
373 2579 442 2609 cod.
468 2579 512 2608 M.
561 2579 712 2617 Epistula
736 2580 839 2617 prima
865 2580 898 2609 in
925 2580 1016 2610 codd.
1043 2583 1074 2609 et
1101 2581 1149 2610 ed.
1177 2582 1278 2619 princ.
1306 2583 1572 2621 inscriptionibus
1600 2588 1697 2613 caret.

197 2634 231 2673 7)
257 2635 356 2665 dictae
375 2653 413 2656 —-
432 2636 584 2665 dicendae
608 2646 638 2666 v.
665 2636 772 2666 Flacci
799 2646 858 2665 om.
885 2636 948 2679 Βφ.
978 2655 1017 2657 ⁷—
1042 2640 1168 2667 tantum
1191 2638 1309 2668 nomine
1333 2639 1395 2683 Βφ.
1423 2649 1441 2668 a
1465 2641 1613 2670 sermonfi
1636 2640 1670 2669 M
1697 2640 1818 2680 (Halm.
1845 2651 1915 2680 per-

87 2698 209 2728 peram:
235 2701 254 2721 a
278 2692 485 2732 sermonibus)
512 2692 697 2735 RA*5G(Q).
724 2703 741 2722 a
758 2693 844 2723 libris
861 2703 1044 2725 sermonum
1061 2694 1124 2738 Βφ.
1151 2705 1169 2725 a
1195 2705 1375 2727 sermonum
1401 2697 1493 2726 libris
1513 2698 1541 2727 2.
1568 2707 1587 2727 a
1612 2698 1802 2728 sermonibus
1826 2698 1914 2729 vafh.

88 2747 122 2786 8)
145 2752 177 2778 et
200 2752 335 2779 metrum
361 2754 392 2780 et
416 2751 553 2781 materia
578 2752 745 2781 uerborum
772 2755 802 2781 et
827 2751 954 2781 MRA2.
982 2756 1013 2782 et
1038 2755 1175 2783 metrum
1202 2756 1233 2783 et
1258 2754 1427 2783 uerborum
1460 2764 1571 2784 comm.
1609 2764 1638 2783 v.
1676 2758 1707 2784 et
1743 2756 1846 2792 metri,
1886 2761 1917 2785 et

87 2805 250 2836 uerborum
274 2816 385 2837 comm.
411 2807 476 2837 afh.
503 2809 586 2838 hanc
610 2809 684 2838 lect.
713 2809 831 2846 recepi,
856 2818 929 2838 nam
953 2809 1083 2839 materia
1109 2819 1149 2840 ex
1177 2814 1301 2840 metrum
1338 2814 1440 2840 ortum
1478 2811 1618 2840 uidetur.
1686 2812 1741 2850 10)
1768 2812 1831 2841 suis
1857 2813 1914 2842 Rv.

86 2864 261 2901 assumptio
285 2864 334 2893 sui
358 2874 389 2902 v,
415 2875 475 2895 om.
502 2866 533 2895 h.
559 2866 579 2894 l.
607 2865 718 2895 eadem
744 2869 802 2895 est.
831 2864 918 2900 Quos
944 2867 1057 2904 operis.
1122 2867 1178 2906 12)
1203 2867 1341 2897 Veiamcs
1366 2868 1399 2897 in
1425 2868 1524 2897 schol.
1553 2872 1584 2897 et
1608 2868 1714 2898 lemni.
1740 2868 1839 2899 M‘JG.
1865 2880 1914 2900 ne-

85 2916 192 2949 ianz'us.
218 2919 390 2959 Comparat
417 2931 451 2951 se
474 2922 586 2951 ueiano
612 2926 673 2952 etc.
689 2921 752 2964 Βφ.
803 2921 859 2960 13)
887 2922 1019 2952 tandem
1044 2922 1109 2952 afh.
1136 2924 1234 2953 armis
1261 2925 1369 2954 eadem
1396 2928 1461 2953 est:
1489 2933 1566 2962 quos
1593 2925 1697 2962 operis
1722 2925 1784 2955 suis
1802 2925 1835 2955 in
1862 2936 1912 2964 ag.

87 2983 121 3004 se
144 2978 278 3007 contulit
302 2989 322 3008 v
347 2977 457 3016 (extra
482 2979 549 3008 ord.
576 2979 658 3009 conf.
684 2979 779 3008 schol.
806 2980 980 3018 praeced).
1008 2997 1050 3000 —
1075 2981 1142 3010 suis
1168 2991 1227 3011 om.
1256 2982 1321 3011 afh.
1389 2981 1443 3019 14)
1471 2981 1616 3018 inpedire
1640 2980 1682 3010 M.
1707 2981 1863 3019 impedire
1888 2983 1914 3012 R

87 3030 181 3070 (corr.
207 3043 248 3063 ex
272 3035 428 3075 inuenire)
454 3035 543 3074 Aget
560 3034 599 3065 G.
619 3037 659 3065 iis
677 3036 744 3065 afh.
811 3036 866 3074 16)
892 3035 966 3066 fom.
994 3036 1056 3066 leu.
1082 3037 1171 3067 vafh.
1225 3038 1279 3077 18)
1307 3038 1507 3076 transposui:
1527 3047 1573 3075 pr.
1593 3038 1788 3076 sapientium
1806 3041 1913 3070 animo

87 3089 229 3120 condere.
254 3091 331 3122 MR:
357 3102 405 3130 pr.
430 3093 537 3122 animo
562 3092 755 3131 sapientium
779 3092 926 3123 condere.
953 3094 1127 3132 sapientum
1152 3095 1192 3124 A.
1219 3095 1396 3133 sapientiae
1421 3093 1482 3124 2G.
1509 3095 1738 3132 sapientissime
1763 3096 1851 3126 vassi.
1872 3114 1912 3117 —-

88 3150 164 3176 reete
186 3145 233 3177 fh.
289 3148 344 3189 19)
371 3149 511 3188 proferre
535 3150 639 3188 possit
664 3149 735 3180 MR.
761 3149 830 3180 rell.
858 3149 996 3188 proferri
1018 3150 1144 3189 possint.

1725 3218 1775 3241 ’με
