2148 3412
875 116 924 148 IN
949 117 1095 150 EPIST.
1121 118 1146 157 Ι,
1173 121 1203 150 3.
1871 111 1951 151 387

233 253 303 281 seu
333 251 483 281 rerum.
540 237 630 281 Aut
659 238 774 294 ipsos
803 239 990 283 iuuenes.
1049 242 1219 284 msez'tz'a.
1250 241 1470 299 Inperitia,
1503 243 1602 299 quia
1633 251 1827 300 expertes
1857 245 1956 287 estis

121 311 428 368 philosophiae.

235 386 300 427 36.
333 386 522 428 Pascitur
552 391 594 428 in
626 401 665 428 u.
697 387 781 428 red.
812 396 892 429 ποι.
923 389 1107 430 τ’τιαεηοα.
1181 386 1289 430 Aut:
1329 404 1500 432 carmen
1530 406 1608 447 pro
1638 398 1778 434 uestro
1817 392 1955 434 reditu

122 458 340 509 scribetur,
372 465 462 501 aut:
494 459 723 502 immolabo
744 475 822 516 pro
853 460 974 503 uobis
1005 461 1240 503 iuuencam.
1300 462 1411 505 Nam
1441 463 1592 520 Lyrici
1622 465 1843 508 iuuencam
1873 466 1953 507 im-

120 531 289 583 molant,
321 531 497 588 Tragici
526 533 704 583 hircum,
736 533 807 574 alii
838 541 988 589 poetae
1019 541 1160 577 autem
1192 542 1370 579 taurum.

853 719 1213 766 PORPHYRION.

230 825 303 867 Ad
333 825 560 870 IVLIVM
590 826 851 870 FLORVM
883 828 1012 883 (hanc
1042 828 1221 880 scribit),
1256 829 1328 885 qui
1359 836 1544 872 saturam
1575 831 1756 887 scripsit.

232 902 267 941 l.
300 901 387 942 Iuli
415 901 545 951 Flore,
579 902 679 957 quib.
703 910 797 943 terr.
818 903 959 944 militet
980 903 1073 945 oris.
1133 901 1221 944 Hic
1241 901 1394 945 Florus
1417 903 1593 961 [scriba]
1618 905 1696 946 fuit
1717 912 1952 948 saturarum

118 973 309 1029 scriptor,
342 973 459 1016 cuius
490 981 586 1016 sunt
616 975 773 1016 electae
804 990 855 1016 ex
885 975 1041 1026 Ennio,
1087 975 1271 1027 Lucilio,
1318 976 1513 1019 Varrone
1545 985 1722 1021 saturae.
1782 979 1851 1021 Ex
1883 996 1952 1023 co—

117 1046 287 1089 mitibus
308 1047 548 1090 domesticis
571 1045 742 1090 Claudii
762 1049 854 1100 fuit,
878 1049 995 1091 cuius
1015 1049 1145 1091 frater
1166 1048 1347 1101 Drusus,
1386 1051 1470 1105 qui,
1504 1051 1688 1095 subactis
1712 1051 1952 1106 Germanis,

119 1121 389 1163 Germanicus
420 1121 558 1164 dictus
588 1129 660 1164 est.
721 1122 819 1178 Ipse
850 1122 1049 1165 Tiberius
1081 1123 1228 1166 doctus
1259 1124 1432 1166 comites
1463 1133 1503 1166 et
1534 1125 1678 1168 doctos
1709 1126 1867 1169 habuit.

229 1195 267 1236 3.
299 1196 433 1238 m'ualz'
461 1198 634 1253 conpede
664 1198 839 1239 uinctus.
903 1195 1017 1249 Quia
1050 1197 1319 1253 congelascit.

228 1270 266 1310 4.
298 1272 362 1311 An
391 1270 496 1324 freta
526 1272 604 1311 uie.
636 1271 854 1312 intercurr.
887 1272 1023 1313 turris.
1086 1271 1246 1327 (Freta)
1267 1270 1419 1313 Presse
1449 1271 1773 1315 inter-currentia
1803 1280 1951 1326 turres,

116 1341 258 1384 Herus
293 1350 333 1384 et
362 1342 566 1394 Leandri,
611 1343 720 1385 inter
752 1341 905 1385 Seston
940 1350 980 1385 et
1010 1342 1198 1400 Abydon
1238 1344 1423 1386 medium
1461 1352 1523 1388 est
1553 1345 1823 1402 Hellesponti
1869 1349 1953 1390 fre-

116 1423 216 1467 tum,
248 1416 336 1458 uel:
369 1416 560 1473 ipsarum
582 1417 751 1459 urbium
782 1424 931 1459 turres.

230 1491 264 1533 6.
302 1491 413 1542 Quid
442 1492 619 1533 studiosa
652 1491 793 1533 cohors
825 1507 885 1547 op.
919 1492 1069 1534 struit?
1131 1491 1281 1534 Cohors
1312 1506 1423 1533 nunc
1455 1494 1586 1535 (mu‘crz'.
1646 1492 1758 1535 Nam
1788 1501 1828 1536 et
1858 1495 1953 1537 Lu·-

117 1564 233 1607 ez'lz‘us
263 1578 346 1615 eos,
383 1565 458 1619 qui
488 1580 583 1607 cum
613 1565 880 1620 praesidibus
903 1565 955 1606 ad
977 1564 1179 1607 salarium
1201 1572 1312 1616 eunt,
1344 1568 1523 1609 mercede
1543 1581 1672 1610 meras
1694 1568 1863 1623 leqz‘ones
1883 1568 1952 1610 ait.

229 1639 265 1679 9.
303 1639 410 1689 Ouid
443 1640 586 1689 Titius,
618 1639 691 1681 Ro.
725 1639 781 1680 br.
812 1647 917 1681 uem.
949 1640 988 1680 in
1021 1653 1108 1680 ora.
1169 1638 1308 1681 Titius
1339 1646 1463 1695 poeta
1497 1640 1567 1683 hic
1597 1640 1832 1683 Pindarum
1862 1641 1950 1684 La-

228 1823 263 1863 3)
290 1823 368 1854 Post
391 1828 444 1854 aut
467 1824 558 1854 colon
584 1825 687 1862 posui.
747 1824 783 1863 4)
812 1823 973 1854 immolant
995 1832 1022 1865 γ.
1048 1823 1119 1853 rell.
1147 1823 1359 1855 immolabant.
1386 1824 1512 1864 Trayici
1536 1834 1564 1866 γ,
1590 1829 1624 1854 ut
1651 1825 1758 1856 Plaut.
1784 1825 1872 1856 Pers.
1898 1827 1952 1862 IV,

116 1880 147 1918 2,
172 1880 202 1910 4.
228 1880 358 1911 Petron.
388 1881 461 1911 132.
489 1885 520 1911 et
540 1885 646 1919 poetae
671 1880 737 1911 Cic.
766 1880 842 1919 Opt.
870 1879 908 1910 G.
936 1879 1026 1911 Orat.
1056 1882 1084 1917 1,
1111 1883 1141 1909 et
1166 1884 1284 1911 actm-es
1310 1881 1381 1911 Liu.
1408 1881 1524 1918 XXIV,
1553 1882 1593 1911 24
1620 1883 1666 1912 sic
1692 1883 1894 1920 dicebantur,
1922 1888 1953 1913 et

116 1937 260 1977 tragoedi.
287 1937 369 1967 conf.
397 1937 538 1973 Quintil.
564 1938 590 1974 Ι,
618 1939 654 1968 8:
681 1938 779 1967 utiles
811 1936 971 1977 Trayoecli,
998 1937 1087 1967 alunt
1112 1940 1144 1967 et
1169 1937 1287 1976 Lyrici.
1314 1937 1391 1968 Hor.
1419 1937 1456 1967 E.
1482 1937 1524 1976 ΙΙ,
1553 1939 1582 1976 2,
1612 1939 1692 1969 129;
1719 1940 1818 1970 miros
1844 1940 1954 1970 audire

116 1994 283 2034 tragoedos.
310 1994 376 2024 Cic.
405 1994 496 2025 Orat.
523 1995 548 2031 Ι,
576 1995 629 2025 28.

227 2050 383 2082 PORPH.
432 2050 534 2082 Codd.
559 2052 622 2081 MR
647 2056 678 2082 et
703 2062 724 2082 v
750 2056 862 2081 carent
888 2051 1113 2089 inscriptione.

208 2109 225 2138 9
250 2109 265 2148 )
292 2108 343 2138 Ad
369 2110 484 2139 iulium
510 2109 591 2139 hane
616 2110 728 2140 florum
755 2110 871 2139 scribit
896 2107 1001 2138 MRG.
1029 2118 1090 2138 om.
1118 2107 1239 2145 2,vafh.
1271 2112 1451 2138 saturarum
1465 2107 1508 2137 M.
1536 2107 1670 2139 satiram
1684 2108 1719 2140 P..
1770 2109 1827 2148 10)
1855 2114 1954 2140 terra-

8 2175 9 2178 *
50 2195 54 2197 Δ
116 2174 183 2195 rum
209 2165 315 2195 littoris
341 2164 418 2205 (sic)
445 2165 508 2195 MR
536 2175 592 2204 pro
629 2170 706 2196 terr.
744 2165 848 2195 militet
883 2164 955 2193 oris.
981 2182 1023 2184 —
1049 2164 1155 2195 scriba
1181 2164 1214 2193 M
1240 2163 1316 2202 (om.
1343 2165 1466 2204 Halm.)
1492 2165 1529 2195 R.
1556 2166 1671 2195 Scriba
1695 2165 1792 2196 Auct.
1819 2176 1848 2204 p.
1876 2168 1952 2197 692.

117 2225 198 2252 satu.
225 2221 268 2251 M.
296 2221 370 2252 sati.
396 2222 434 2252 R.
462 2222 550 2262 Saty.
577 2222 672 2252 Auct.
739 2222 794 2261 ll)
821 2226 849 2252 ec
872 2221 1014 2251 Varrone
1041 2222 1071 2250 2.
1108 2230 1262 2252 uarronae
1287 2221 1330 2251 M.
1358 2225 1484 2252 saturae
1509 2222 1554 2262 M,
1584 2222 1681 2252 satire
1705 2223 1742 2252 R.
1770 2228 1895 2263 satyrae
1922 2226 1951 2255 2.

119 2279 251 2318 Satyrae
274 2279 369 2309 Auct.
395 2281 416 2309 l.
442 2280 463 2310 l.
491 2290 552 2310 om.
577 2280 666 2310 vafh.
693 2297 735 2301 »-
761 2280 933 2310 comitibus
959 2278 1157 2316 comaestib.,
1192 2294 1225 2299 —
1251 2277 1380 2308 Claudii
1417 2278 1480 2308 fuit
1505 2278 1568 2308 MR
1601 2278 1811 2319 (eomestibas)
1849 2278 1888 2309 G.
1926 2281 1956 2310 E

123 2337 296 2366 comitibus
323 2337 481 2367 dometicis
507 2337 593 2376 (typ.
621 2337 697 2376 err.)
724 2353 764 2358 —
792 2336 856 2366 fuit
880 2335 917 2371 Q.
944 2344 1004 2364 om.
1031 2335 1118 2372 vafh,
1157 2336 1212 2374 qui
1237 2335 1374 2365 habent:
1404 2335 1488 2365 ‘Fuit
1513 2339 1620 2366 autem
1646 2346 1729 2365 unus
1755 2346 1796 2366 ex
1822 2336 1951 2367 Claudii

116 2393 252 2424 Neronis
278 2394 417 2423 cohorte.
456 2392 610 2423 Claudius
636 2393 711 2430 fuit,
737 2394 851 2423 cuius.'
899 2393 977 2423 Voci
1002 2392 1122 2423 cohorte
1146 2393 1286 2431 spatium
1312 2402 1448 2422 uacuum
1474 2393 1606 2431 reliquit
1630 2403 1660 2423 v.
1691 2394 1772 2422 Unus
1796 2398 1892 2424 autem
1916 2404 1951 2424 ex

118 2451 285 2481 comitibus
311 2451 500 2481 domesticis
525 2451 621 2481 Auct.
649 2452 668 2480 l.
695 2451 713 2479 1.
742 2451 821 2489 (non
848 2449 886 2487 C,
912 2454 947 2481 ut
971 2449 1029 2480 ref.
1056 2449 1109 2489 Q).
1172 2450 1228 2490 13)
1254 2450 1325 2488 Ipse
1356 2449 1511 2479 Thebanus
1535 2450 1570 2478 fh
1597 2454 1627 2479 et
1651 2449 1852 2481 Braunhard.
1878 2451 1951 2489 Ipse

116 2507 252 2537 tiberius
270 2507 332 2537 MR
349 2506 464 2547 (Tyb.)
481 2506 679 2546 A2G(Q),va
697 2506 819 2546 (Tyn).
854 2507 937 2537 cons.
964 2506 1194 2544 Dillenburger
1216 2516 1246 2545 p.
1266 2508 1296 2537 9.
1350 2506 1404 2545 15)
1432 2507 1568 2536 intercu.
1596 2505 1631 2543 R,
1659 2507 1691 2536 in
1717 2507 1789 2536 lem.
1817 2511 1849 2537 et
1874 2508 1952 2544 sch.,

117 2575 137 2594 v
160 2565 193 2594 in
216 2565 348 2595 scholio.
384 2564 464 2594 conf.
491 2565 574 2594 Plin.
593 2564 650 2602 ΙΙΙ,
671 2566 729 2594 11:
756 2564 832 2594 freti
857 2565 1114 2594 intercurrentis.
1140 2563 1237 2593 turris
1260 2563 1294 2592 M
1319 2563 1351 2593 in
1376 2564 1461 2601 lem.,
1487 2566 1585 2593 turres
1609 2564 1641 2592 in
1668 2563 1799 2593 scholio.
1825 2574 1953 2602 praesse

117 2620 160 2650 M.
186 2622 257 2651 rell.
283 2631 402 2660 presse.
428 2622 510 2652 conf.
529 2620 596 2651 Cic.
625 2620 717 2651 Orat.
739 2622 797 2651 33:
825 2630 934 2659 presse
961 2625 992 2650 et
1017 2624 1155 2660 anguste
1180 2620 1263 2662 (rem
1288 2620 1447 2659 definire).
1500 2621 1556 2660 16)
1581 2629 1648 2649 erus
1672 2623 1703 2649 et
1729 2621 1850 2650 leandri
1875 2620 1951 2659 M,v,

119 2687 190 2709 erus
208 2683 240 2710 et
257 2679 381 2709 elandri
398 2679 436 2709 R.
464 2688 535 2709 erus
553 2683 585 2709 et
609 2678 747 2708 eleandri
773 2677 811 2708 G.
838 2678 944 2709 Herus
970 2678 1037 2709 afh.
1064 2682 1160 2709 recte.
1181 2673 1282 2720 Ἣρώ,
1302 2673 1430 2720 Ἡροῦς,
1458 2675 1616 2715 (Strabo),
1643 2680 1678 2706 ut
1704 2672 1839 2719 Σαπφώ,
1865 2673 1951 2708 Σαπ-

119 2733 209 2778 φοῦς.
236 2734 274 2772 Q,
300 2736 353 2774 qui
378 2744 546 2774 perperam
562 2734 669 2772 refert,
698 2735 858 2765 editiones
883 2735 1002 2765 habere
1026 2735 1141 2772 Herus,
1171 2734 1290 2765 falsum
1315 2734 1496 2773 genitiuum
1513 2733 1596 2763 Heri
1619 2733 1736 2771 posuit.
1764 2733 1878 2764 Presse
1904 2736 1952 2764 in-

119 2795 218 2822 tercu.
244 2795 306 2822 tur.
334 2801 394 2822 om.
421 2793 450 2822 2.
476 2792 590 2823 Presse
615 2791 770 2822 cem-remia
794 2791 872 2822 inter
897 2796 1000 2822 turres
1026 2791 1105 2828 th.
1131 2802 1152 2822 v
1177 2792 1353 2822 distinxit:
1379 2800 1487 2829 presse
1514 2790 1774 2820 intercurrentia.
1801 2790 1950 2829 elesponti

118 2846 155 2877 R.
193 2847 311 2879 Turres
339 2858 421 2879 erus.
487 2849 542 2888 18)
569 2849 675 2879 cohors
700 2848 733 2878 M
757 2848 852 2889 (bis).
921 2847 976 2888 19)
1003 2858 1072 2879 cum
1098 2848 1321 2889 MRA2G(Q).
1348 2857 1426 2878 manc
1449 2847 1536 2877 vafh.
1563 2865 1604 2868 —
1629 2847 1763 2877 mercede
1786 2857 1887 2878 meras
1912 2849 1952 2878 Ze-

116 2904 217 2944 yiones
240 2905 459 2947 MRA2G(Q).
497 2906 641 2936 mercede
666 2905 803 2936 inuentas
827 2906 972 2944 legiones
997 2906 1087 2936 vafh.
1113 2916 1174 2936 om.
1201 2904 1240 2936 C.
1284 2905 1311 2941 Q
1337 2905 1432 2934 dicit:
1473 2904 1638 2934 ‘Neutram
1675 2904 1866 2942 scripturam
1903 2906 1953 2934 in-

120 2963 235 3002 tellego
259 2973 317 2994 nec
341 2964 402 2994 hoc
426 2963 541 3003 fragm.
579 2973 628 3002 ap.
655 2962 802 2993 Gerlach.
828 2963 977 3001 repperi.'
1016 2962 1080 2993 Sed
1107 2966 1215 2993 exstat
1240 2962 1266 3000 I,
1294 2962 1345 2991 24.
1371 2972 1400 3000 p.
1420 2961 1454 2991 5:
1494 2961 1545 2990 ‘Et
1578 2961 1724 2990 mercede
1759 2966 1872 2991 merent
1907 2962 1951 2991 le-

119 3019 250 3058 giones!
276 3021 384 3050 Meras
408 3021 563 3059 legiones,
592 3021 619 3050 si
644 3029 721 3050 uera
740 3020 834 3050 lectio
852 3023 910 3057 est,
937 3020 1059 3058 accipio
1076 3029 1136 3050 non
1151 3020 1273 3049 mz'aetas.
1339 3016 1396 3057 20)
1422 3018 1507 3054 Quid
1532 3018 1624 3047 titius
1650 3027 1818 3048 arromana
1842 3019 1951 3048 braeui

120 3080 206 3107 uent.
233 3077 267 3106 in
291 3077 365 3108 hora
380 3077 415 3106 M
432 3076 484 3116 (ac
508 3086 641 3108 romana
665 3076 800 3115 Halm).
826 3076 899 3107 hora
925 3075 1088 3115 (neglexit
1106 3076 1148 3115 Q)
1176 3080 1208 3106 et
1233 3085 1289 3105 ora
1314 3076 1348 3105 in
1377 3078 1457 3105 uett.
1477 3075 1568 3105 codd.
1588 3084 1683 3113 saepe
1702 3075 1951 3106 confunduntur.

121 3133 203 3164 conf.
220 3132 253 3164 C.
271 3133 325 3171 IV,
347 3134 396 3171 14,
423 3134 452 3171 6,
479 3134 533 3164 ubi
558 3133 596 3163 E.
623 3142 642 3163 a
665 3142 750 3163 man.
778 3133 795 3162 2
821 3133 870 3164 lit.
896 3133 917 3163 h
943 3133 1087 3165 ostendit
1114 3136 1146 3164 et
1170 3133 1195 3162 B
1222 3134 1350 3172 signum
1375 3133 1451 3170 spir.
1478 3141 1556 3171 asp.,
1583 3136 1716 3170 uterque
1742 3135 1849 3163 autem
1874 3141 1951 3171 pure

1980 916 2020 947 lO

1981 1284 2020 1315 15

1978 1652 2020 1684 20
