2148 3412
818 114 868 146 IN
893 115 1002 147 ΛΒΤ.
1027 116 1160 149 ΡΟΕΤ.
1826 112 1906 152 593

188 236 253 276 97.
285 236 441 277 Proicit
469 237 684 292 ampullas.
741 236 778 277 F
782 244 949 281 astuosa
978 239 1122 291 uerba,
1158 241 1202 283 id
1233 249 1306 293 est,
1354 242 1474 294 irata,
1521 245 1716 300 grandia,
1762 245 1907 287 inflata

72 308 221 357 uerba3
254 308 404 349 omittit
435 309 667 351 orationem
698 311 914 354 tumidam.
978 313 1088 355 Cum
1110 314 1220 356 enim
1243 330 1366 372 reges
1388 324 1526 359 essent
1557 325 1596 359 et
1626 318 1670 359 in
1703 333 1906 361 aerumna

22 434 23 437 Ἴ
71 388 350 432 uersarentur,
397 382 479 424 alte
513 382 629 438 loqui
659 399 743 425 non
774 392 980 439 poterant,
1028 388 1201 430 summis
1233 389 1542 434 calamitatibus
1573 392 1712 434 mersi.
1777 393 1904 449 [Am—

67 454 216 512 pullas.
274 454 425 496 Inflata
455 462 494 496 et
525 457 710 511 superba
739 457 882 499 uerba.
957 458 1114 502 Adhuc
1145 462 1255 503 enim
1293 464 1493 519 ampullas
1539 480 1737 507 uocamus
1783 467 1904 521 quasi

69 527 212 569 inflata
242 527 377 585 uasa]
438 537 475 571 et
493 532 785 586 sesquipedalia
826 533 964 574 uerba.
1040 534 1345 591 Sesquczpedalia
1390 538 1563 593 proprie
1599 539 1796 581 dicuntur
1827 555 1901 581 sex
1950 553 1968 583 5

68 601 199 657 pedes
229 601 439 643 habentia.
499 603 692 659 Uterque
723 611 861 647 autem
892 621 1049 662 magna
1079 615 1119 649 et
1149 608 1258 650 elata
1302 609 1433 651 uerba
1478 612 1643 666 proicit,
1690 620 1729 654 et
1775 613 1904 655 utitur

69 675 345 718 conmunibus
375 682 421 717 ut.
450 677 580 719 exsul.

180 750 245 791 98.
276 749 325 792 Si
351 759 469 792 curat
500 765 569 793 cor
599 760 717 808 spect.
750 754 853 809 τρίτῃ.
887 754 1061 809 querela.
1124 752 1172 795 Si
1203 762 1327 811 poeta
1359 770 1502 799 curam
1537 757 1675 810 habet,
1722 766 1766 801 ut
1810 776 1900 803 mo-

66 829 162 864 ueat
191 829 448 878 spectatores
478 825 508 879 (,
540 825 585 867 id
606 831 700 879 est‚)
732 826 767 868 si
797 826 841 867 id
872 827 974 883 agit,
1006 834 1051 868 ut
1072 835 1350 883 spectatorem
1371 830 1470 872 flere
1494 842 1627 888 cogat.
1688 833 1775 875 Hic
1805 849 1901 875 uer-

0 917 8 925 ·
65 911 134 938 sus
165 902 204 937 et
234 897 522 952 superioribus
553 905 593 940 et
623 899 892 954 sequentibus
923 901 1043 957 iungi
1080 909 1228 957 potest.
1300 902 1347 945 Si
1393 905 1480 946 uult
1525 920 1591 947 me
1635 906 1801 949 flectere
1846 909 1901 949 ad
1928 919 1968 951 10

65 969 412 1022 misericordiam,
436 971 617 1028 deponet
639 973 748 1014 elata
768 973 913 1025 uerba,
953 973 1196 1033 Cor[enim]
1222 978 1450 1032 spectantis
1472 979 1697 1035 tangimus,
1732 982 1900 1035 quando

65 1043 218 1085 idonea
247 1043 378 1086 uerba
424 1045 567 1087 dolore
612 1047 879 1101 proferimus,
926 1048 971 1089 id
1015 1056 1089 1099 est,
1135 1049 1239 1092 istae
1283 1066 1490 1106 personae
1535 1053 1747 1108 proiciunt
1793 1054 1901 1097 elata

1 1140 8 1147 ·
65 1117 195 1160 uerba
226 1125 266 1159 et
296 1118 442 1160 uolunt
472 1120 684 1163 auditores
715 1121 769 1162 ad
790 1121 1125 1164 misericordiam
1144 1124 1323 1165 flectere.
1385 1127 1565 1181 letiqe'sse.
1596 1126 1682 1169 Pro
1713 1118 1899 1184 tangere.

176 1193 240 1233 99.
272 1193 366 1236 Non
396 1195 494 1235 satis
525 1204 594 1244 est,
624 1195 799 1250 pulchra
831 1211 861 1236 e.
887 1210 1018 1251 poem.
1090 1195 1141 1237 Id
1186 1205 1247 1238 est
1293 1197 1461 1239 diserta.
1538 1198 1645 1241 Sunt
1691 1201 1899 1254 quaedam

2 1288 8 1294 -
61 1272 256 1321 poemata
279 1266 394 1323 [per]
416 1267 650 1322 οἰκονομίαν
671 1267 944 1325 [composita]
964 1275 1004 1310 et
1033 1269 1212 1323 probata
1242 1270 1374 1313 uerba
1404 1271 1617 1323 habentia,
1666 1275 1739 1315 sed
1769 1274 1898 1316 inter·
1925 1287 1966 1318 15

0 1353 3 1378 ὲ
62 1339 162 1381 dum
194 1346 337 1381 carent
367 1347 600 1382 uenustate.
660 1340 861 1383 Habeant
891 1356 994 1398 ergo
1025 1343 1142 1392 haec,
1181 1358 1288 1398 quae
1319 1352 1415 1386 sunt
1445 1345 1636 1400 probata,
1669 1347 1794 1388 etiam
1825 1364 1898 1390 ue-

0 1432 1 1437 *
60 1420 282 1464 nustatem,
315 1420 367 1464 et,
401 1428 665 1469 quocumque
696 1415 918 1466 uoluerint,
957 1415 1231 1474 [auditorem]
1265 1417 1452 1459 animum
1484 1419 1687 1462 auditoris
1717 1422 1897 1473 trahant,

61 1487 148 1529 siue
192 1487 246 1528 ad
289 1487 647 1538 misericordiam,
694 1489 782 1530 siue
829 1489 884 1530 ad
928 1489 1268 1546 indignationem
1315 1491 1535 1550 [trahant]
1595 1494 1735 1537 dulcia
1767 1504 1897 1539 sumo.

4 1579 6 1586 ·
59 1559 212 1603 Ethica
244 1560 337 1603 sint.

172 1636 266 1677 100.
299 1644 460 1691 aquato.
492 1634 653 1692 Agant.
1920 1654 1963 1686 20

173 1710 265 1751 101.
303 1710 351 1751 Ut
381 1711 603 1752 ridentibus
636 1711 766 1753 adre'd.
838 1710 908 1768 [Id
944 1717 1025 1753 est:
1060 1711 1249 1754 adfectus
1280 1726 1424 1755 omnes
1456 1714 1499 1755 in
1546 1714 1698 1757 animis
1743 1717 1896 1760 nostris

3 1814 5 1819 f
58 1782 260 1825 habemus
291 1798 342 1824 ex
372 1790 515 1826 nostra
545 1791 710 1835 natura,
754 1792 793 1825 et
824 1784 983 1841 singuli
1013 1792 1248 1836 mouentur,
1282 1801 1377 1828 cum
1408 1788 1617 1844 imagines
1649 1804 1744 1832 suas
1777 1791 1896 1832 uide-

58 1856 142 1898 rint
171 1857 216 1898 in
246 1857 373 1914 aliis]
436 1856 550 1911 Quia
582 1858 840 1900 substantiae
885 1859 1035 1900 harum
1080 1873 1221 1901 rerum
1268 1867 1363 1902 sunt
1406 1861 1610 1904 formatae
1655 1862 1698 1904 in
1744 1864 1896 1908 animis

174 1991 206 2030 l)
236 1992 383 2022 Fastuosa
406 1991 501 2021 uerba
526 1992 635 2030 glossa
660 1992 693 2022 id
716 1996 758 2021 cs!
783 2010 825 2013 -—
851 1991 943 2022 mersi
967 1992 1109 2022 scholion
1134 1992 1168 2022 in
1192 2002 1218 2035 γ.
1252 1992 1371 2023 Inflata
1398 2012 1433 2016 —
1463 2004 1542 2025 uasa
1567 2005 1629 2026 om.
1655 2006 1681 2038 γ.
1710 1998 1797 2028 Ordo
1823 2008 1895 2037 par-

22 2035 23 2038 *
58 2049 139 2079 tium
157 2049 271 2079 scholii
290 2051 323 2079 in
340 2050 432 2080 libris
451 2050 596 2079 diuersus
616 2052 673 2079 est.
700 2049 901 2087 NX‚rvcaQ:
927 2049 964 2079 Id
984 2052 1033 2079 est
1051 2049 1127 2087 (om.
1148 2050 1177 2088 r)
1206 2051 1288 2080 irata
1312 2051 1410 2080 uerba
1436 2052 1488 2089 (ir.
1507 2053 1606 2082 uerba
1632 2063 1691 2083 om.
1710 2054 1754 2092 N)
1781 2056 1894 2086 inflata

57 2107 194 2145 grandia
218 2107 343 2137 omittit
370 2107 527 2146 (dimittit
551 2117 575 2136 r.
603 2117 662 2137 om.
691 2106 719 2142 Q
738 2107 882 2137 scribens
900 2110 927 2136 et
943 2116 987 2136 or.
1006 2106 1068 2144 tu.)
1095 2116 1138 2138 or.
1165 2112 1210 2137 tu.
1240 2107 1412 2145 (tumidam
1437 2113 1704 2149 arrogantemque
1733 2111 1784 2150 C).
1812 2111 1893 2142 Cum

21 2162 23 2172 '
58 2180 99 2185 —
124 2165 231 2194 mersi.
257 2163 413 2202 Ampullas
430 2182 471 2185 —
490 2173 576 2193 uasa.
602 2164 763 2194 Extrema
789 2173 862 2202 pars
889 2173 943 2202 per
968 2163 1156 2194 homoeotel.
1182 2165 1296 2193 mutila
1322 2168 1372 2194 est
1388 2165 1474 2195 facta
1491 2166 1522 2194 in
1542 2176 1572 2195 r:
1602 2166 1788 2206 ‘Ampullas.
1815 2168 1894 2199 Am-

0 2230 3 2250 2
58 2221 161 2259 pullas
190 2221 268 2260 (sic)
294 2230 444 2250 uocamus
471 2231 501 2259 q.
529 2221 586 2250 inf.
612 2221 713 2250 uasa.v
745 2220 799 2250 fh:
827 2221 859 2251 ‘i.
886 2221 971 2249 irata
995 2220 1093 2250 uerba
1117 2224 1144 2249 et
1165 2220 1306 2259 superba.
1333 2220 1450 2251 Adhuc
1478 2240 1513 2242 ——
1542 2232 1630 2252 uasa.
1668 2224 1796 2254 Proz'lcit
1831 2236 1894 2255 am-

56 2333 117 2364 iam
141 2344 293 2364 aerumna
318 2353 358 2355 —
386 2335 492 2364 mersi.
518 2334 674 2373 [animellas.
702 2334 856 2370 fastuosa,
889 2333 1073 2372 pompatica,
1110 2334 1288 2373 metaphor.
1314 2336 1353 2365 ab
1391 2336 1553 2373 ampullis,
1591 2345 1671 2374 quae
1705 2347 1784 2367 uasa
1819 2344 1893 2370 sunt

2 2387 23 2415 Γ
58 2392 251 2422 uentricosa’
279 2395 339 2422 etc.
401 2390 436 2430 5)
461 2391 667 2429 sesquipedem
703 2391 778 2420 hab.
816 2391 862 2419 fh.
901 2399 983 2429 sesq.
1010 2390 1103 2420 uerba
1127 2400 1175 2429 pr.
1204 2391 1463 2430 (dicuntia-om.)
1492 2393 1699 2431 sesquipedes
1724 2394 1796 2423 hab.
1822 2405 1890 2425 vca.

20 2472 22 2477 ,
61 2449 94 2488 6)
119 2452 254 2488 uterque
279 2448 355 2478 enim
379 2449 418 2477 N.
447 2466 485 2469 -—
515 2449 654 2486 grandia
678 2448 725 2477 fh.
753 2448 823 2477 rell.
852 2447 947 2477 elata.
976 2451 1107 2477 utuntur
1133 2447 1216 2478 cafh.
1266 2446 1300 2488 8)
1328 2448 1359 2478 Si
1386 2466 1426 2469 —
1454 2453 1654 2487 spectatores
1679 2460 1705 2491 γ.
1733 2451 1803 2480 rell.
1830 2462 1890 2481 om.

59 2505 139 2536 conf.
167 2504 210 2535 C:
235 2505 263 2535 si
286 2510 383 2535 curat.
412 2506 440 2535 si
466 2515 574 2535 curam
599 2505 707 2535 habet.
773 2504 808 2542 9)
834 2503 932 2546 'ld-est
957 2505 1040 2533 inter
1066 2504 1145 2534 duas
1171 2505 1285 2535 scholii
1311 2509 1419 2544 partes
1445 2506 1617 2543 posuerim.
1685 2505 1740 2546 10)
1766 2512 1797 2536 et
1823 2518 1890 2546 sup.

34 2569 116 2592 'om.
143 2562 249 2592 vcafh.
312 2561 366 2599 11)
394 2562 526 2600 deponet
548 2571 574 2603 γ.
601 2560 731 2600 deponit
755 2561 791 2597 Q.
818 2561 886 2590 rell.
914 2561 1057 2599 deponat.
1085 2562 1171 2592 enim
1197 2571 1255 2592 om.
1283 2572 1309 2604 γ.
1376 2562 1430 2600 13)
1458 2562 1518 2592 Pro
1544 2567 1677 2601 tangere
1701 2563 1771 2605 γΒφ
1797 2568 1827 2594 et
1855 2563 1893 2601 G,

20 2633 22 2637 ·
57 2620 111 2658 qui
136 2620 242 2649 addit:
270 2619 303 2649 id
329 2623 390 2655 est,
416 2628 544 2649 mouere
569 2619 609 2648 ad
634 2618 889 2648 misericordiam
916 2622 946 2647 et
971 2618 1117 2655 flectere3
1147 2620 1230 2657 quod
1255 2620 1301 2656 fit,
1328 2619 1455 2658 quando
1481 2620 1593 2649 idonea
1618 2621 1716 2649 uerba
1742 2630 1811 2650 cum
1837 2622 1893 2651 do-

22 2679 23 2682 ’
57 2676 121 2706 lore
157 2675 359 2715 proferimus
386 2676 455 2705 rell.
484 2686 544 2705 om.
612 2676 667 2714 14)
687 2675 824 2713 pulchra
849 2675 868 2704 i.
897 2675 1021 2704 diserta
1046 2684 1072 2718 γ.
1099 2676 1168 2706 rell.
1195 2686 1256 2706 om.
1284 2694 1325 2697 -—
1353 2676 1509 2714 quaedam
1548 2674 1740 2717 οἰκονομιαμ
1779 2682 1809 2707 et
1845 2688 1892 2716 pr.

58 2734 156 2763 uerba
181 2733 258 2773 (om.
284 2732 452 2771 habentia)
481 2737 528 2761 sec
551 2741 576 2773 γ.
607 2736 778 2770 poemata.
807 2754 812 2760 .
840 2754 846 2760 .
875 2733 1041 2762 .lacuna.
1071 2757 1076 2763 .
1105 2756 1110 2762 .
1141 2736 1198 2762 ‚et
1224 2742 1270 2771 pr.
1297 2733 1395 2762 uerba
1421 2733 1496 2770 (om.
1523 2733 1693 2772 habentia)
1722 2734 1782 2763 NX
1806 2734 1891 2764 Med.

57 2794 204 2828 poemata
222 2799 282 2828 per
306 2790 512 2820 oieonomiam
539 2792 569 2819 et
594 2799 640 2828 pr.
667 2790 765 2819 uerba
791 2788 867 2829 (om.
894 2789 1066 2828 habentia)
1092 2799 1123 2819 v.
1149 2794 1297 2828 poemata
1324 2812 1330 2818 .
1358 2812 1363 2818 .
1391 2812 1397 2819 .
1425 2790 1540 2819 lacuna
1566 2811 1571 2817 .
1601 2811 1606 2817 .
1635 2812 1640 2819 .
1668 2794 1699 2819 et
1724 2799 1754 2827 p.
1780 2799 1810 2819 u.
1837 2790 1892 2820 Ῐια-

58 2846 154 2877 bentz'a
178 2857 193 2877 r
228 2856 278 2885 po.
309 2856 366 2886 per
390 2848 608 2877 oeconomiam
634 2846 794 2885 composita
819 2850 861 2876 et.
889 2855 919 2884 p.
944 2856 974 2875 u.
1001 2845 1139 2876 habentia
1163 2847 1249 2877 cafh.
1281 2856 1328 2885 po.
1355 2855 1429 2885 quae
1454 2855 1517 2875 oee.
1546 2850 1576 2875 et
1603 2856 1631 2884 p.
1659 2856 1687 2875 u.
1721 2846 1829 2877 habent
1854 2847 1891 2883 Q.

61 2904 115 2943 16)
142 2914 204 2934 car.
235 2908 406 2934 uenustate
431 2913 457 2945 γ.
483 2904 555 2934 rell.
594 2913 664 2933 nen.
691 2908 808 2933 carent.
827 2921 867 2924 μ
883 2904 961 2933 haec
987 2913 1046 2934 om.
1073 2913 1118 2933 ca.
1147 2908 1174 2932 et
1197 2904 1276 2933 haec
1301 2913 1324 2932 r.
1393 2903 1447 2941 17)
1475 2903 1631 2933 noluerint
1655 2913 1681 2944 γ.
1716 2904 1828 2934 uolent
1852 2905 1891 2934 X.

58 2962 128 2992 rell.
153 2961 268 2991 uolunt.
284 2979 325 2982 »-
340 2961 506 2991 auditorem
522 2978 557 2982 --μ
577 2960 707 2990 trahant.
735 2961 821 2990 libri.
849 2961 991 2990 animum
1017 2961 1174 2990 auditoris
1200 2961 1331 2990 trahant
1355 2969 1381 3001 γ,
1435 2960 1490 2998 18)
1518 2959 1566 2989 7ch
1589 2960 1629 2989 ad
1648 2960 1714 2990 ind.
1732 2971 1747 2990 r
1766 2961 1890 3001 (dign.)

57 3025 104 3047 vc.
133 3035 173 3038 ——
200 3018 331 3047 trahunt
355 3028 380 3047 r.
448 3018 503 3056 19)
531 3017 650 3046 Ethiea
676 3017 741 3046 sint
766 3015 833 3057 ·(,C.
860 3018 930 3046 rell.
957 3027 1017 3047 om.
1055 3021 1138 3047 sunto
1174 3027 1232 3055 pro
1258 3017 1322 3046 sint
1349 3016 1411 3057 Βφ.
1474 3016 1530 3055 20)
1555 3020 1653 3055 agant
1686 3017 1767 3059 γΒφ.
1794 3022 1892 3057 agent

59 3072 93 3103 G.
155 3074 211 3113 21)
237 3075 274 3103 Id
301 3078 348 3104 est
374 3091 413 3095 -—
441 3074 514 3103 aliis
541 3083 600 3104 om.
627 3083 652 3114 γ.
680 3074 711 3101 h.
739 3073 779 3110 l.;
806 3073 864 3103 hoc
889 3074 988 3104 schol.
1014 3075 1156 3112 pertinet
1182 3074 1221 3102 ad
1247 3083 1276 3102 u.
1308 3073 1380 3103 108.
1424 3072 1460 3101 Sc·
1484 3073 1636 3104 uiderunt
1660 3074 1698 3103 X.
1725 3092 1767 3095 -—
1793 3084 1891 3105 omnes

57 3129 194 3161 habemus
218 3131 322 3168 NX,v.
388 3131 444 3171 23)
472 3130 555 3167 Quia
581 3147 621 3151 »-
648 3130 820 3161 incendere
845 3131 946 3172 *swell-
974 3131 1096 3161 habent
1122 3131 1181 3161 hoc
1206 3130 1305 3160 schol.
1333 3130 1373 3160 ad
1398 3140 1429 3160 u.
1459 3130 1530 3159 108.

193 3196 350 3222 murum„
368 3196 434 3216 ACR.
457 3196 496 3217 ET
513 3195 625 3217 rouen.
639 3195 668 3216 u.
1584 3201 1616 3226 38
