2148 3412
811 126 857 158 IN
886 126 1020 158 sanam
1046 127 1072 166 L
1099 130 1128 158 a
1157 130 1187 161 7.
1827 117 1907 157 135

199 249 432 289 lati—131.
465 263 512 289 ac
545 251 582 290 εί
615 257 801 303 quaestor
845 265 882 290 a.
922 265 964 305 p.
1011 264 1047 290 α.
1094 264 1144 290 m.
1187 265 1226 305 p.
1269 251 1448 303 sm'ssent.
1509 249 1630 292 Ordo
1661 256 1743 291 est:
1775 249 1843 291 Ac
1874 250 1910 291 si

87 327 279 376 quaestor
308 336 411 362 auus
441 327 565 375 atque
595 328 716 376 pater
760 336 876 363 meus
920 328 1177 376 patruusque
1221 322 1407 364 fuissent.
1469 322 1627 365 Sensus
1658 330 1718 364 est
1750 330 1908 363 autem:

88 392 268 436 Suauius
297 394 531 435 humilitate
562 394 730 448 generis
760 409 808 435 ac
839 395 1058 450 dignitatis
1088 409 1206 436 meae
1240 395 1370 452 [sum]
1404 397 1604 447 uicturus,
1637 411 1762 451 quam
1794 396 1828 437 si
1859 411 1910 436 ex

87 467 294 510 senatoria
322 467 483 508 familia
512 473 637 521 atque
666 467 757 522 ipse
788 475 954 510 senator
985 483 1130 510 essem.

776 621 1052 676 SATIRA
1093 623 1133 690 1,
1176 627 1221 676 τ.

902 732 1092 776 AcRoN.

198 834 422 889 Proscripti
449 833 569 888 Reqz's
599 833 741 889 Rupili
776 848 870 889 pus.
952 832 1190 889 [Describit
1224 833 1364 889 iurgia
1394 833 1442 874 P.
1474 834 1637 889 Rupilii
1681 835 1911 884 cuiusdam,

87 914 362 962 cognomento
392 905 538 962 Regis,
581 907 652 961 qui
683 906 910 961 aliquando
942 906 985 947 in
1016 906 1242 948 Horatium
1273 907 1512 948 ioculariter
1542 907 1647 948 dixit
1679 915 1719 949 et.
1749 907 1912 963 Hybri-

87 980 164 1021 dae
193 979 344 1021 Persii.
403 979 510 1036 Hic]
543 979 637 1021 Rex
667 979 864 1034 Rupilius
885 979 1186 1022 Praenestinus
1216 980 1305 1021 fuit.
1365 980 1449 1022 Iste
1472 988 1565 1035 post
1586 981 1758 1022 exilium
1789 995 1913 1036 prae-

86 1060 150 1095 tor
179 1068 273 1094 cum
304 1068 328 1093 a
366 1052 599 1094 triumuiris
639 1053 971 1108 condempnatus
1016 1061 1136 1103 esset,
1183 1054 1373 1109 confugit
1403 1054 1457 1094 ad
1486 1052 1666 1095 Brutum
1698 1061 1739 1096 et
1775 1069 1915 1096 comes

88 1125 214 1183 [eius]
256 1126 423 1167 habitus
467 1133 541 1176 est,
587 1125 730 1181 ibique
762 1125 990 1168 Horatium
1037 1127 1176 1183 iurgio
1221 1127 1446 1177 lacessiuit‚
1492 1127 1545 1169 ob
1592 1128 1704 1181 quod
1749 1128 1914 1168 amari—

85 1199 272 1240 tudinem
303 1199 367 1240 sui
398 1199 482 1241 stili
512 1199 556 1239 in
587 1213 681 1241 eum
713 1200 974 1241 constrinxit.
1038 1202 1293 1256 Proscriptus
1325 1210 1462 1241 autem
1483 1202 1618 1242 fuerat
1645 1201 1698 1242 ab
1719 1200 1915 1256 Augusto

86 1280 257 1328 propter
285 1272 476 1314 Brutum.
504 1274 520 1327 Η
551 1272 638 1314 Hic
668 1273 865 1328 Rupilius
895 1273 988 1314 Rex
1018 1273 1279 1328 proscriptus
1310 1274 1446 1314 fuerat
1477 1289 1500 1314 a
1531 1274 1779 1324 duumuiris,
1811 1289 1914 1328 quo—

85 1346 199 1387 niam
230 1352 395 1388 secutus
425 1347 561 1387 fuerat
590 1354 731 1401 partes
762 1346 885 1387 Bruti
915 1354 955 1388 et
987 1344 1126 1388 Cassii
1157 1354 1303 1388 contra
1332 1346 1586 1403 Augustum.
1628 1349 1645 1402 ΙΙ
1683 1347 1846 1402 Rupilii
1878 1355 1917 1388 et

85 1418 223 1461 Persii
252 1434 390 1461 mores
421 1419 557 1474 carpit
586 1420 759 1462 occulte.
819 1420 920 1461 Fuit
941 1420 1053 1461 enim
1074 1420 1136 1461 illi
1158 1427 1198 1461 et
1217 1420 1286 1461 hic
1316 1420 1490 1462 infestus
1522 1421 1751 1462 commilito
1783 1436 1916 1475 quon-

87 1493 194 1534 dam.
231 1494 247 1547 Η
285 1492 424 1549 [Item
455 1494 648 1550 alz‘ters]
686 1493 865 1534 Publius
895 1494 1106 1548 Rupilius,
1153 1493 1405 1550 cognomine
1451 1494 1556 1544 Rex,
1602 1494 1915 1544 Praenestinus,

85 1573 179 1621 post
208 1566 365 1608 exitum
396 1566 496 1608 belli
528 1566 664 1608 ciuilis
695 1567 923 1608 commilito
955 1567 1033 1608 fuit
1053 1566 1225 1608 Horatii
1246 1567 1289 1607 in
1312 1567 1458 1609 castris
1480 1565 1613 1608 Bruti.
1673 1567 1760 1609 Hic
1790 1582 1917 1623 aegre

85 1639 235 1691 ferens,
267 1640 380 1694 quod
409 1640 615 1682 Horatius
645 1641 838 1682 tribunus
870 1647 990 1691 esset,
1022 1655 1148 1696 saepe
1178 1640 1241 1681 illi
1271 1641 1580 1697 ignobilitatem
1612 1641 1780 1696 generis
1813 1641 1914 1698 [illi]

87 1713 307 1755 obiciebat.
366 1713 532 1756 Idcirco
558 1713 691 1770 [eum]
716 1714 827 1756 hunc
857 1728 908 1755 ex
939 1714 1077 1755 aliena
1107 1714 1289 1770 persona
1313 1714 1522 1771 [alterius]
1546 1715 1713 1756 lacerat.
1736 1717 1753 1769 Η
1775 1716 1916 1757 Item:

87 1787 287 1829 describit
318 1788 654 1842 (contentz'onemP
683 1788 790 1829 conf.
820 1787 959 1838 inscr.,
992 1790 1128 1844 iar-qia
1160 1788 1307 1844 supra)
1339 1788 1502 1843 Rupilii
1518 1788 1651 1844 Regis
1682 1789 1915 1840 cuiusdam,

89 1861 159 1916 qui
189 1860 416 1915 aliquando
446 1861 688 1903 ioculariter
718 1861 760 1902 in
792 1861 1020 1903 Horatium
1051 1862 1169 1912 dixit,
1191 1864 1208 1916 Η
1230 1868 1270 1903 et
1298 1861 1523 1917 Hybridae
1552 1861 1703 1903 Persii.
1765 1863 1916 1919 Hybri-

88 1935 162 1976 dae
191 1940 330 1975 autem
361 1934 556 1976 dicuntur
586 1935 757 1990 proprie
789 1950 926 1986 canes,
964 1935 1037 1989 qui
1066 1941 1295 1977 nascuntur
1325 1950 1377 1977 ex
1407 1935 1601 1976 uenatico
1624 1950 1727 1977 cane
1759 1943 1799 1976 et
1819 1950 1916 1991 gre-

89 2007 220 2063 gario.
243 2009 260 2061 ΙΙ
282 2008 420 2050 Item.-
451 2009 635 2065 Hybrida
665 2008 881 2050 dicebatur
911 2008 1098 2060 Persius,
1145 2009 1244 2064 quia
1275 2009 1326 2050 de
1357 2016 1490 2050 matre
1523 2007 1693 2051 Graeca
1723 2016 1846 2051 natus
1878 2016 1919 2051 et

88 2087 206 2136 patre
235 2080 441 2124 Romano.
470 2083 487 2136 Η

204 2164 236 2204 1)
263 2163 350 2194 Ordo
375 2181 417 2184 —
442 2173 554 2194 sensus
579 2174 638 2194 om.
664 2164 754 2194 vafh.
805 2166 839 2203 2)
866 2168 993 2204 questas
1017 2165 1238 2194 M.-aut0m
1256 2164 1512 2205 MRA2G(Q)‚v.
1538 2166 1607 2195 rell.
1634 2175 1694 2195 om.
1720 2169 1746 2194 et
1771 2166 1918 2204 gignatis

89 2228 139 2249 me
162 2220 241 2249 uict.
266 2220 377 2259 M(H).
404 2229 472 2250 sum
497 2230 559 2251 om.
585 2219 749 2260 M2G(Q).
776 2222 918 2252 uicturus
942 2231 1007 2251 sum
1030 2221 1068 2251 R.
1095 2223 1240 2251 uicturus
1264 2221 1352 2250 vath.

201 2275 358 2307 ACRON.
407 2275 509 2307 Codd.
534 2277 670 2307 Acronis
696 2278 906 2316 inscriptione
930 2282 1050 2315 carent,
1076 2279 1167 2308 codd.
1194 2277 1321 2307 Horatii
1347 2279 1484 2307 habent:
1515 2277 1574 2306 DE
1601 2277 1917 2308 CONTENTIONE

90 2332 227 2363 PERSII
252 2333 308 2363 ET
333 2333 492 2363 RVPILII
517 2333 645 2364 REGIS
670 2344 687 2376 γ
709 2333 819 2364 Ambr.
846 2338 907 2364 etc.
955 2334 1009 2364 Sic
1034 2335 1143 2372 plures
1171 2335 1242 2364 edd.
1269 2344 1349 2363 saec.
1368 2334 1436 2371 XV,
1463 2335 1650 2372 praemissis
1677 2335 1784 2363 uerbis
1804 2335 1920 2372 Satyra

89 2389 212 2428 septima
235 2390 267 2419 H
298 2391 449 2429 adiungit
475 2400 658 2421 numerum:
685 2390 734 2429 ΕΞ.
759 2391 846 2420 VIII.
873 2391 959 2420 Alii:
985 2391 1031 2420 IN
1048 2390 1256 2420 RVPILIVM
1274 2390 1428 2420 REGEM
1445 2390 1758 2420 PRENESTINVM
1777 2390 1920 2427 (PRAE-

91 2446 372 2477 NESTINORVM
388 2447 428 2485 F)
445 2447 518 2477 bPF
537 2448 633 2476 Fran.
653 2451 683 2477 et
700 2447 819 2477 Bernn.
840 2447 903 2485 BC,
924 2448 978 2485 qui
997 2448 1089 2476 addit
1106 2448 1236 2477 rubrum
1255 2457 1422 2476 numerum
1441 2446 1621 2477 EGLOGA
1639 2446 1724 2475 VIII.
1772 2447 1920 2476 Eundem

91 2503 271 2539 praemittit
288 2503 360 2532 Par.
378 2503 422 2533 E:
441 2502 621 2534 EGLOOA
634 2503 720 2533 VIII.
746 2504 792 2533 IN
809 2504 1044 2533 RVPILLIVM
1059 2503 1211 2533 REGEM
1227 2503 1546 2541 PRENESTINVM,
1566 2508 1597 2533 et
1614 2503 1717 2545 13:91»
1737 2502 1920 2533 EGLOGA

92 2558 178 2588 VIII.
203 2559 248 2588 IN
265 2559 471 2589 RVPILIVM
487 2559 587 2590 REG.
607 2560 730 2589 PREN.
755 2559 823 2589 Alii
841 2564 872 2590 et
889 2561 1084 2590 uetustiores
1102 2564 1134 2589 et
1152 2570 1231 2590 recc.
1251 2561 1398 2599 eglog-am
1415 2560 1568 2599 septimam
1585 2564 1763 2597 numerant,
1782 2564 1817 2589 ut
1831 2560 1919 2588 Harl.

93 2615 113 2643 4
141 2614 234 2654 (Reg.
261 2615 307 2645 St.
332 2616 439 2646 Iacobi
473 2617 522 2646 15.
550 2616 586 2645 B.
616 2616 685 2646 VII.
712 2616 744 2645 P.
775 2617 849 2647 240.
881 2626 963 2646 saec.
994 2616 1089 2655 XII):
1128 2616 1178 2646 Ad
1212 2617 1373 2655 rupillium
1406 2626 1515 2655 regem
1540 2617 1781 2655 praenestinum
1808 2617 1921 2655 egloga

94 2672 240 2710 septima.
259 2672 331 2701 Par.
349 2672 612 2711 12Eg10gaV11.
630 2673 671 2702 ad
695 2673 790 2711 rupil.
816 2683 882 2711 reg.
909 2677 1066 2711 praenest.
1093 2678 1141 2703 et:
1167 2683 1264 2703 sermo
1296 2673 1382 2703 171⁰.
1410 2674 1482 2703 Par.
1510 2673 1557 2703 St.
1585 2673 1734 2703 Germani
1761 2683 1779 2702 a
1803 2673 1920 2703 Pratis.

207 2729 242 2768 9)
267 2729 433 2758 Describit
460 2747 498 2749 —
525 2729 588 2758 Hic
614 2729 683 2768 (fh)
708 2728 895 2769 0111.7G‚va.
949 2730 1003 2768 11)
1030 2733 1165 2767 prenest.
1192 2740 1218 2772 γ.
1272 2731 1327 2770 12)
1356 2734 1386 2760 et
1412 2740 1515 2760 comes
1534 2740 1559 2770 γ,
1587 2740 1647 2759 om.
1675 2731 1756 2761 eius.
1784 2735 1815 2759 et
1840 2740 1920 2759 com.

94 2782 155 2813 eius
178 2783 223 2819 fh,
250 2788 282 2814 et
307 2786 376 2814 eius
402 2786 506 2814 socius
533 2782 695 2824 (GPQ)va.
746 2785 801 2824 14)
827 2786 876 2814 sui
902 2785 969 2814 stili
994 2794 1021 2827 γ.
1048 2786 1118 2816 rell.
1148 2790 1187 2816 st..
1220 2787 1277 2816 sui.
1299 2804 1338 2807 <fl
1357 2787 1561 2823 Proscriptus
1577 2804 1614 2806 e—
1632 2786 1767 2815 Brutum
1794 2797 1854 2815 om.
1874 2786 1919 2815 fh.

98 2839 152 2878 15)
178 2840 390 2879 Hic—Rup.
408 2859 450 2862 ψ
468 2842 628 2880 quondam
653 2851 679 2882 γ.
706 2842 774 2870 rell.
801 2851 861 2871 om.
888 2842 970 2871 Item
996 2843 1092 2871 aliter
1117 2852 1178 2873 om.
1205 2852 1231 2885 γ.
1284 2843 1339 2881 19)
1367 2842 1499 2872 exilium
1522 2852 1549 2884 γ,
1577 2852 1616 2871 ex
1645 2843 1807 2880 superiore
1832 2847 1920 2880 parte

95 2896 253 2927 iteratum.
278 2898 382 2927 Verba
407 2899 478 2928 Item
502 2916 544 2919 -ν
570 2898 685 2927 lacerat
710 2899 742 2927 in
768 2897 795 2927 G
822 2897 867 2936 (Q
891 2898 981 2928 uncis
1008 2899 1110 2937 incl.)‚
1145 2908 1185 2928 va
1210 2899 1344 2928 inferius
1370 2899 1409 2928 ad
1447 2909 1476 2928 u.
1516 2900 1544 2928 2.
1582 2903 1655 2937 post
1690 2899 1922 2928 semiromanum

95 2954 209 2990 posita.
273 2955 331 2993 20)
358 2964 452 2992 saepe
477 2955 524 2984 illi
546 2964 571 2996 γ.
598 2954 667 2984 rell.
694 2955 823 2993 generis
850 2955 909 2983 illi.
974 2956 1031 2994 21)
1056 2955 1179 2985 Idcirco
1204 2957 1287 2985 hunc
1313 2966 1353 2985 ex
1379 2956 1486 2985 aliena
1511 2965 1540 2993 p.
1567 2956 1587 2984 l.
1613 2965 1639 2997 γ.
1666 2956 1734 2985 rell.
1768 2956 1832 2985 Ide.
1859 2966 1922 2986 eum

96 3018 171 3038 nunc
195 3019 235 3039 ex
260 3020 290 3048 p.
317 3010 440 3040 alterius
465 3011 524 3040 lac.
562 3029 603 3032 —
640 3012 734 3040 Item
764 3011 918 3040 describit
954 3029 994 3032 ——
1031 3021 1163 3041 romano
1187 3022 1213 3053 γ.
1240 3013 1273 3041 in
1298 3012 1365 3041 rell.
1392 3012 1469 3041 hacc
1495 3012 1616 3041 scholia
1641 3016 1696 3041 aut
1734 3022 1830 3050 supra
1866 3016 1922 3041 aut

97 3064 182 3095 infra
206 3067 312 3097 sedem
337 3068 469 3097 habent.
488 3085 528 3088 -
547 3068 603 3106 qui
629 3077 670 3097 ex
696 3068 873 3105 imparibus
900 3068 967 3098 nati
993 3072 1076 3105 sunt,
1102 3071 1138 3097 ut
1163 3077 1205 3097 ex
1230 3079 1303 3099 uen.
1331 3072 1362 3099 et
1387 3069 1535 3107 gregario
1561 3067 1596 3099 C.
1622 3068 1725 3108 Hybr.
1752 3069 1796 3098 di.
1824 3077 1920 3098 canes

97 3130 139 3152 ex
164 3123 241 3162 imp.
268 3133 336 3162 par.
361 3126 431 3155 nati
457 3125 477 3155 i.
504 3134 546 3155 ex
571 3134 642 3155 uen.
669 3129 701 3156 et
725 3134 814 3164 greg.
841 3125 904 3168 Βφ.

1940 919 1980 951 10

1942 1286 1977 1316 1.

1965 1298 1982 1316 5)

1943 2021 1962 2051 m

1968 2021 1984 2050 U*
