2148 3412
840 146 889 177 IN
916 145 1060 177 EP1s'r.
1087 146 1112 183 1,
1143 149 1168 176 1.
1839 133 1919 174 357

206 271 268 310 14.
301 269 486 311 addictus
514 270 665 310 aurare.
725 268 822 310 Hoc
844 269 1073 311 secundum
1096 266 1274 319 Stoicos,
1307 269 1377 324 qui
1400 283 1482 310 non
1505 269 1669 319 docent,
1706 269 1787 310 nisi
1809 268 1921 309 iura-

92 343 214 394 ueris,
246 352 284 383 te
317 350 566 385 secuturum.
626 342 812 384 Aliter.
875 342 1174 398 λΙεταφορι-ιῶς
1204 343 1366 385 locutus
1399 342 1515 399 [est]‚
1558 359 1581 384 a
1613 343 1776 392 militia,
1823 342 1923 396 quia

93 416 284 458 iurabant
315 416 469 457 milites
500 416 542 456 in
573 416 704 457 uerba
737 416 855 457 ducis
886 425 925 456 et
956 416 1015 457 sic
1046 415 1165 456 ibant
1196 416 1248 456 ad
1280 416 1486 457 militiam.

204 490 317 532 Null.
347 490 439 530 add.
469 493 547 532 τάν.
580 491 619 531 in
651 491 773 531 uerba
803 491 994 544 maqislri.
1054 488 1105 529 Id
1137 497 1216 530 est:
1251 489 1355 529 nulli
1386 504 1475 530 sum
1508 490 1734 539 obnoxium
1780 503 1923 530 omnes

93 563 216 605 audio
247 570 479 605 scrutantes
510 563 564 603 ad
595 578 682 604 rem
714 562 990 617 probandam.

204 638 268 678 15.
299 645 516 693 tempestas.
575 635 663 677 Aut
708 638 886 685 fortuna,
934 644 1001 676 aut
1049 650 1183 685 casus,
1216 644 1285 676 aut
1322 636 1451 676 animi
1484 636 1714 677 inclinatio.
1774 638 1922 693 hospes.

91 709 208 752 Nulli
240 710 504 751 consentiens
536 725 560 750 a
592 710 770 765 singulis
802 709 964 750 alienis.

205 784 268 824 16.
301 784 431 838 agilis.
490 783 540 824 Id
572 791 646 833 est,
676 783 826 834 facilis,
871 782 939 824 uel
972 782 1138 824 mobilis
1161 790 1199 823 et
1221 782 1389 824 diuersa
1420 783 1636 838 adpetens,
1668 783 1924 838 negotiosus,

94 857 317 906 accinctus,
348 864 519 911 paratus
551 856 604 898 ad
636 856 836 898 laborem.

205 931 388 972 ciuilibus
419 931 550 971 undis.
612 929 708 971 Hoc
740 937 799 971 est
836 929 984 971 morali
1030 930 1312 986 philosophia,
1360 939 1399 970 et
1444 930 1549 970 mire
1592 930 1634 970 in
1681 930 1926 983 metaphora

93 1003 351 1060 perdurauit,
383 1004 481 1058 quia
512 1003 674 1044 dixerat
707 1012 928 1060 tempestas.
988 1003 1183 1045 Aliter:
1217 1004 1324 1045 dedo
1356 1019 1421 1045 me
1453 1003 1602 1045 studiis
1633 1003 1844 1058 regendae
1867 1003 1927 1043 rei

98 1077 306 1134 publicae.

207 1153 270 1192 17.
310 1152 472 1192 Virtutis
504 1165 626 1192 uerae
658 1160 802 1193 czcslos.
865 1150 1049 1207 [Sectae,
1082 1151 1182 1205 quia
1217 1151 1360 1193 dicunt
1405 1167 1489 1193 non
1534 1166 1624 1193 esse
1655 1151 1929 1207 peccantibus

95 1224 432 1282 ignoscendum]
496 1223 645 1266 Sectae
679 1223 860 1274 Stoicae,
893 1224 972 1266 hoc
1002 1232 1081 1266 est:
1117 1223 1354 1266 Stoicorum
1388 1232 1567 1266 sectator
1598 1241 1702 1275 sum,
1742 1225 1813 1280 qui
1845 1239 1928 1265 non

95 1299 195 1340 dant
222 1298 419 1340 uirtutem
449 1298 530 1340 nisi
561 1299 770 1353 perfectae
793 1298 1101 1353 philosophiae(
1111 1300 1140 1352 .)
1162 1298 1437 1354 Peripatetici
1459 1307 1496 1340 et
1528 1299 1599 1340 alii
1636 1309 1674 1340 et
1707 1302 1736 1354 (.
1759 1308 1823 1354 ut)
1845 1313 1928 1340 non

95 1372 291 1428 perfectis
319 1372 520 1413 honorem
553 1372 847 1427 derelinquant
878 1372 1256 1427 (derelinquunffl).

207 1446 444 1501 re'yz'dusque.
476 1445 629 1488 Fortis.
690 1447 857 1488 satelles.
891 1446 953 1487 Ut
983 1446 1187 1495 ostendat,
1220 1446 1533 1501 philosophiam
1564 1461 1653 1488 esse
1686 1446 1891 1502 reginam.

209 1521 272 1562 18.
307 1520 354 1560 ln
389 1521 587 1576 Aristippi
612 1521 759 1574 furtim
787 1535 924 1576 praec.
958 1536 992 1561 r.
1053 1522 1257 1576 Aristippi,
1296 1520 1368 1574 qui
1399 1520 1500 1560 dicit
1533 1535 1739 1561 summum
1775 1520 1930 1560 bonum

96 1593 362 1648 uoluptatem.
426 1594 581 1634 Furtim
612 1600 751 1635 autem
782 1594 891 1644 ideo,
924 1593 1021 1648 quia
1045 1592 1178 1635 Stoici
1211 1593 1368 1643 dicunt,
1401 1593 1646 1649 fugiendam
1683 1608 1772 1635 esse
1810 1593 1930 1633 uolu-

96 1674 263 1722 ptatem.
287 1669 304 1722 Η
328 1668 557 1724 Aristippus
590 1665 852 1722 Cyrenaicus
883 1667 958 1708 fuit
979 1666 1056 1723 [et]
1075 1667 1327 1722 Epicureus,
1375 1667 1445 1721 qui
1478 1667 1581 1707 dixit
1615 1682 1822 1708 summum
1856 1667 1929 1708 bo-

100 1755 199 1781 num
229 1740 500 1796 uoluptatem.
561 1740 664 1782 Ideo
695 1756 797 1797 ergo
820 1741 875 1782 ait
896 1743 1052 1796 furtim,
1090 1741 1287 1795 quoniam
1322 1741 1532 1782 interdum
1564 1750 1659 1795 post
1688 1755 1813 1782 uerae
1847 1741 1932 1781 uir-

98 1813 195 1855 tutis
227 1814 457 1855 custodiam
490 1814 704 1870 uoluptate
735 1815 940 1856 uincatur.
1004 1813 1226 1856 Confessio
1258 1823 1319 1856 est
1350 1815 1560 1856 uitiorum.
1593 1816 1610 1869 Η
1640 1816 1781 1868 furtim
1808 1830 1932 1871 proe-

99 1896 206 1944 cepta
237 1889 401 1929 relabor.
464 1887 578 1940 Quia
609 1889 777 1943 quando
824 1889 1014 1931 diuersos
1060 1889 1226 1930 adimus
1271 1889 1509 1944 magistros,
1563 1889 1751 1944 singulos
1797 1889 1933 1930 celare

99 1961 304 2003 uolumus.
365 1963 538 2004 relabor.
570 1961 791 2005 Retrahor.

216 2079 247 2116 1)
275 2079 431 2108 adductus
457 2089 473 2120 γ
499 2078 581 2118 (bist)
608 2079 666 2108 HE
694 2078 806 2117 (corr.)
834 2078 854 2109 S
881 2089 953 2109 011111
978 2088 1090 2109 rasura
1116 2082 1147 2108 et
1172 2088 1251 2108 corr.
1280 2080 1357 2108 2111.
1388 2079 1547 2110 addictus.
1574 2078 1684 2109 Ambr.
1711 2089 1779 2109 cum
1807 2079 1933 2117 glossa:

102 2134 191 2165 deest
210 2145 342 2173 possum.
371 2136 460 2165 Harl.
490 2136 575 2165 2724
601 2146 670 2186 cum¹
697 2136 831 2174 glossis.-
871 2136 962 2165 deest
987 2145 1128 2173 possum.
1167 2138 1297 2165 uocatus
1325 2137 1345 2164 i.
1372 2137 1452 2165 nulli
1480 2146 1549 2165 suni
1574 2137 1737 2166 obnoxius
1764 2136 1853 2165 Harl.
1881 2146 1936 2165 an-

102 2192 302 2230 tiquissimus
337 2193 422 2222 2688
457 2193 556 2221 habet
588 2193 739 2221 addictus
778 2193 809 2231 (1
840 2203 880 2222 111.
907 2202 1003 2230 supra
1030 2193 1039 2222 i
1064 2202 1115 2231 po.
1148 2202 1179 2221 u.
1207 2192 1316 2230 0011.)
1354 2193 1449 2222 Laur.
1477 2193 1623 2230 XXXIV,
1655 2195 1667 2221 l
1708 2203 1779 2223 cum
1816 2202 1936 2229 rasura,

102 2258 182 2278 corr.
209 2254 241 2278 et
265 2250 399 2287 glossis:
434 2250 526 2278 deest
552 2259 621 2278 suin
647 2254 787 2279 coactus.
814 2250 896 2279 nulli
925 2259 994 2279 sum
1020 2249 1190 2285 obnoxius,
1216 2259 1326 2279 omnes
1358 2250 1452 2278 audio
1479 2254 1661 2279 scrutantes
1686 2250 1727 2278 ad
1764 2260 1827 2278 rem
1866 2259 1937 2287 pro-

104 2304 266 2335 bandam?
295 2306 329 2335 111
355 2307 427 2336 aliis
453 2310 502 2335 est
528 2307 571 2345 gl.
598 2307 792 2344 compulsus.
841 2306 876 2345 4)
904 2305 1034 2336 Lemma
1061 2306 1166 2335 iurare
1191 2305 1222 2335 in
1246 2306 1339 2335 uerba
1364 2307 1568 2344 amplificaui.
1595 2307 1705 2335 Sensus
1730 2311 1779 2335 est
1806 2305 1841 2335 C.
1868 2306 1937 2335 rell.

104 2362 140 2392 Id
166 2367 225 2392 est.
278 2360 324 2401 ’5)
351 2372 460 2392 omnes
487 2368 586 2393 scrut.
613 2368 790 2403 aryumenta
814 2364 855 2393 ad
884 2374 949 2393 rem
981 2363 1174 2402 probandum
1205 2363 1301 2393 audio
1327 2363 1363 2392 C.
1431 2365 1464 2402 7)
1491 2363 1579 2392 Nulli
1674 2363 1788 2392 alienis
1813 2371 1839 2402 γ.
1866 2363 1936 2391 rell.

104 2429 164 2450 om.
214 2421 248 2457 8)
273 2420 321 2449 uel
345 2421 427 2449 11101).
454 2430 480 2461 γ.
508 2420 616 2450 facilis
642 2421 724 2450 mob.
751 2421 815 2450 diu.
841 2430 913 2458 app.
940 2429 1010 2459 neg.
1037 2430 1101 2450 acc.
1128 2421 1167 2449 ad
1194 2421 1416 2455 laborandum,
1443 2430 1503 2449 0111.
1524 2424 1653 2457 paratus
1673 2419 1708 2449 C.
1736 2419 1803 2448 rell.
1821 2423 1847 2447 ct
1871 2429 1938 2448 mo-

105 2477 192 2506 bilis.
217 2486 250 2519 γι
289 2482 420 2515 paratus
447 2478 488 2506 ad
514 2477 662 2507 laborem.
689 2478 758 2506 rell.
785 2482 959 2515 apparatus
985 2478 1024 2506 ad
1051 2477 1268 2507 laborcmclnm.
1336 2478 1390 2513 10)
1417 2477 1485 2506 Hoc
1518 2480 1566 2505 est
1593 2476 1705 2505 morali
1736 2475 1939 2514 philosophia

104 2542 130 2575 γ.
155 2533 224 2564 Hoc
248 2538 298 2563 est
324 2535 435 2563 morali
461 2535 685 2572 philosophiae
709 2532 916 2572 vath(G'?).
942 2535 1024 2564 conf.
1044 2533 1086 2564 C:
1115 2534 1182 2563 ίσία.
1207 2533 1305 2563 undis.
1334 2533 1419 2563 rebus
1444 2533 1551 2563 ciuium
1575 2533 1734 2569 commotis,
1763 2537 1791 2561 et
1811 2532 1887 2561 mire
1904 2549 1939 2552 ᾖ

105 2595 290 2629 tempestas.
315 2591 434 2620 uirtutis
459 2601 549 2621 uerae
574 2601 598 2621 c.
625 2591 748 2621 moralis
766 2591 984 2630 philosophicae,
1012 2592 1108 2629 idque
1143 2591 1318 2621 secundum
1339 2590 1475 2625 Stoicos,
1503 2591 1606 2627 quiin
1633 2590 1755 2618 uirtute
1781 2598 1939 2617 summum

106 2647 221 2676 bonum
248 2649 462 2678 collocabant.
489 2649 685 2687 Aliquando,
711 2649 792 2678 duce
818 2648 854 2684 C7
886 2659 943 2687 pro
968 2659 999 2679 u.
1027 2648 1136 2678 morali
1153 2647 1347 2686 philosophia
1372 2647 1520 2676 uolebam
1547 2647 1687 2675 scribere
1714 2646 1813 2674 caulis
1840 2655 1863 2673 s.
1890 2655 1939 2674 re-

105 2704 164 2733 bus
189 2704 325 2734 ciuilibus
351 2709 380 2734 et
407 2706 437 2734 in
465 2706 531 2735 sch.
560 2715 625 2744 seq.
653 2714 788 2743 ponere:
825 2703 950 2735 Virtutis
974 2715 1066 2735 uerae
1091 2715 1116 2735 c.
1142 2704 1273 2734 Moralis
1292 2703 1500 2742 philosophiae
1517 2707 1613 2732 sectae
1631 2702 1756 2736 Stoicae,
1784 2702 1839 2731 sed
1865 2711 1939 2731 cou-

107 2760 173 2789 lata
197 2761 426 2800 Porphyrionis
454 2763 658 2800 expositione
684 2762 961 2800 adquiescendum
988 2763 1019 2791 in
1046 2761 1134 2800 uulg.
1163 2762 1235 2790 lect.
1262 2761 1384 2798 putaui.
1411 2761 1478 2802 Bp:
1507 2767 1620 2788 mersor
1643 2759 1698 2788 cia.
1726 2769 1752 2788 11.
1774 2760 1793 2787 1.
1822 2758 1939 2787 fluctuo

109 2817 142 2846 in
168 2819 273 2848 causis
299 2819 451 2848 ciuilibus
478 2819 498 2848 i.
527 2820 559 2848 in
587 2820 700 2848 stoica.
765 2819 820 2857 11)
849 2819 979 2848 dixerat
1001 2829 1027 2861 γ.
1055 2819 1124 2848 rell.
1150 2817 1243 2848 dixit.
1309 2818 1363 2855 17)
1391 2817 1494 2846 Fortis
1520 2826 1546 2857 '⁹'-

110 2874 216 2911 ginam
239 2884 265 2917 γ.
290 2876 358 2904 rell.
385 2886 445 2905 om.
473 2875 515 2905 C:
544 2877 619 2914 quia
646 2885 755 2905 omnes
781 2880 963 2914 peccantes,
999 2876 1154 2905 uolebant
1191 2874 1290 2903 Stoici
1328 2874 1505 2912 aequaliter
1530 2873 1648 2910 puniri.
1717 2874 1769 2911 18)
1796 2871 1944 2910 Aristippi

110 2931 163 2969 qui
189 2949 229 2952 ,—
255 2933 408 2961 uitiorum
433 2942 459 2974 γ.
488 2932 575 2962 Ordo
601 2933 633 2961 in
659 2933 731 2962 edd.
760 2933 813 2962 hic
838 2938 904 2962 est:
944 2932 1142 2970 ‘Aristippus
1169 2930 1246 2970 Cyr-
1273 2930 1346 2960 fuit.
1373 2935 1399 2959 et
1423 2930 1611 2967 Epicureus,
1650 2930 1703 2967 qui
1741 2939 1786 2958 su.
1825 2930 1873 2958 bo.
1910 2928 1942 2957 in.

110 2988 268 3026 uoluptate
293 2989 390 3029 dicit;
410 2989 523 3027 furtim
550 3008 578 3009 ff
616 2990 837 3027 110111111310111.Ὗ
868 2989 956 3019 Haec
982 2993 1068 3020 sunt.
1096 2989 1166 3018 Duo
1194 2988 1313 3017 scholia
1340 2987 1552 3024 ‹lispescenda
1578 2987 1738 3016 uidentur.
1790 2986 1847 3025 20)
1876 2986 1943 3023 epi-

111 3054 200 3074 curus
224 3056 250 3088 γ,
287 3051 323 3076 ut
348 3047 466 3084 ubique
493 3047 557 3076 fere
583 3056 640 3084 pro
666 3046 851 3084 Epicureus.
889 3046 937 3075 De
961 3056 993 3075 re
1024 3045 1106 3076 conf.
1132 3046 1227 3082 Diog.
1258 3044 1310 3073 La.
1337 3043 1377 3080 ΙΙ,
1406 3045 1456 3072 (371.
1495 3042 1559 3072 Cic.
1587 3043 1687 3072 Acad.
1714 3043 1767 3079 IV,
1794 3044 1846 3071 42.
1873 3042 1941 3070 Fin.

111 3100 154 3139 11,
181 3104 209 3132 6.
238 3103 293 3132 Or.
321 3103 376 3139 ΙΙΙ,
408 3105 456 3133 17.
486 3104 584 3142 uulgo
611 3104 699 3133 dicit.
730 3104 821 3141 posui
847 3103 939 3132 dixit.
1004 3104 1061 3142 23)
1088 3103 1170 3139 Quia
1198 3120 1201 3121 ν
1264 3101 1409 3130 uolumus
1439 3110 1466 3141 γ.
1494 3100 1563 3129 rell.
1592 3110 1652 3129 om.
1703 3100 1759 3139 24)
1787 3099 1943 3129 Iton-ahor

114 3166 140 3198 γ.
165 3159 232 3188 rell.
258 3170 318 3189 cni.

1574 2816 1641 2844 rell.
1669 2825 1729 2845 om.
1756 2815 1799 2845 L't
1827 2834 1852 2835 j
1893 2824 1941 2844 re-

1955 942 1966 972 1
1975 942 1993 972 (J

1958 1310 1996 1340 15

1957 1676 1998 1707 20
