2148 3412
1858 135 1878 151 s)

785 145 833 177 IN
859 147 1004 178 EPIST.
1030 147 1056 184 Ι,
1086 149 1138 178 14.
1798 135 1880 174 440

162 269 227 310 20.
257 283 422 311 amoena
453 277 570 310 uocat
600 283 755 311 mecum
785 272 855 325 (μα’
882 271 1011 312 sentit.
1071 269 1169 312 Hoc
1199 276 1279 311 est:
1312 270 1424 325 quod
1454 269 1531 311 tibi
1562 269 1771 326 displicet,
1803 270 1882 311 hoc

50 342 171 384 alteri
201 357 365 384 mecum
396 342 547 397 placet.

162 417 226 457 21.
259 418 323 457 22.
356 424 492 458 uncta.
553 414 788 471 Opulenta3
821 416 882 457 sic
912 416 1002 471 ipse
1034 416 1136 457 alibi
1169 416 1240 467 (E,
1272 417 1307 467 I,
1334 419 1396 467 17,
1422 419 1513 473 12>2
1548 419 1721 459 Accedes
1753 419 1882 459 siccus

50 490 103 531 ad
122 498 297 531 unctum.
335 516 378 519 —
415 490 572 545 ecquod
594 491 780 543 Anqulus
800 491 870 531 z'ste
889 491 1001 543 seret.
1061 489 1147 531 Per
1177 490 1256 531 hoc
1287 491 1481 541 ostendit,
1516 491 1716 545 angulum
1749 505 1882 545 quen-

49 564 145 604 dam
175 563 238 604 sui
261 563 355 619 agri
375 578 460 605 non
481 578 571 605 esse
592 569 735 618 aptum
767 562 937 613 uitibus,
970 563 1138 617 quando
1161 563 1280 614 dixit,
1313 564 1569 618 peculiarius
1594 564 1771 623 [potius]
1794 565 1882 606 illic

47 637 170 692 piper
201 644 239 677 et
270 644 335 679 tus
366 652 493 691 quam
523 653 650 678 uuam
681 651 804 692 posse
836 637 1049 692 progigni.
1111 635 1232 678 Sicut
1273 641 1376 692 Vepq.
1410 636 1484 693 (A.
1517 638 1600 688 IX,
1634 640 1754 693 115):
1790 640 1881 681 Μα-

47 712 111 752 ria
142 720 232 752 ante
264 725 436 753 eocarere
472 713 608 753 Turno
645 712 779 761 Quam
809 725 954 752 sacras
986 711 1147 752 clabitur
1169 712 1309 766 pinus.
1370 710 1425 751 Et
1457 718 1516 752 est
1554 727 1639 753 uua
1680 712 1883 767 septimus

48 799 180 828 casus.

160 860 225 900 26.
259 867 387 900 terrae
417 861 567 914 qrauz's.
628 858 789 914 “Ay-{m
821 858 1016 914 ἀρούρης.
1049 857 1197 912 (Hom.
1230 857 1279 898 Il.
1310 857 1484 909 XVIII,
1522 860 1613 900 104.
1647 857 1730 900 Od.
1771 858 1881 900 XX.

48 933 175 987 379.).
208 959 261 963 —
292 947 424 987 umes.
487 931 622 984 Quasi
654 940 791 974 terrae
823 932 979 989 grauis.

160 1008 225 1047 27.
257 1007 322 1048 28.
355 1007 568 1062 bouemque
601 1007 860 1048 Dz‘sz‘unctwn
892 1020 1026 1047 curas.
1090 1005 1159 1062 [Id
1190 1006 1270 1063 est]
1307 1005 1505 1047 Otiosum
1536 1006 1689 1061 pascis.

158 1081 224 1121 30.
256 1080 389 1124 Multa
418 1081 520 1122 mole
552 1081 767 1122 docendus.
828 1079 966 1122 Docet
996 1080 1224 1135 praefossis
1254 1080 1512 1128 tramitibus3
1559 1080 1619 1121 sic
1656 1079 1758 1120 alibi
1790 1080 1882 1135 ipse

47 1153 98 1195 de
127 1153 255 1196 fluuio
288 1152 362 1209 (A.
394 1153 443 1195 P.
477 1155 573 1209 68):
607 1155 748 1196 doctus
778 1156 854 1196 iter
884 1154 1035 1196 melius.

158 1229 224 1269 32.
261 1230 387 1278 Quem
420 1237 552 1270 tenues
583 1229 746 1270 (Iacuere
778 1237 901 1283 toyae.
960 1227 1093 1269 Deest
1124 1242 1260 1283 neque,
1292 1236 1335 1269 ut
1367 1227 1420 1268 sit
1450 1227 1571 1269 ordo:
1611 1229 1776 1283 (quem)
1807 1241 1881 1268 ne-

46 1315 126 1356 que
157 1308 301 1343 tenues
333 1301 510 1343 decuere
542 1309 679 1358 togae,
717 1317 848 1343 caena
880 1301 1021 1343 breuis
1051 1301 1180 1342 iuuat.

158 1377 223 1417 36.
256 1376 336 1418 Nec
367 1377 520 1418 lusisse.
595 1375 776 1417 Videtur
807 1375 1080 1431 amphibolon
1113 1376 1265 1425 lusisse,
1312 1382 1450 1416 utrum
1482 1375 1596 1425 olim,
1643 1390 1697 1416 an
1730 1375 1881 1430 (iam?)

46 1464 157 1492 nunc
186 1457 326 1490 tamen
360 1449 561 1506 [tantum]
594 1450 765 1491 modum
796 1450 895 1491 ludo
926 1450 1169 1505 ponendum
1201 1464 1291 1491 esse
1324 1449 1556 1490 credamus.

156 1524 222 1564 38.
258 1524 401 1566 Limat.
461 1522 691 1575 Adtenuat,
732 1523 942 1573 inminuit,
988 1523 1141 1565 adterit
1172 1530 1211 1565 et
1241 1523 1386 1565 inuido
1419 1523 1553 1573 oculo,
1600 1537 1671 1564 ore
1703 1530 1882 1574 tacente,

47 1597 236 1639 fascinat.

157 1672 222 1712 39.
255 1673 322 1713 40.
354 1681 589 1722 mouentem,
629 1672 727 1714 Cum
759 1673 888 1714 seruis
919 1672 1079 1713 urbana
1113 1673 1247 1713 diaria
1278 1672 1418 1713 rodere
1448 1674 1589 1713 mauis.
1664 1670 1762 1713 Non
1794 1687 1881 1713 cum

46 1746 174 1786 seruis
204 1754 439 1795 mouentem,
472 1746 545 1788 sed
577 1760 668 1788 cum
697 1748 828 1788 seruis
860 1747 1003 1788 rodere
1034 1747 1180 1796 mauis,
1213 1753 1250 1786 et
1284 1760 1334 1786 ex
1367 1744 1567 1801 ambiguo
1588 1745 1693 1787 haec
1715 1753 1776 1787 est
1806 1746 1881 1786 eli-

47 1819 185 1873 genda
216 1819 442 1861 distinctio.

162 1971 194 2009 1)
221 1980 336 2000 mecum
362 1970 497 2014 (QJBQ
526 1971 671 2001 ‘amoena
699 1971 719 1999 i.
746 1971 830 2009 quod
855 1971 917 2000 tibi
943 1970 1040 2009 displ.
1066 1970 1161 2000 alteri
1186 1979 1309 2000 mecum
1336 1970 1442 2008 placet
1468 1971 1487 1999 i.
1516 1979 1580 1999 rus.
1614 1970 1673 1999 hoc
1699 1979 1759 1999 om.
1786 1972 1883 1999 etiam

47 2026 111 2057 ash.
137 2027 198 2058 hoc
222 2029 316 2057 alteri
343 2028 413 2066 <affl
438 2029 480 2068 R)
504 2038 540 2058 ne
565 2033 624 2058 tum
651 2028 769 2067 (netum
797 2026 840 2067 Q)
866 2028 945 2066 plac.
972 2028 1043 2057 MR.
1069 2028 1161 2057 alteri
1186 2027 1294 2056 nedum
1317 2028 1360 2065 pl.
1379 2026 1474 2056 A2G.
1491 2028 1584 2056 alteri
1610 2027 1717 2056 nedum
1741 2026 1814 2056 mihi
1838 2028 1882 2065 pl.

47 2083 134 2114 vafh.
184 2082 219 2124 5)
245 2085 315 2123 agri
340 2094 438 2114 mones
461 2085 504 2115 sic
529 2085 591 2115 MR
617 2083 758 2124 (int—mes)
787 2084 849 2114 2G.
880 2094 944 2114 non
970 2094 1038 2114 esse
1062 2084 1106 2114 sic
1131 2089 1196 2123 apt.
1223 2083 1310 2115 vafh.
1399 2085 1543 2123 peculias
1570 2085 1639 2114 illic
1662 2084 1745 2114 MPc2
1773 2083 1883 2122 (pecu-

47 2141 135 2180 lium)
161 2140 200 2171 G.
228 2140 446 2180 peculiarius?
472 2142 555 2172 Plin.
580 2143 728 2179 XXXVI,
756 2143 808 2174 20.
841 2142 926 2173 conf.
952 2143 1023 2187 Bcp:
1051 2143 1221 2173 ‘Ostendit
1247 2143 1280 2172 in
1306 2152 1383 2181 agro
1408 2152 1464 2172 suo
1478 2142 1611 2181 facilius
1667 2152 1724 2181 pei·
1760 2146 1791 2172 et
1829 2147 1884 2171 tuo

48 2206 188 2229 crescere
212 2208 308 2237 quam
332 2200 450 2228 uuam.’
514 2200 549 2239 6)
574 2209 637 2229 uua
664 2201 727 2236 2,v.
794 2199 829 2239 9)
856 2194 994 2231 AXGOC
1019 2199 1224 2230 APOYPHC
1249 2199 1293 2228 Μ.
1332 2196 1436 2244 ἄχθος
1461 2209 1598 2242 αρουρης
1623 2199 1662 2236 Α,
1694 2200 1749 2238 qui
1775 2199 1881 2228 addit:

48 2255 129 2285 alter
163 2259 229 2286 uet.
270 2256 337 2286 cod.
375 2251 479 2299 ἄχθος
515 2255 662 2299 ἀρουρηι.
701 2255 766 2286 2G:
801 2252 906 2300 ἄχθος
931 2254 1063 2299 ἄρουρα.
1090 2257 1116 2285 R
1140 2257 1240 2286 habet
1265 2260 1348 2295 spat.
1374 2266 1441 2286 uae.
1470 2261 1502 2286 et
1526 2255 1604 2285 vafh
1629 2266 1689 2285 om.
1718 2255 1814 2285 Conf.
1841 2255 1882 2284 H.

48 2310 155 2350 Steph.
182 2312 342 2342 Emendd.
369 2314 401 2342 in
426 2313 544 2351 Porph.
571 2323 600 2352 p.
630 2314 710 2343 160:
754 2313 877 2352 ‘Neque
903 2318 1010 2343 tamen
1035 2314 1141 2343 uideo.
1168 2323 1228 2352 quo
1253 2314 1347 2343 modo
1372 2314 1429 2343 illa
1455 2314 1553 2343 uerba
1580 2312 1703 2342 Graeca
1728 2322 1799 2342 cum
1824 2313 1884 2342 hoc

48 2369 114 2399 loco
137 2370 334 2400 conueniant
359 2380 428 2400 cum
454 2371 563 2409 potius
589 2371 628 2400 de
655 2371 731 2406 illis,
768 2370 822 2408 qui
849 2374 924 2399 sunt
950 2370 1067 2400 telluris
1090 2370 1197 2400 inutile
1230 2370 1357 2409 pondus,
1395 2371 1548 2401 dicantur
1581 2370 1648 2406 illa,
1686 2373 1717 2399 et
1754 2369 1883 2407 quidem

50 2426 224 2465 plerunque
249 2428 397 2465 praefixa
423 2428 520 2457 etiam
557 2437 636 2457 uoce
661 2424 812 2457 ἐτώσιον]
879 2428 913 2466 7)
940 2427 1072 2465 septimi
1096 2427 1140 2457 fh.
1208 2427 1263 2466 10)
1291 2437 1406 2465 urgues
1435 2426 1606 2465 MR‚v(‹1›v),
1645 2430 1680 2456 ut
1717 2427 1884 2465 pauciores

49 2483 138 2513 codd.
163 2483 252 2522 Hor.‚
290 2494 369 2522 pure
392 2484 465 2513 Par.
492 2483 522 2513 A
548 2487 580 2514 et
606 2494 676 2514 cum
703 2493 816 2514 rasura
840 2483 914 2513 Par.
940 2483 979 2513 G.
1006 2494 1066 2514 om.
1093 2484 1159 2517 afh,
1194 2485 1249 2523 qui
1274 2484 1314 2513 ad
1340 2487 1444 2514 totum
1469 2493 1599 2513 uersum
1627 2484 1679 2512 26.
1719 2483 1802 2512 nihil
1828 2484 1884 2512 ha—

48 2539 124 2570 bent
148 2541 231 2571 nisi:
261 2540 355 2575 Quasi
369 2545 471 2571 terrae
485 2540 601 2580 ymnis.
650 2541 731 2570 Mihi
757 2541 818 2570 duo
844 2541 924 2570 haec
949 2541 1071 2570 scholia
1095 2541 1127 2570 in
1151 2550 1250 2570 unum
1276 2541 1432 2570 uidentur
1457 2540 1679 2570 contrahenda
1705 2549 1792 2569 esse:
1832 2541 1883 2569 26.

49 2601 147 2627 terrae
167 2597 285 2637 9⁹·auis,
311 2602 339 2627 et
360 2601 456 2627 tamen
471 2606 591 2637 uryues.
611 2592 736 2639 ’Άχῧος
753 2593 903 2640 ἀρούρης,
929 2597 1016 2636 quasi
1031 2600 1135 2627 tei-rae
1152 2599 1273 2636 grauis.
1326 2598 1381 2636 11)
1407 2597 1444 2626 Id
1470 2601 1518 2626 est
1542 2597 1587 2626 fh.
1642 2596 1696 2634 12)
1724 2596 1804 2634 prof.
1824 2596 1883 2625 ΒΞ.

52 2653 107 2692 14)
133 2664 226 2693 quem
253 2654 366 2694 (Hor.)
394 2664 456 2684 om.
483 2664 567 2684 omn.
593 2654 685 2684 codd.
712 2657 840 2692 praeter
854 2655 883 2683 2.
910 2655 1047 2692 interpo.
1075 2654 1110 2689 Q.
1137 2655 1255 2684 lemma
1277 2658 1405 2684 tantum
1430 2654 1553 2683 habent
1578 2662 1627 2683 va.
1653 2657 1759 2682 totum
1785 2653 1884 2682 schol.

51 2719 109 2740 om.
133 2711 181 2741 fh.
233 2712 288 2751 15)
314 2711 377 2740 MR
401 2712 539 2740 habent:
570 2729 606 2731 >e
634 2714 731 2748 togae
756 2711 916 2740 uenabrcze
943 2711 1090 2749 (procena
1114 2710 1228 2750 breuis)
1258 2712 1349 2741 iuuat
1374 2721 1433 2740 nec
1456 2710 1581 2739 iusserit
1606 2710 1736 2738 uidetur
1761 2709 1885 2747 amphi-

50 2765 114 2796 bori
138 2767 260 2806 (amfib.
286 2768 333 2807 M)
358 2768 486 2797 iussisse
512 2772 620 2797 utrum
645 2768 722 2797 olim
746 2766 834 2797 etiam
858 2776 942 2797 nunc
966 2772 1064 2798 tamen
1089 2768 1142 2806 (tsi
1167 2768 1209 2807 R)
1236 2768 1358 2798 modum
1382 2768 1460 2798 ludo
1485 2771 1546 2798 etc.
1614 2767 1669 2805 17)
1696 2770 1794 2795 tamen
1819 2775 1885 2796 mo-

51 2823 120 2853 dum
144 2825 174 2854 2.
198 2828 305 2855 utrum
329 2825 404 2855 olim
430 2825 526 2855 etiam
549 2835 635 2854 nunc
660 2828 772 2854 tcmtam
797 2823 920 2854 modum
943 2825 1017 2854 ludo
1041 2835 1072 2856 v.
1100 2842 1143 2846 7-
1168 2835 1208 2854 an
1234 2835 1318 2854 nunc
1344 2828 1470 2855 tantum
1496 2823 1581 2853 modo
1606 2823 1673 2852 afh.
1726 2823 1782 2861 18)
1810 2822 1883 2852 Adc.

49 2879 122 2909 inm.
146 2881 267 2911 adterit
291 2881 335 2910 M.
375 2882 492 2911 minuit
519 2882 547 2910 2.
585 2879 700 2910 MR2G
725 2881 908 2919 adiungunt
936 2882 1059 2912 scholio
1083 2882 1218 2911 haecce:
1250 2882 1292 2912 ‘et
1317 2882 1428 2911 inuido
1454 2881 1544 2910 oculo
1569 2879 1619 2909 ori
1642 2883 1739 2909 taceat
1762 2880 1886 2909 oscinat

53 2934 237 2979 (obscinat).
263 2938 358 2967 vafh:
397 2943 429 2968 et
454 2938 564 2968 inuido
590 2938 681 2968 oculo
711 2938 857 2976 fascinat
897 2938 1064 2977 (falscinat
1088 2939 1135 2977 v).
1166 2938 1308 2976 Scripsi:
1346 2947 1398 2966 ore
1435 2941 1556 2973 tacente,
1594 2940 1627 2966 ut
1653 2937 1885 2966 fascinationes

53 2992 182 3031 fiebant,
219 3003 298 3032 quas
335 2996 490 3033 quomodo
526 2999 770 3033 repercuterent
805 2995 874 3024 siue
910 2999 1115 3033 amputarent
1151 2994 1252 3031 (Plin.
1278 2993 1427 3029 XXVIII,
1454 2994 1500 3031 8),
1539 3002 1636 3030 supra
1677 2993 1799 3022 dictum
1836 2997 1886 3022 est

53 3049 91 3078 ad
127 3050 228 3089 Epod.
265 3051 354 3090 VIII,
382 3052 420 3081 18
460 3051 566 3090 (Aer.)
604 3051 674 3081 Vol.
713 3051 738 3080 I.
777 3060 807 3088 p.
834 3051 911 3080 481.
939 3069 980 3072 e*
1009 3051 1054 3087 Q:
1094 3052 1166 3080 ‘Nos
1203 3051 1344 3080 lacunam
1379 3049 1566 3089 signauimus
1602 3049 1704 3087 (Fort.
1742 3050 1789 3079 sic
1826 3059 1886 3079 scr.

53 3105 163 3137 inuido
187 3108 289 3138 oculo.
308 3126 351 3129 -—
367 3107 511 3147 venenat]
540 3108 605 3138 Ore
629 3109 762 3145 lacerat,
791 3106 959 3147 fascinat).
1009 3108 1067 3147 20)
1096 3107 1228 3138 Lemma
1255 3105 1325 3137 Oam
1348 3105 1445 3136 seruis
1469 3105 1535 3135 urb.
1560 3105 1601 3135 di.
1627 3106 1886 3144 amplificandum

54 3166 130 3194 erat.
178 3165 236 3205 21)
261 3165 334 3195 Non
360 3175 429 3195 cum
455 3165 554 3195 seruis
584 3174 690 3195 nouem
715 3163 889 3203 (mouentem
914 3164 1008 3204 Hor.)
1033 3164 1189 3195 MRA2G.
1227 3165 1299 3194 Non
1324 3175 1351 3194 c.
1380 3173 1404 3194 s.
1432 3173 1548 3193 nomen
1573 3161 1660 3193 vassi.
1689 3163 1718 3193 si
1754 3162 1826 3202 (pro
1853 3173 1885 3200 ες

1910 943 1950 974 10

1908 1682 1950 1713 20
