2148 3412
183 157 264 197 326
826 166 930 197 Aca.
958 166 1018 196 ET
1042 164 1211 197 PORPH.
1239 165 1387 198 COMM.

300 291 364 331 16.
398 290 584 343 chirayra
617 288 831 346 [Contudit
861 288 1086 345 articulos]
1148 288 1330 344 Propter
1360 297 1538 332 metrum
1571 291 1785 344 corripuit.

297 365 361 403 17.
391 363 582 418 phimum.
642 361 832 417 Pyrgum
869 361 1121 418 [tabulam];
1155 361 1258 408 Alii,
1275 363 1465 416 fritillum
1496 364 1650 405 dicunt.

297 438 359 477 18.
394 438 652 477 constantior.
713 435 990 477 Pertinacior.
1051 434 1135 477 Iste
1168 443 1323 489 quanto
1354 436 1612 491 pertinacior
1649 445 1739 478 erat
1758 437 1800 477 in
1824 452 1897 479 suo
1919 452 2018 493 pro-

180 508 331 563 posito,
365 517 480 550 tanto
511 509 676 550 felicior
706 509 792 558 illo,
830 510 901 563 qui
935 523 1102 564 semper
1132 508 1174 549 in
1208 508 1376 551 diuersa
1407 510 1660 552 uertebatur.

296 682 328 720 1)
357 682 487 712 Lemma
513 692 641 720 prorsus
671 684 818 720 ineptum
846 681 989 720 Contudit,
1018 682 1091 721 (pro
1117 691 1178 720 quo
1204 682 1303 711 uerbo
1329 681 1425 722 Cruq.
1454 693 1494 713 ex
1520 693 1584 713 uno
1610 684 1678 713 cod.
1704 683 1818 713 Bland.
1843 683 1964 722 contigit
1988 688 2019 713 et

179 738 205 767 E
232 744 328 776 atque
353 739 528 768 nonnullae
555 739 628 768 edd.
656 749 737 769 saec.
752 739 810 768 XV
836 738 968 768 contulit
991 739 1128 777 habent)
1154 739 1230 768 huic
1256 739 1376 769 scholio
1402 740 1515 769 datum
1542 744 1589 770 est
1606 741 1645 770 ab
1664 740 1810 769 omnibus
1829 740 2017 776 editoribus,

180 800 315 833 excepto
341 795 474 826 Editore
500 795 671 834 Pragensi‚
712 796 765 833 qui
791 796 889 824 tacite
916 794 1119 833 (ambiguum
1146 803 1221 832 ergo
1255 800 1287 824 et
1319 796 1383 832 hic,
1421 800 1527 826 utrum
1554 807 1595 826 ex
1620 798 1752 835 ingenio
1777 806 1817 825 an
1842 805 1884 826 ex
1909 797 2019 826 codice

179 852 253 891 suo)
279 852 407 882 addidit
431 863 459 882 a.
487 854 508 882 i.
536 861 562 881 e.
588 852 743 895 articulos.
770 852 924 882 Scholion
950 855 1057 880 autem
1083 860 1147 880 una
1172 860 1244 881 cum
1267 860 1336 880 meo
1362 852 1512 882 lemmate
1530 854 1626 883 huius
1643 854 1714 891 loci,
1742 863 1835 892 quem
1853 854 1884 882 in
1902 863 2017 892 magno

179 918 287 939 eorum
313 919 447 939 numero
473 910 626 942 ducimus,
653 910 709 939 ubi
734 910 823 938 uiros
850 909 962 938 doctos
988 908 1153 946 negotium
1180 908 1279 937 libros
1314 918 1386 938 suos
1405 910 1600 940 conficiendi
1619 910 1858 940 inconsiderate
1876 910 2018 949 gessisse

177 966 304 1004 liquido
330 970 432 1004 patet,
470 967 556 996 haud
582 966 679 995 facile
705 971 751 995 est
777 966 933 994 iudicatu.
982 964 1127 994 Primum
1153 965 1283 1003 quidem
1310 966 1593 997 euidentissimum
1618 971 1679 1003 est,
1716 967 1873 996 Aaronem
1897 967 2018 1006 legisse

178 1020 343 1061 chiragra,
375 1033 439 1053 non
465 1024 627 1062 cheragra.
677 1024 821 1062 Namque
847 1023 858 1051 i
883 1023 1011 1052 literam
1036 1022 1205 1052 Horatium
1233 1023 1427 1061 corripuisse
1453 1029 1582 1062 propter
1605 1029 1742 1054 metrum
1769 1024 1962 1062 simpliciter
1987 1029 2018 1053 et

176 1081 271 1118 plane
308 1082 476 1117 enunciat,
513 1090 549 1110 ac
574 1085 661 1110 certe
686 1081 801 1110 statuit
827 1080 869 1115 id,
908 1080 992 1117 quod
1017 1088 1126 1109 omnes
1152 1084 1221 1108 tum
1246 1081 1401 1117 temporis
1426 1085 1585 1111 nonerunt
1611 1085 1643 1110 et
1667 1084 1880 1120 agnouerunt.
1931 1079 2017 1116 Quid

179 1147 252 1175 ergo
277 1138 365 1168 aliud
385 1137 622 1168 Grammaticus
649 1138 756 1166 dicere
783 1135 930 1175 poterat?
980 1136 1045 1166 Sed
1070 1146 1132 1165 non
1158 1141 1331 1166 senserunt
1357 1147 1426 1166 cum
1451 1143 1559 1167 uetere
1585 1137 1803 1167 Grammatico
1829 1138 1915 1167 docti
1942 1147 2014 1167 nos-

176 1199 244 1223 trae
269 1196 388 1224 aetatis
414 1196 490 1232 uiri,
517 1196 572 1233 qui
598 1195 758 1233 philologi
784 1198 948 1231 uocantur,
976 1194 1085 1230 nimia,
1112 1198 1147 1223 ut
1165 1194 1210 1223 ita
1229 1194 1342 1231 dicam,
1369 1195 1537 1233 religione,
1564 1205 1602 1225 ne
1621 1196 1727 1224 dicam
1743 1195 1924 1230 anxietate,
1950 1204 2016 1224 me-

174 1251 289 1281 tricam
315 1253 460 1290 regulam
486 1256 659 1290 sequentes
685 1255 783 1289 atque
812 1251 887 1280 huic
924 1251 1027 1288 ipsam
1065 1251 1110 1280 rei
1148 1251 1367 1289 cognitionem
1403 1261 1560 1290 usumque
1597 1252 1750 1290 loquendi
1787 1251 2016 1281 sacrificantes.

176 1307 305 1338 Etenim
331 1310 614 1347 persuasissimum
641 1308 720 1337 mihi
745 1312 805 1343 est,
844 1308 891 1336 uti
918 1306 1068 1344 Graecos,
1107 1308 1161 1346 qui
1185 1302 1344 1350 Χειράγρα
1373 1309 1566 1344 scribebant,
1605 1310 1651 1339 sic
1689 1314 1719 1339 et
1756 1308 1891 1338 Latinos
1916 1309 1975 1338 hoc
1999 1317 2017 1337 a

175 1363 307 1395 Graecis
334 1370 501 1404 acceptum
526 1366 719 1395 uocabulum
744 1374 873 1402 semper
898 1364 1077 1402 chiragram
1103 1365 1271 1403 scripsisse
1291 1369 1321 1394 et
1340 1365 1475 1394 dixisse.
1524 1365 1593 1396 Hoc
1611 1369 1778 1404 testantur·
1788 1365 1917 1404 plurimi
1935 1368 2016 1394 uett.

174 1422 300 1451 codices
327 1427 358 1451 et
384 1424 576 1460 scriptorum
602 1422 813 1460 pedestrium,
844 1424 879 1450 ut
908 1419 983 1450 Celsi
1006 1420 1030 1458 Ι,
1059 1422 1088 1450 9.
1115 1421 1210 1450 Plinii
1231 1421 1347 1459 XXIV,
1371 1424 1420 1458 19,
1449 1426 1480 1452 01
1505 1426 1681 1460 poetarum,
1707 1426 1742 1451 ut
1767 1421 1873 1451 Persii
1899 1421 1936 1458 V,
1965 1422 2016 1451 58.

173 1476 315 1508 Martial.
342 1478 366 1515 Ι,
395 1480 450 1517 98,
477 1480 506 1508 2.
532 1479 598 1513 IX,>
617 1480 669 1517 93,
698 1480 727 1514 9,
767 1479 799 1507 in
825 1479 941 1516 quibus
967 1478 1052 1507 haud
1078 1479 1173 1516 pauci
1199 1479 1352 1515 editores,
1392 1480 1517 1509 seducti
1543 1479 1602 1509 1100
1632 1479 1685 1508 1101
1711 1479 1814 1509 altero
1839 1479 2016 1508 uetustiore

172 1535 263 1571 libro,
292 1536 485 1574 scripturam
503 1537 657 1574 cheragra
674 1539 875 1573 receperunt.
924 1535 962 1564 111
980 1535 1089 1564 Persio
1116 1536 1263 1573 equidem
1291 1536 1406 1574 (Beitr.
1426 1546 1456 1574 p.
1471 1536 1529 1574 46)
1556 1538 1647 1573 posui
1673 1537 1832 1574 chiragra,
1860 1535 1898 1565 O.
1924 1535 2015 1564 Iahn.

173 1596 294 1630 autem,
320 1593 374 1631 qui
401 1593 533 1622 eandem
560 1594 731 1623 lectionem
755 1593 889 1630 recepit,
915 1593 1022 1621 minus
1049 1592 1170 1622 codicis
1197 1592 1477 1631 Montepessulani
1503 1593 1696 1622 auctoritaie
1723 1602 1818 1631 quam
1846 1592 1958 1623 Orellii
1984 1596 2016 1621 et

173 1648 416 1678 Schneidewini
444 1650 506 1679 sibi
532 1660 594 1679 non
622 1654 772 1679 constare
798 1649 943 1678 uidetur.
992 1648 1036 1678 Ut
1062 1648 1196 1678 Iahnius
1224 1658 1266 1678 ex
1290 1659 1353 1679 uno
1378 1654 1506 1680 tantum
1539 1650 1595 1679 illo
1629 1650 1738 1679 codice
1771 1650 1922 1687 cheragra
1956 1658 2015 1678 scr.

173 1706 267 1744 eruit,
294 1707 341 1736 sic
367 1706 557 1745 Babington
585 1717 626 1737 ex
652 1717 717 1736 uno
743 1706 919 1744 Reginensi
946 1706 985 1734 ad
1012 1710 1161 1735 nostrum
1187 1706 1302 1743 locum,
1329 1716 1393 1736 non
1420 1707 1497 1736 item
1523 1707 1564 1735 ad
1592 1706 1631 1735 E.
1658 1706 1680 1741 Ι,
1712 1708 1739 1743 1,
1768 1707 1820 1735 31.
1870 1705 1922 1735 Sic
1939 1705 2014 1734 Am-

172 1763 340 1792 brosianus
367 1773 444 1801 pure
470 1764 601 1802 quidem
625 1764 726 1793 habet
751 1764 906 1801 cheragra
931 1763 965 1792 in
992 1762 1155 1800 Sermone,
1195 1763 1251 1793 sed
1277 1765 1309 1793 in
1334 1763 1484 1801 Epistula
1517 1764 1668 1802 cheragra
1692 1773 1709 1792 a
1740 1764 1752 1792 1
1782 1773 1822 1792 m.
1849 1772 1943 1799 corr.‚
1980 1766 2016 1790 ut

170 1821 278 1849 ualeat
316 1820 474 1858 chiragra.
532 1820 655 1851 Contra
694 1821 855 1858 scriptura
893 1820 1044 1857 cheragra
1083 1820 1181 1849 etiam
1219 1821 1252 1850 in
1289 1824 1352 1849 net.
1390 1821 1446 1848 1110
1481 1820 1552 1849 Par.
1585 1820 1613 1849 A
1644 1829 1722 1858 pure
1752 1824 1865 1850 notata
1905 1822 2015 1848 exstat

171 1878 212 1906 ad
237 1878 274 1906 E.
293 1878 317 1913 Ι,
342 1879 367 1913 1,
389 1879 440 1914 31,
466 1879 521 1907 ubi
546 1878 690 1913 Pottier..
716 1878 770 1915 qui
799 1877 839 1906 ad
864 1882 1011 1906 nostrum
1038 1877 1142 1907 locum
1167 1882 1264 1912 tacet,
1290 1878 1337 1906 sic
1362 1876 1478 1906 refert:
1508 1877 1678 1916 ‘cherayra
1708 1879 1734 1913 1,
1761 1876 1909 1915 chiragra
1933 1875 2012 1905 alii.'

173 1933 236 1963 Sed
255 1935 390 1963 liberius
409 1935 461 1963 hic
487 1935 592 1964 denuo
618 1934 837 1972 profitendum
864 1938 926 1971 est,
952 1934 1112 1964 rationem
1139 1935 1239 1972 ipsam
1269 1943 1339 1964 esse
1365 1935 1563 1972 superiorem
1588 1935 1673 1964 0111111
1699 1935 1851 1963 librorum
1877 1933 2015 1962 auctori-

170 1995 250 2020 tate.
300 1990 490 2020 Auctoritas
523 1995 630 2020 autem
665 2000 760 2019 uerae
793 1991 944 2020 lectionis
978 1991 1043 2019 illis
1077 1991 1276 2020 testimoniis
1313 1991 1413 2020 multo
1446 1991 1657 2028 praeferenda
1689 1992 1830 2020 uidetur.
1878 1990 2012 2019 Variant

170 2047 282 2085 utique
300 2047 457 2084 plurimae
476 2048 627 2076 lectiones
654 2048 739 2076 inter
763 2046 908 2085 chiragra
934 2050 964 2075 et
979 2047 1140 2086 chyragra,
1167 2047 1291 2086 cii-agra
1310 2051 1341 2077 et
1358 2057 1502 2086 cyragra.
1522 2048 1668 2086 chiragra
1685 2048 1765 2090 -salR
1782 2048 1874 2078 Sorb.
1894 2047 2011 2076 Bernu.

172 2102 258 2132 ABC
277 2104 310 2132 in
330 2103 390 2141 Ep.
410 2104 438 2132 D
458 2105 490 2133 in
507 2102 617 2140 Serm.‚
644 2103 735 2132 Harl.
755 2104 843 2132 2724
870 2113 952 2132 saec.
978 2102 1039 2132 XII
1065 2107 1097 2133 et
1125 2105 1268 2134 eiusdem
1293 2106 1410 2134 aetatis
1430 2105 1497 2134 cod.
1517 2105 1594 2134 bibl.
1612 2105 1691 2143 Reg.
1711 2104 1760 2134 St.
1778 2105 1884 2134 Iacob.
1907 2104 1955 2133 15.
1975 2102 2012 2132 B.

171 2159 241 2189 VH.
270 2160 303 2190 P.
334 2161 407 2189 240.
434 2160 590 2199 chyragra
615 2160 696 2202 ΕΒφ
722 2160 873 2201 (uterque
890 2158 1124 2190 CHYRAGRA
1150 2161 1184 2190 in
1209 2162 1326 2201 marg.)
1354 2161 1438 2190 FHP
1464 2161 1560 2191 Bern.
1589 2160 1613 2191 C
1639 2162 1732 2190 Barc.
1760 2162 1792 2190 111
1818 2161 1878 2199 Ep.
1904 2164 2012 2190 uetus-

170 2217 241 2248 tiss.
269 2216 359 2246 Harl.
387 2217 474 2246 2688
501 2226 582 2246 saec.
610 2217 656 2246 IX
681 2220 749 2252 010,
776 2216 901 2254 cii-agra
927 2215 1018 2245 Barc.
1046 2217 1080 2245 in
1107 2216 1208 2247 Serm.
1235 2218 1324 2248 Parr.
1351 2218 1406 2248 MS
1433 2217 1555 2248 Genou.
1583 2219 1704 2256 aliique
1729 2222 1888 2256 quattuor.
1914 2217 2012 2248 Bern.

171 2272 209 2303 G.
235 2273 332 2312 Angl.
362 2276 392 2304 6.
424 2277 472 2304 19.
501 2276 553 2305 20.
586 2284 721 2314 cyragra
754 2274 873 2304 Bernn.
899 2273 956 2302 DF
983 2275 1015 2303 in
1040 2274 1100 2312 Ep.
1131 2276 1148 2304 2
1174 2274 1263 2305 Parr.
1291 2279 1320 2306 et
1347 2276 1445 2313 Angl.
1476 2277 1502 2305 7.
1533 2276 1582 2304 17.
1611 2276 1662 2304 21.
1691 2279 1751 2307 010,
1810 2276 1844 2313 2)
1869 2274 2010 2313 Pyryum.

170 2330 346 2366 Tabula1n3
373 2340 400 2360 a.
428 2330 465 2360 fr.
493 2332 606 2361 dicunt
632 2330 752 2366 math,
778 2335 809 2360 et.
834 2341 864 2362 v.
892 2340 973 2368 quae
994 2340 1123 2370 pyyrzcm
1147 2331 1257 2370 habet,
1285 2336 1319 2361 ut
1337 2333 1429 2370 pauci
1449 2333 1587 2363 codices,
1609 2341 1739 2371 pyrgum
1765 2330 1906 2360 Orellius
1924 2333 2011 2360 recte

171 2388 258 2417 dixit
283 2389 454 2427 glossema.
480 2398 514 2430 γε
537 2389 681 2427 phimum.
709 2397 855 2428 pyrgum.
883 2388 940 2417 alii
966 2387 1121 2417 fritillum
1148 2389 1269 2419 dicunt.
1296 2389 1407 2419 Ambr.
1442 2389 1537 2418 habet
1565 2388 1702 2427 phimum
1735 2389 1754 2417 i.
1789 2388 1924 2426 pirgum.
1973 2386 2011 2415 In

170 2444 264 2474 Bern.
290 2445 337 2474 A:
361 2445 669 2487 phimumlsuprapo.
690 2445 824 2484 pii-qum.
854 2446 1052 2483 ambiguum.
1079 2449 1185 2476 utrum
1219 2447 1371 2475 correctio
1403 2456 1443 2474 an
1476 2445 1662 2484 explicatio.
1712 2445 1914 2475 Vocabulum
1939 2443 2010 2481 phi-

170 2511 238 2531 mus
266 2498 393 2545 (φιμὸς)
419 2501 502 2532 falso
529 2503 685 2541 scriptum
712 2506 761 2531 est
788 2503 821 2531 in
848 2501 889 2531 C:
930 2502 1080 2531 ‘mitteret
1105 2503 1137 2531 in
1161 2502 1320 2541 phymum.
1360 2503 1392 2532 in
1419 2512 1556 2541 pyrgum
1583 2512 1636 2531 scu
1663 2501 1831 2537 fritillum,
1871 2511 1912 2530 ex
1949 2509 2010 2538 quo

170 2559 312 2596 agitatae
338 2563 479 2588 tesserae
506 2560 681 2588 mittuntur
706 2559 739 2588 in
766 2560 920 2589 tabulam.
972 2560 1031 2588 Est
1057 2563 1162 2588 autem
1189 2559 1322 2598 Phymus
1347 2561 1595 2589 instrumentum
1629 2560 1769 2597 ligneum
1804 2559 1909 2589 stricti
1934 2558 2008 2593 oris,

170 2624 211 2645 ex
237 2625 296 2654 quo
322 2617 536 2646 coniiciuntur
561 2621 714 2653 tesserae,
742 2626 781 2645 ne
806 2617 909 2653 possit
935 2617 1004 2645 falli
1024 2617 1050 2645 is
1077 2617 1130 2654 qui
1157 2626 1227 2646 cum
1248 2617 1311 2646 alio
1336 2617 1444 2646 ludit.⁷
1471 2616 1498 2651 Q
1515 2616 1630 2646 referte
1656 2616 1765 2655 {fimum
1791 2616 1891 2645 codd.’
1918 2612 2007 2653 (G‘?).

170 2671 301 2702 Pottier.
328 2673 444 2702 refert:
473 2673 614 2712 ‘phimum
639 2674 668 2702 2.
697 2674 725 2702 6.
754 2674 782 2701 7.
810 2675 840 2701 8.
872 2674 910 2701 14
938 2672 997 2710 (z
1021 2672 1177 2716 ΒφγΗΡ).
1199 2682 1333 2713 pyt-yma
1357 2673 1436 2703 alii!
1464 2672 1527 2702 Sed
1552 2673 1631 2702 haec
1657 2682 1760 2711 neque
1784 2677 1881 2708 recte,
1906 2665 2023 2708 neque'

168 2734 316 2759 accurate
342 2731 445 2760 relata
472 2735 556 2759 sunt.
596 2730 717 2759 NamB
734 2731 830 2759 habet
845 2729 954 2767 fimum
980 2739 1129 2768 suprapo.
1150 2729 1296 2768 phimum,
1324 2739 1345 2772 φ
1368 2730 1467 2764 simum
1493 2739 1562 2759 cum
1588 2739 1654 2759 nar.
1682 2730 1769 2764 lect.,
1799 2731 1813 2758 1
1842 2738 1882 2758 m.
1908 2727 1956 2757 uel
1976 2726 2008 2756 in

165 2796 306 2825 pyryuriz,
333 2791 465 2825 uterque
484 2797 554 2816 cum
581 2787 703 2816 scholio
728 2786 969 2825 Porphyrionis.
984 2787 1093 2825 fimum
1120 2787 1217 2816 etiam
1243 2787 1363 2825 legitur
1388 2787 1421 2815 in
1440 2787 1477 2823 Ε,
1505 2787 1590 2816 utin
1608 2791 1673 2816 uet.
1691 2787 1770 2816 libro
1787 2785 1925 2822 Pithoei,
1952 2785 2006 2823 qui

169 2843 360 2880 adscripsit:
388 2845 548 2873 ‘lectionis
574 2845 717 2873 uarietas
744 2843 850 2872 reddit
878 2844 964 2873 hunc
991 2844 1093 2873 locum
1113 2844 1318 2882 suspectum)
1346 2842 1447 2872 codd.
1463 2843 1550 2871 Parr.
1570 2843 1707 2873 offerunt
1724 2846 2006 2881 praeterpyryum‚

168 2900 250 2936 quod
278 2901 396 2929 habent
424 2901 535 2937 Mag-d.
564 2898 689 2941 Harlsd
717 2900 812 2929 Bern.
834 2900 861 2928 D
883 2904 952 2928 etc..
981 2904 1032 2929 aut
1056 2900 1188 2937 pirgum
1213 2900 1246 2929 M
1273 2899 1395 2929 Genou.
1423 2904 1496 2935 etc.,
1523 2904 1559 2929 111
1584 2899 1676 2929 Baro.
1704 2900 1799 2928 Rern.
1827 2898 1864 2929 C.
1891 2899 2004 2936 Regin.

167 2956 232 2984 ΜΖ.
261 2957 362 2985 Harll.
389 2954 497 2999 ηθικλ,
523 2958 666 2995 spirgum
694 2957 759 2993 OR,
780 2965 926 2996 pyssrum,
965 2957 1097 2995 sismum.
1128 2956 1251 2986 Contra
1278 2957 1530 2994 explicationem
1557 2956 1702 2989 Acronis,
1742 2956 1794 2994 qui
1813 2955 1950 2994 phimum
1976 2958 2005 2982 et

162 3022 292 3051 pyr-qum
317 3012 494 3050 (Ag-athius
520 3014 652 3043 Anthol.
681 3014 747 3043 Pal.
774 3014 816 3051 ΙΙ,
844 3023 873 3051 p.
904 3014 976 3042 172.
1005 3013 1143 3042 Martini.
1171 3013 1255 3049 XIV,
1280 3015 1328 3042 16.
1356 3013 1478 3052 Meyer.
1507 3013 1637 3042 Anthol.
1666 3012 1735 3042 Lat.
1754 3012 1793 3041 N.
1814 3011 1895 3050 915)
1921 3011 2003 3040 idem

167 3078 238 3097 esse
264 3069 350 3098 divit.
379 3070 559 3107 ‹lisputauit
592 3070 771 3099 Salmasius
806 3070 846 3098 ad
879 3069 1000 3099 Histor.
1036 3069 1119 3107 Aug.
1148 3069 1214 3098 Ser.
1250 3069 1291 3106 ΙΙ,
1320 3070 1381 3098 755
1420 3078 1519 3107 seqq..
1556 3079 1626 3098 cum
1659 3078 1695 3097 ca
1727 3069 1890 3107 (Aliorum
1915 3068 1935 3096 i.
1962 3067 2004 3105 e.)

166 3125 410 3163 Porphyrionis,
448 3127 499 3164 qui
519 3126 656 3165 phimum
681 3127 764 3156 idem
790 3125 990 3164 acsi-{tilium
1017 3134 1085 3156 esse
1112 3126 1288 3161 contendit,
1314 3127 1390 3156 fecit
1415 3126 1537 3155 Becker
1565 3125 1669 3154 Gallus
1694 3125 1740 3154 III
1767 3135 1795 3162 p.
1824 3125 1888 3154 253
1915 3132 2001 3161 seqq,

166 3181 249 3211 conf.
277 3182 374 3211 schol.
401 3182 545 3212 quenal.
572 3183 603 3212 S.
630 3183 712 3219 XIV,
741 3184 776 3212 ὃς
804 3182 950 3222 fritillasy
981 3183 1080 3222 pyxis
1107 3192 1231 3221 cornea,
1258 3183 1311 3221 qui
1337 3179 1433 3226 φιμὸς
1459 3181 1580 3212 Graece
1603 3181 1744 3211 dicitur.'
