2148 3412
837 134 886 166 [N
905 134 1040 166 sERM.
1066 134 1110 173 11,
1136 139 1166 167 3.
1834 124 1915 165 269

202 260 296 302 318.
328 259 465 302 Maior
485 259 658 301 dimidio.
718 258 777 300 Ut
809 274 937 301 unum
968 265 1006 300 et
1038 259 1163 302 semis
1194 259 1368 302 haberet
1396 259 1702 317 magnitudinis
1732 259 1916 301 modum.

202 334 295 374 321.
326 333 438 373 Adde
456 341 652 388 poemata.
712 331 836 374 Nunc
857 333 909 374 ad
932 333 1138 374 insaniam
1162 333 1291 384 illam,
1314 349 1440 388 quam
1462 334 1633 389 pateris,
1655 333 1917 376 aedificando

92 407 198 449 adde
229 414 268 447 et
297 405 420 447 istam
451 405 659 447 insaniam
690 405 873 447 faciendi
906 413 1112 462 poemata,
1147 407 1239 464 [et]

202 480 294 520 322.
329 479 441 529 Quae
472 480 509 519 si
537 480 624 535 quis
655 494 780 521 scmus
810 481 914 534 fecit.
975 479 1210 521 Homerum
1243 480 1355 521 dicit.
1415 479 1511 523 Non
1555 495 1599 523 es
1643 495 1782 531 sanus,
1830 480 1916 536 qui,

28 574 31 601 ῑ
92 568 187 596 011111
216 567 299 594 non
331 552 466 608 possis
498 553 699 607 perficere
730 560 937 606 poemata,
970 561 1110 594 tamen
1141 554 1244 595 facis
1276 561 1316 595 et
1345 561 1401 595 tu.

204 627 346 667 desine.
406 624 610 666 Horatius
642 625 855 667 admonet:
888 641 940 667 ne
971 627 1138 682 prodas.
1199 626 1250 667 Id
1281 634 1361 669 est:
1411 628 1629 684 conprime
1661 637 1700 669 te
1732 627 1916 677 tandem,

93 715 117 743 0
147 699 423 754 Damasippe,
456 713 551 740 cum
584 699 704 749 scias,
737 706 775 740 te
808 700 933 741 etiam
964 700 1158 742 insanum
1190 715 1292 742 esse.

49 3222 53 3271 1,

203 773 297 814 323.
329 773 421 815 Non
453 773 539 813 (lieo
570 773 679 814 Ιιονν.
712 774 876 815 rabiem.
936 773 1063 816 Hanc
1098 781 1247 829 poetae
1292 774 1501 816 insaniam
1546 774 1703 816 leuiore
1748 774 1917 816 nomine

30 837 33 872 3
93 846 270 902 adpello,
307 845 405 901 quia
436 845 538 887 uitio
569 852 639 888 tuo
670 861 810 901 parco.
873 846 1001 900 Quod
1032 848 1259 890 iracundus
1291 862 1334 890 es
1364 848 1569 904 poeticae,
1601 863 1684 890 non
1715 848 1861 890 amori.

203 921 295 962 323.
326 920 484 961 rabiem.
545 919 596 960 Id
627 927 708 962 est:
741 920 1002 963 iracundiam
1035 928 1148 963 tuam
1179 928 1310 963 taceo.

202 994 296 1035 324.
327 994 524 1037 Maiorem
555 1008 687 1036 censu.
762 994 810 1034 Id
853 1002 932 1036 est:
980 994 1076 1036 Non
1107 995 1216 1045 dico,
1262 995 1361 1050 quia
1390 1010 1475 1037 non
1506 994 1683 1036 multum
1714 995 1918 1051 possides,

92 1067 219 1112 uteris
248 1067 432 1122 pretiosa
460 1074 587 1108 ueste.

205 1149 349 1190 teneas,
384 1141 638 1197 Damasz'ppe.
696 1140 913 1184 Horatius.
948 1141 1241 1198 Damasippus
1262 1143 1454 1184 uestitum
1490 1142 1631 1199 arguit
1664 1157 1792 1198 supra
1823 1157 1920 1185 cen-

95 1231 196 1259 sum.
257 1216 334 1256 luis
366 1223 413 1256 te.
474 1213 525 1255 Id
555 1221 629 1264 est,
662 1214 834 1257 diuitiis.
894 1215 945 1256 Id
977 1223 1055 1257 est:
1089 1216 1167 1258 tibi
1197 1216 1349 1258 habeto
1382 1216 1569 1258 consilia.

204 1290 296 1330 325.
329 1288 442 1331 Mille
471 1290 719 1344 puellarum.
782 1288 942 1346 [Haec]
975 1288 1281 1345 Damasippus.
1344 1288 1518 1332 Scilicet
1549 1289 1674 1331 adde.

204 1364 378 1418 furores.
438 1361 619 1403 Amores
650 1377 727 1417 per
757 1362 992 1404 libidinem.

205 1437 299 1479 326.
334 1438 369 1479 0
398 1438 529 1480 maior
559 1438 729 1479 tandem.
789 1436 1006 1479 Horatius.
1036 1436 1134 1479 Hoc
1164 1444 1238 1488 est,
1270 1436 1445 1479 stultior.

825 1567 1179 1612 PORPHYRION.

208 1660 274 1702 Sic
303 1674 403 1702 raro
435 1660 595 1710 scribes,
640 1667 683 1701 ul
715 1668 739 1701 t.
769 1673 807 1700 ¹71.
841 1674 905 1715 qu.
937 1674 1055 1701 anno.
1128 1658 1180 1700 In
1209 1659 1289 1701 hac
1319 1659 1469 1715 ecloga
1499 1659 1728 1701 introducit
1757 1658 1921 1700 Dama·
1949 1676 1954 1683 ·

97 1734 263 1790 sippum
294 1733 595 1789 corripientem
626 1748 669 1775 se
700 1740 914 1788 tamquam
946 1732 1216 1775 desidiosum.

207 1809 244 1849 3.
275 1808 414 1850 Iratus
447 1809 517 1850 tibi
546 1823 579 1864 q.
610 1809 699 1850 uini
725 1809 928 1864 somnique
959 1808 1042 1848 ben.
1103 1806 1201 1862 Ipse
1222 1805 1299 1848 tibi
1320 1806 1465 1857 iratus,
1502 1806 1615 1862 quod
1636 1806 1734 1848 uino
1758 1821 1924 1848 somno-

98 1896 178 1938 que
207 1881 442 1938 indulgeas.

209 1958 246 1997 7.
283 1955 508 2012 Culpantur
536 1956 709 2011 frustra.
768 1954 957 2005 Frustra,
989 1955 1090 2009 quia
1119 1969 1204 1996 non
1235 1962 1485 1996 mereantur.

210 2030 246 2071 8.
278 2030 402 2071 Iratz‘s
432 2037 553 2071 natus
581 2031 727 2086 paries.
801 2028 998 2070 Incerare
1043 2028 1226 2083 parietes
1271 2028 1381 2070 soliti
1427 2034 1546 2070 erant
1590 2036 1738 2083 poetae
1784 2035 1823 2069 et
1866 2027 1926 2069 ibi
1953 2038 1989 2049 ·’

101 2102 293 2153 scribere,
327 2103 360 2144 si
392 2103 495 2158 quid
527 2110 651 2144 noctu
682 2103 725 2144 in
756 2110 937 2145 mentem
969 2101 1165 2144 uenisset.

102 2298 183 2328 Num
207 2302 325 2329 tantam
348 2295 390 2342 ηλ
415 2299 557 2338 (tantem)
584 2303 619 2329 ut
643 2299 740 2328 Bern.
766 2299 805 2328 D.
837 2300 960 2329 Tcmtum
983 2304 1135 2341 magna
1163 2307 1225 2328 non
1250 2298 1402 2328 Latinum
1428 2297 1490 2327 Fea
1527 2300 1612 2327 recte
1649 2297 1747 2332 dixit,
1784 2297 1861 2325 licet
1898 2306 1928 2325 u.

103 2356 165 2385 313
196 2356 319 2386 Tantum
343 2355 523 2393 dissimilem,
555 2358 586 2386 et
611 2356 708 2395 Verg.
736 2355 775 2386 G.
802 2356 857 2393 IV,
888 2357 967 2385 101:
1005 2360 1118 2385 tantum
1154 2354 1254 2385 dulcia
1290 2359 1432 2394 quantum
1468 2355 1512 2384 Et
1548 2352 1670 2392 liquida,
1709 2353 1929 2382 contradicere

103 2412 289 2450 uideantur3
315 2422 390 2443 nam
414 2414 472 2443 uix
497 2423 596 2443 unum
621 2413 726 2443 locum
751 2413 877 2451 prodes,
905 2413 937 2442 in
962 2422 1024 2451 quo
1049 2421 1098 2441 res
1124 2416 1235 2442 tantam
1259 2417 1412 2454 magna
1430 2412 1564 2441 dicatur·
1590 2419 1648 2439 non
1674 2409 1803 2439 taudem
1829 2409 1926 2438 Fran·

103 2478 186 2499 num.
214 2470 342 2500 tandem
367 2470 432 2499 ΕΡ.
459 2473 579 2508 quanta
605 2471 691 2499 nenu
715 2470 844 2499 tandem
872 2468 1008 2499 sufflans
1035 2470 1061 2498 si
1086 2478 1203 2507 magna
1227 2468 1343 2499 fuisset
1361 2468 1386 2497 B
1413 2478 1481 2498 cum
1508 2467 1646 2497 scholio:
1674 2465 1772 2496 Ordo.
1799 2466 1930 2495 tandem

105 2526 237 2556 sufflans
262 2536 296 2556 se
321 2536 346 2556 s.
372 2527 517 2565 rogabat.
549 2536 623 2556 num
647 2531 712 2556 tam
738 2535 855 2565 magna
879 2526 1004 2555 fuisset.
1029 2525 1160 2564 sufflans
1184 2535 1215 2554 se
1240 2526 1369 2563 plurimi
1396 2525 1486 2554 codd.
1514 2522 1645 2552 sufflare
1671 2522 1817 2552 absolute
1842 2522 1929 2551 Pers.

104 2582 155 2620 IV,
182 2584 222 2613 20
249 2583 378 2613 sufflans
403 2593 452 2622 ap.
477 2583 562 2613 Plin.
590 2583 736 2620 XXXIV,
763 2584 793 2612 8.
821 2582 970 2612 sufflatus
997 2581 1080 2612 Gell.
1106 2582 1144 2618 V,
1174 2583 1224 2611 14.

215 2639 250 2678 3)
277 2644 308 2669 et
333 2650 359 2681 γ.
390 2641 459 2670 rell.
486 2650 546 2670 om.
596 2641 630 2680 4)
656 2640 831 2670 Homerum
857 2641 936 2669 dicit
961 2649 986 2682 γ.
1014 2639 1186 2669 Homerum
1212 2639 1372 2677 intelligit
1398 2637 1433 2667 C.
1462 2638 1531 2667 rell.
1561 2647 1620 2666 om.
1645 2637 1716 2666 Non
1742 2644 1773 2664 es
1791 2651 1832 2656 —
1848 2639 1879 2664 et
1897 2640 1931 2665 tu

105 2705 131 2737 γ.
156 2696 225 2726 rell.
251 2706 309 2726 om.
375 2697 408 2735 6)
435 2697 534 2726 desine
558 2715 599 2718 κ
626 2698 743 2735 prodas
768 2706 794 2738 γ.
822 2697 891 2726 rell.
918 2706 978 2726 om.
1044 2697 1077 2735 7)
1104 2706 1121 2726 o
1146 2706 1162 2738 γ
1189 2696 1271 2725 scias
1297 2699 1329 2725 te
1355 2696 1451 2725 etiam
1477 2695 1540 2724 ins.
1571 2702 1641 2723 esse
1677 2703 1702 2734 γ.
1741 2692 1810 2721 rell.
1849 2691 1932 2720 scias

108 2752 203 2783 etiam
227 2763 340 2791 pueros
365 2755 498 2784 insanos
525 2763 603 2784 esse.
652 2755 687 2793 S)
714 2758 745 2784 et
769 2754 852 2783 hanc
871 2771 910 2774 m
926 2763 1021 2791 parco
1045 2762 1106 2782 om.
1132 2762 1157 2793 γ.
1184 2753 1216 2781 h.
1242 2753 1253 2781 l
1289 2752 1398 2790 posuit
1424 2755 1530 2781 autem
1556 2751 1643 2779 adu.
1665 2749 1746 2778 323:
1773 2748 1841 2777 Non
1866 2746 1932 2776 dico

107 2807 285 2840 horrendam.
307 2811 430 2848 rabiem,
458 2812 574 2841 lemma
598 2812 682 2849 quod
707 2811 776 2841 rell.
803 2820 863 2841 om.
925 2810 960 2848 9)
989 2809 1081 2845 Quod
1108 2826 1147 2829 ——
1174 2808 1291 2839 amoris
1316 2808 1447 2846 (scripsi
1473 2806 1590 2844 amor-2¹)
1616 2816 1640 2847 γ.
1666 2805 1735 2835 rell.
1764 2814 1823 2834 om.
1876 2803 1931 2841 10)

107 2864 215 2895 rabiem
229 2884 269 2888 —-
283 2871 371 2898 taceo
396 2878 421 2910 γ.
442 2869 510 2898 rell.
529 2878 589 2898 om.
642 2868 697 2907 11)
722 2867 760 2897 Id
787 2871 834 2897 est
860 2876 923 2897 non
949 2867 1020 2896 dico
1045 2876 1072 2908 γ.
1099 2866 1169 2895 rell.
1196 2875 1256 2895 om.
1283 2865 1358 2903 quia
1382 2874 1441 2893 non
1466 2864 1557 2893 mult.
1583 2871 1667 2901 poss.
1693 2871 1720 2904 γ.
1747 2861 1817 2891 rell.
1847 2859 1933 2895 Quia

108 2922 241 2953 multum
263 2933 322 2953 non
346 2934 431 2963 poss.
483 2925 538 2964 13)
565 2929 662 2954 teneas
687 2942 728 2945 --
754 2924 888 2954 consilia
911 2933 938 2965 γ.
966 2923 1036 2953 rell.
1063 2932 1122 2952 om.
1176 2923 1229 2961 15)
1256 2921 1343 2951 Haec
1368 2930 1427 2950 om.
1454 2929 1480 2962 γ.
1498 2937 1536 2939 -
1553 2918 1685 2948 Scilicet
1710 2918 1929 2948 adde—cum

111 2978 237 3010 stultior
260 2989 286 3022 γ.
306 2981 374 3010 rell.
402 2991 463 3011 om.

220 3036 371 3067 PORPH.
421 3038 547 3068 Tertius
573 3048 674 3068 sermo
702 3039 729 3067 2.
757 3037 869 3068 scribes
892 3036 935 3066 M.
963 3036 1069 3066 scribis
1093 3047 1123 3065 v.
1151 3035 1202 3065 Sic
1228 3044 1301 3063 raro
1327 3034 1441 3063 lemma
1467 3033 1499 3062 in
1526 3032 1591 3062 afh.

221 3094 278 3131 20)
305 3095 415 3132 ecloga
440 3105 500 3125 0111.
531 3095 601 3124 MR.
629 3096 744 3133 egloga
770 3096 800 3124 2.
838 3094 885 3124 lzz'c
911 3095 1029 3124 introd.
1056 3094 1120 3136 Βφ.
1186 3091 1243 3131 22)
1267 3091 1328 3120 sibi
1354 3091 1456 3120 iratus
1493 3107 1533 3110 -—
1572 3089 1741 3127 indulgeat
1763 3088 1929 3126 MR‚vafh.

113 3147 165 3178 tibi
191 3150 226 3179 ir.
251 3168 293 3171 ——
320 3152 486 3190 indulgeas
512 3149 652 3192 2(G?Q).
703 3152 760 3192 24)
785 3151 862 3181 nihil
886 3150 959 3191 (non
983 3152 1016 3190 a)
1043 3154 1203 3180 merentur
1227 3148 1271 3179 fh.
1322 3148 1379 3186 25)
1406 3147 1548 3176 inaerare
1573 3145 1618 3175 fh.

1947 931 1987 963 lO

1948 1299 1988 1330 15
