2148 3412
212 932 247 961 10

911 137 1016 169 ACR.
1042 136 1101 167 ET
1127 135 1293 167 PORPH.
1318 134 1467 166 COMM.

277 132 298 170 o:

304 133 326 170 [ὑ

386 266 520 320 Syllae
550 277 681 317 (jener.
741 260 837 302 Non
868 274 965 301 uerc
996 273 1140 314 gener,
1185 257 1256 299 sed
1289 256 1388 311 quia
1429 254 1572 310 Syllae
1616 253 1746 295 filiam
1791 259 1997 307 stuprault
2040 252 2098 293 ita

273 340 522 391 frequenter,
554 342 596 375 ut
628 335 717 389 ipsc
748 347 837 375 csse
858 333 1088 380 uideretur3
1126 346 1222 372 nam
1245 329 1515 385 (Milonem?)
1547 325 2096 383 Longarenum(dictu1n?)

272 410 418 451 habuit
450 408 657 449 maritum.

397 484 542 523 l'e'lle'us.
602 480 687 521 Pro
720 480 878 521 Aum‘us
910 479 1020 522 Milo.

385 556 457 597 hoc
494 555 610 595 ›mk-er
646 567 725 594 uno
756 553 924 594 Nomine
963 552 1159 606 deceptus.
1241 546 1474 605 [Quoniam
1514 546 1667 588 nobilis
1702 546 1832 587 filiam
1874 545 2098 586 adfectauit
2146 605 2148 613 Ι

273 643 458 677 uxorem,
504 626 571 667 uel
614 626 693 667 hac
724 640 781 675 rc,
829 624 940 679 quod
971 622 1188 665 dicebatur
1219 629 1430 662 matronas
1462 620 1673 675 adpetere.
1746 620 1955 674 Deceptus,
2000 618 2100 672 quia
2146 641 2148 644 ⁴

274 707 433 742 amator
454 699 661 754 decipitur
692 697 908 739 nobilitate
940 696 1130 745 dilectae,
1162 694 1234 749 qui
1264 700 1383 749 putat
1413 707 1455 734 se
1486 693 1565 734 hoc
1595 692 1733 733 minus
1764 705 1954 746 peccare,
1988 691 2100 746 quod

274 774 456 816 nobilem
487 779 657 827 stupret.
718 770 831 812 Vel:
880 768 1094 825 deceptus,]
1134 768 1245 823 quod
1275 766 1362 807 filia
1394 765 1539 821 Syllae
1570 773 1678 807 esset
1706 764 1889 807 hominis
1918 764 2100 820 potentis

275 857 313 889 et
344 847 458 895 clari,
501 859 674 900 sperans
705 844 799 885 talis
830 843 911 884 uiri
942 841 1071 882 filiam
1103 848 1260 882 castam
1290 840 1379 880 fore
1410 839 1617 880 uicturam
1648 853 1726 879 nec
1756 852 1956 892 umquam
1987 852 2098 893 pec—

274 935 369 962 care
400 934 533 975 posse.
600 917 757 958 Fausta
788 916 1005 957 dicebatur
1034 914 1120 954 filia
1152 912 1307 968 Syllae.
1382 911 1508 952 Hanc
1540 926 1634 952 cum
1665 911 1821 953 Villius
1851 911 2101 967 inpetrasset

273 1008 457 1042 uxorem,
489 994 593 1033 sorte
624 991 905 1045 Longarenus
936 988 1098 1030 adulter
1129 986 1243 1028 domi
1274 985 1460 1026 eiusdem
1492 984 1657 1040 puellae
1698 991 1810 1033 erat3
1856 984 1914 1025 ita
1944 983 2100 1025 Villius

274 1067 454 1108 conlisus
489 1074 550 1106 est
586 1064 738 1120 plagis,
785 1070 821 1104 et
860 1062 963 1103 nihil
1003 1060 1168 1102 ominus
1205 1073 1297 1100 eam
1335 1066 1482 1114 postea
1521 1058 1654 1099 tenuit
1695 1058 1808 1113 apud
1847 1072 1890 1099 se
1928 1063 2100 1112 propter
2146 1073 2148 1084 ·

272 1139 544 1181 nobilitatem.
604 1137 771 1177 Annius
816 1135 923 1176 Milo
967 1134 1141 1175 maritus
1184 1133 1261 1174 fuit
1304 1132 1501 1182 Faustae,
1549 1130 1739 1173 Cornelii
1787 1129 1930 1186 Syllae
1973 1130 2097 1172 filiae.

274 1212 359 1265 Qui
391 1211 555 1252 rediens
578 1225 601 1250 a
624 1224 765 1259 caena,
788 1208 947 1250 scilicet
969 1223 992 1248 a
1013 1207 1182 1257 famula,
1204 1205 1465 1261 Longareni,
1497 1204 1676 1246 adulteri
1697 1204 1839 1246 uxoris
1861 1218 1973 1254 suae,
2004 1210 2100 1245 ante

231 1297 241 1325 ἴ
273 1285 396 1326 aedes
427 1299 535 1333 suas,
582 1297 634 1323 ne
665 1282 916 1323 adulterium
938 1279 1284 1336 deprehenderet,
1316 1278 1471 1334 pugnis
1493 1293 1638 1320 caesus
1660 1284 1721 1319 est
1741 1285 1781 1318 et
1800 1278 1912 1318 ferro
1933 1277 2099 1332 petitus.

385 1359 450 1398 67.
482 1356 671 1398 eaeclusus
701 1357 800 1410 sore.
860 1355 904 1394 A
933 1353 1093 1395 familia
1122 1351 1372 1408 Longareni
1402 1351 1576 1392 moechi.
1638 1350 1694 1391 Et
1726 1350 1954 1392 notandum
1991 1352 2100 1405 fores

271 1444 444 1472 numero
476 1428 681 1485 singulari
706 1431 793 1470 Ter.
826 1428 867 1468 in
891 1426 1100 1482 Adelphis
1133 1425 1208 1480 (II,
1231 1427 1269 1475 3,
1295 1427 1387 1479 11):
1426 1426 1629 1475 Quidnam
1660 1425 1937 1480 (comcrepu‘e't
1962 1424 2103 1478 fores?

271 1504 376 1545 Item
413 1503 545 1544 Cicero
576 1517 652 1557 pro
685 1499 882 1543 Cornelio
915 1497 1027 1554 (Cic.
1061 1513 1138 1554 pro
1172 1496 1220 1540 C.
1255 1496 1454 1540 Cornelio
1485 1497 1506 1538 I
1536 1498 1687 1553 fragm.
1711 1499 1766 1538 44
1789 1495 1904 1551 Or.):
1937 1498 2101 1553 Aperuit

271 1579 399 1630 sorem
430 1576 644 1623 scalarum,
688 1574 760 1615 sed
792 1587 842 1613 ex
874 1571 1014 1614 uerbis
1045 1571 1300 1613 accusatoris
1330 1571 1532 1621 ridentur,
1578 1578 1623 1612 ut
1653 1570 1697 1611 in
1726 1569 1956 1611 Flacciana
1986 1569 2098 1625 (Cio.

272 1665 348 1704 pro
378 1648 533 1689 Flacco
566 1649 601 1688 2.
635 1646 792 1687 Baiter.
825 1644 964 1687 Schol.
996 1644 1194 1687 Bobiens.
1226 1660 1266 1700 p.
1298 1646 1391 1686 230.
1427 1644 1523 1699 Or.)
1556 1645 1838 1700 stranyulam't
1869 1643 2060 1701 [posuit]

386 1723 449 1763 68.
481 1721 573 1762 huic
603 1723 638 1762 se'
666 1722 870 1762 Muttonis.
943 1718 995 1759 Id
1026 1725 1099 1768 est,
1145 1717 1276 1760 Villio
1317 1718 1351 1759 si
1392 1718 1555 1760 animus
1594 1718 1834 1773 loqueretur
1872 1732 1922 1759 ex
1957 1716 2100 1759 uerbis

389 1889 419 1926 1)
445 1897 518 1917 nam
544 1886 646 1925 Long.
673 1888 745 1916 hab.
772 1886 931 1915 maritum.
957 1894 1041 1914 omn.
1068 1885 1153 1914 libri.
1182 1883 1207 1914 C
1232 1888 1335 1914 recte:
1368 1893 1442 1913 nam
1470 1893 1506 1913 ea
1530 1883 1683 1920 Milonem,
1722 1884 1952 1923 Longarenum
1977 1883 2098 1921 dictum,

272 1945 385 1974 habuit
409 1945 569 1973 maritum.
633 1943 668 1981 4)
703 1942 805 1972 Villius
830 1951 890 1980 prn
915 1941 1033 1970 annius
1060 1941 1133 1970 milo
1158 1950 1175 1982 γ
1200 1941 1320 1978 glossa.
1346 1940 1415 1969 rell.
1443 1950 1502 1969 om.
1568 1940 1602 1978 5)
1628 1940 1683 1970 hoc
1707 1940 1756 1969 mi.
1782 1950 1850 1970 un0.
1878 1940 2013 1980 deceptus
2038 1945 2097 1971 est.

271 2001 354 2039 quod
381 2001 447 2029 filia
472 2000 562 2029 sillae
588 2004 672 2029 esset
699 2003 758 2028 etc.
784 2008 810 2039 γ.
837 1998 988 2035 quoniam
1059 1998 1210 2034 deceptus
1236 2006 1296 2025 om.
1322 2006 1403 2025 mva.
1455 1997 1489 2035 7)
1516 2005 1548 2026 se
1563 1997 1621 2026 hoc
1638 2007 1664 2038 γ.
1691 1997 1760 2027 rell.
1781 1997 1841 2027 1100
1859 2006 1901 2026 se.
1950 1998 1984 2036 9)
2009 2005 2096 2036 pecc.

271 2066 361 2095 posse
386 2066 411 2097 γ.
437 2057 505 2085 1811.
534 2065 581 2094 po.
608 2065 690 2093 pecc.
750 2055 805 2093 12)
831 2054 970 2083 conlisus
996 2062 1022 2094 γ.
1085 2053 1140 2091 13)
1166 2053 1292 2081 Ennius
1318 2053 1394 2081 milo
1419 2052 1481 2095 Βφ,
1547 2053 1600 2091 14)
1628 2054 1751 2083 scilicet
1774 2064 1801 2095 γ.
1827 2054 1897 2082 rell.
1924 2063 1986 2083 om.
2013 2071 2054 2073 —
2079 2062 2097 2082 a

270 2113 389 2143 fumnla
415 2112 509 2149 (corr.
537 2121 577 2141 ex
603 2111 720 2141 familia
745 2120 763 2139 a
788 2120 827 2139 m.
858 2110 889 2147 1)
916 2118 942 2151 γ.
968 2110 1038 2138 rell.
1065 2118 1082 2137 a
1108 2108 1236 2138 familia.
1263 2118 1280 2137 a
1305 2108 1425 2138 familia
1450 2113 1554 2138 ortum
1581 2113 1629 2138 est
1662 2118 1703 2138 ex
1737 2110 1861 2140 scholio
1893 2119 1958 2147 seq.
1993 2110 2033 2139 ad
2066 2120 2096 2139 u.

271 2171 312 2198 437
338 2168 472 2198 exclusus
485 2167 578 2207 sore]
607 2166 775 2206 Afamz'lc'cz
807 2166 987 2204 Longareni
1022 2169 1080 2196 ete.
1148 2165 1202 2203 15)
1229 2165 1378 2202 depraeh.
1412 2165 1507 2207 1330,st
1534 2184 1572 2185 W
1600 2165 1652 2208 Βφ
1686 2166 1809 2195 addunt
1843 2167 1964 2196 scholio
1996 2167 2093 2196 haee:

269 2235 361 2263 quem
386 2226 432 2254 ait
456 2224 544 2253 nulla
567 2224 632 2253 alia
656 2232 688 2252 re
725 2224 758 2252 111
785 2224 863 2252 hanc
888 2223 1038 2252 iniuriam
1064 2231 1099 2251 ac
1125 2222 1352 2251 contumeliam
1377 2222 1542 2251 recidisse.
1576 2231 1671 2259 quam
1693 2223 1777 2260 quod
1808 2232 1944 2261 magnae
1978 2223 2095 2252 nobili-

269 2282 348 2311 tatis
363 2290 496 2311 uxorem
510 2281 627 2310 habere
641 2280 857 2309 affectauerit.
905 2280 960 2318 16)
976 2280 1057 2309 excl.
1073 2279 1158 2309 forae
1172 2289 1202 2308 v.
1218 2296 1259 2299 —-
1274 2283 1340 2309 not.
1355 2280 1435 2309 fores
1447 2287 1473 2321 γ.
1488 2279 1557 2308 1811.
1572 2279 1649 2308 fore.
1694 2280 1749 2318 17)
1764 2279 1872 2318 adelfi-s
1885 2290 1910 2321 γ.
1924 2298 1961 2301 —
1974 2280 2056 2310 fores
2067 2289 2095 2321 γ,

268 2337 355 2366 vassi.
375 2337 451 2366 foris
470 2335 535 2371 CQ.
557 2335 741 2375 Concrepuit
759 2337 833 2365 libri
859 2336 934 2365 Acr.
960 2335 1077 2374 crepuit
1094 2335 1163 2365 edd.
1190 2335 1345 2364 Terentii.
1373 2335 1541 2370 Quaeritur
1565 2339 1671 2364 utrum
1697 2334 1789 2373 fores,
1825 2335 1902 2366 foris
1927 2336 2103 2366 diceretur.'

268 2394 323 2423 Bis
342 2404 412 2423 cum
430 2397 494 2422 uet.
513 2394 580 2423 cod.
598 2392 677 2423 fores
694 2403 749 2431 pro
767 2392 841 2422 foris
859 2393 995 2422 seruaui.
1013 2392 1195 2429 Singularis
1214 2392 1245 2420 h.
1265 2401 1294 2420 u.
1315 2392 1412 2421 etiam
1431 2392 1463 2420 in
1481 2391 1608 2428 Plauto,
1628 2391 1732 2427 Liuio,
1753 2391 1908 2422 Cicerone
1927 2396 1958 2422 et
1976 2391 2094 2422 Ouidio

270 2451 416 2479 occurrit.
470 2450 524 2488 18)
543 2449 652 2487 aperui
666 2459 692 2490 γ.
747 2450 800 2488 19)
827 2449 954 2478 flaccina
971 2458 997 2490 γ.
1048 2449 1104 2486 20)
1132 2448 1373 2486 stratigzcz'lailit,
1389 2458 1448 2478 0111.
1468 2449 1586 2486 posuit,
1605 2457 1631 2489 γ.
1683 2449 1740 2488 21)
1766 2450 1798 2478 id
1818 2453 1865 2478 est
1884 2449 1975 2479 [allio
1993 2459 2023 2480 v,
2042 2449 2095 2491 Βφ

268 2507 394 2544 glossa:
413 2506 489 2536 111ιί0.
509 2507 600 2535 ennio
619 2507 752 2535 scilicet.
773 2506 934 2535 scholion:
955 2505 1033 2534 *Imie
1049 2505 1076 2534 sl
1091 2505 1235 2534 muttonis.
1255 2506 1331 2534 hacc
1349 2506 1447 2534 uerba
1466 2505 1511 2534 sic
1530 2506 1706 2535 introducit
1722 2505 1875 2535 Horatius
1894 2506 1982 2544 quasi
1997 2510 2094 2536 mutto

268 2564 287 2592 i.
314 2564 407 2593 uirile
432 2564 607 2592 membrum
633 2563 719 2592 ennii
746 2562 786 2590 ad
812 2563 916 2599 ipsum
941 2562 1068 2591 ennium
1094 2563 1287 2600 loqueretur.
1314 2572 1383 2591 cum
1410 2563 1476 2599 ipse
1502 2563 1607 2591 animo
1634 2571 1740 2591 secum
1761 2563 1951 2592 tractauerit
1974 2563 2092 2592 dicens.

269 2620 345 2657 quid
370 2621 511 2649 causaris
536 2629 553 2648 0
577 2619 666 2648 lzenm'
691 2620 729 2648 118
754 2620 817 2648 ista
842 2619 1036 2648 contumelia
1061 2628 1155 2657 quam
1180 2619 1272 2648 modo
1297 2627 1314 2647 a
1339 2618 1463 2648 familia
1489 2619 1655 2657 longareni
1682 2617 1892 2648 sustinuisti?
1929 2619 2093 2657 Numquid

269 2686 326 2714 ego
351 2677 481 2714 poposci
506 2686 578 2704 cum
604 2675 736 2705 efferbui
762 2676 801 2704 ad
827 2676 944 2705 coitum
968 2679 1003 2703 ut
1029 2683 1168 2704 sumeres
1195 2675 1272 2704 mihi
1298 2685 1435 2704 cunnum
1460 2684 1595 2713 magnae
1622 2675 1804 2704 nobilitatis
1831 2673 1959 2705 ortum?
2007 2676 2090 2705 Non.

267 2732 470 2769 Respondens
496 2742 570 2761 uero
594 2733 706 2761 ennius
732 2732 863 2761 muttoni
891 2741 946 2760 suo
973 2731 1088 2768 inquit.
1136 2731 1210 2760 Ideo
1237 2732 1312 2769 quia
1338 2741 1453 2770 magno
1479 2735 1571 2769 patre
1595 2735 1672 2761 nata
1698 2736 1748 2761 est
1772 2732 1889 2769 puella.
1920 2732 2026 2770 accepi
2051 2731 2091 2760 ad

268 2793 356 2816 tuum
374 2787 475 2826 opus.'
526 2788 654 2817 Lemma
672 2787 739 2817 111(ἰο
758 2788 953 2825 amplificaui
972 2788 1112 2816 addens:
1139 2788 1166 2817 sl
1182 2789 1345 2817 Muttonis.
1373 2789 1521 2818 Muttonis
1538 2789 1659 2817 habent
1676 2788 1837 2831 *fEssszP
1854 2788 1944 2818 Barc.
1972 2788 2090 2818 Bernn.

268 2843 323 2872 AC
348 2843 507 2880 (motionis
533 2844 578 2882 K)
605 2845 734 2882 aliique.
761 2845 892 2873 mutonis
918 2843 1054 2879 vat'hCQ
1081 2845 1113 2872 in
1141 2845 1274 2874 scholio.
1299 2844 1364 2873 Cic.
1391 2855 1447 2883 pro
1473 2844 1591 2874 Scauro
1617 2845 1635 2873 3
1666 2844 1768 2877 Quinti
1798 2844 1942 2874 Muttonis
1965 2844 2092 2874 hominis

266 2900 466 2929 sordidissimi
489 2902 687 2930 mentionem
712 2901 801 2930 facit.
829 2900 912 2930 conf.
940 2904 1005 2931 not.
1033 2902 1050 2929 3
1076 2901 1193 2939 Angeli
1221 2901 1298 2938 Mai,
1335 2902 1388 2940 qui
1415 2902 1525 2930 laudat
1552 2899 1619 2930 Cic.
1646 2901 1679 2929 in
1705 2901 1817 2938 fragm.
1850 2911 1893 2931 or.
1926 2911 1981 2939 pro
2006 2902 2090 2931 Fun-

268 2957 364 2985 danio
390 2956 509 2988 (Beier.
535 2957 657 2995 Fragm.
683 2956 747 2987 Cic.
775 2967 803 2995 p.
834 2958 929 2995 173):
968 2958 1049 2986 ‘Non
1075 2958 1167 2987 modo
1193 2959 1251 2987 hoc
1283 2968 1301 2986 a
1326 2958 1423 2988 Villio
1448 2958 1583 2994 Alinale,
1621 2958 1677 2987 sed
1708 2959 1766 2987 uix
1798 2958 1976 2988 mehercule
2008 2968 2026 2987 a
2051 2957 2088 2993 Q.
2142 2973 2143 2977 =

267 3013 389 3041 ,natoue
415 3013 530 3042 factum
559 3015 683 3051 probari
711 3015 839 3051 potcst‚'
866 3018 895 3043 et
921 3014 1028 3043 addit:
1056 3015 1144 3043 ‘mihi
1171 3014 1255 3044 Muto
1281 3015 1312 3043 in
1339 3015 1407 3045 loco
1425 3015 1601 3045 Horatiano
1618 3015 1746 3044 videtur
1763 3024 1877 3044 110111811
1896 3015 1969 3053 uiri,
1996 3015 2089 3053 quid-

267 3069 343 3107 quitl
371 3070 414 3097 ibi
442 3071 664 3099 contradicant
694 3072 771 3099 ,lero
795 3074 822 3099 et
835 3070 1014 3110 Porywhfflu'o,
1041 3080 1119 3108 quos
1146 3072 1338 3100 recentiores
1365 3072 1558 3109 interpretes
1584 3071 1743 3109 gregatim
1769 3071 1968 3109 sequuntur?
1996 3069 2087 3100 Conf.

267 3122 384 3166 μυττός
410 3126 441 3154 in
466 3125 554 3155 Voss.
583 3126 691 3166 Etym.
721 3131 751 3157 et
776 3122 877 3168 μύτης
903 3122 918 3156 ὁ
943 3122 1020 3168 πρὸς
1043 3126 1083 3157 τὰ
1110 3123 1276 3170 ἀφροδίσια
1302 3123 1509 3169 ἐκλελυμένος
1533 3128 1565 3157 in
1591 3127 1765 3167 Hesychio.
