<?xml version="1.0" encoding="UTF-8"?>
<!DOCTYPE html PUBLIC "-//W3C//DTD XHTML 1.0 Transitional//EN"
    "http://www.w3.org/TR/xhtml1/DTD/xhtml1-transitional.dtd">
<html xmlns="http://www.w3.org/1999/xhtml" xml:lang="en" lang="en">
 <head>
  <title>
</title>
<meta http-equiv="Content-Type" content="text/html;charset=utf-8" />
  <meta name='ocr-system' content='tesseract 3.04.00' />
  <meta name='ocr-capabilities' content='ocr_page ocr_carea ocr_par ocr_line ocrx_word'/>
</head>
<body>
  <div class='ocr_page' id='page_1' title='image "acronisetporphyr02pseuuoft_0393.png"; bbox 0 0 2148 3412; ppageno 0'>
   <div class='ocr_carea' id='block_1_1' title="bbox 829 128 1907 175">
    <p class='ocr_par' dir='ltr' id='par_1_1' title="bbox 829 128 1907 175">
     <span class='ocr_line' id='line_1_1' title="bbox 829 128 1907 175; baseline 0.002 -8"><span class='ocrx_word' id='word_1_1' title='bbox 829 136 878 167; x_wconf 77' lang='lat' dir='ltr'>m</span> <span class='ocrx_word' id='word_1_2' title='bbox 903 135 1049 168; x_wconf 81' lang='lat' dir='ltr'>EPIST.</span> <span class='ocrx_word' id='word_1_3' title='bbox 1075 136 1101 175; x_wconf 90' lang='lat'>1,</span> <span class='ocrx_word' id='word_1_4' title='bbox 1128 140 1158 168; x_wconf 89' lang='lat'>3.</span> <span class='ocrx_word' id='word_1_5' title='bbox 1826 128 1907 170; x_wconf 78' lang='lat'>385</span> 
     </span>
    </p>
   </div>
   <div class='ocr_carea' id='block_1_2' title="bbox 8 0 1974 906">
    <p class='ocr_par' dir='ltr' id='par_1_2' title="bbox 8 0 1974 906">
     <span class='ocr_line' id='line_1_2' title="bbox 8 0 14 116; baseline 0 0"><span class='ocrx_word' id='word_1_6' title='bbox 8 0 14 116; x_wconf 69' lang='grc' dir='ltr'>Ξ</span> 
     </span>
     <span class='ocr_line' id='line_1_3' title="bbox 9 126 1909 314; baseline 0.002 -13"><span class='ocrx_word' id='word_1_7' title='bbox 9 126 15 279; x_wconf 63' lang='lat' dir='ltr'>i</span> <span class='ocrx_word' id='word_1_8' title='bbox 78 257 317 302; x_wconf 84' lang='lat' dir='ltr'>fundissimi</span> <span class='ocrx_word' id='word_1_9' title='bbox 347 271 492 300; x_wconf 85' lang='lat' dir='ltr'>sensus</span> <span class='ocrx_word' id='word_1_10' title='bbox 523 263 562 300; x_wconf 87' lang='lat' dir='ltr'>et</span> <span class='ocrx_word' id='word_1_11' title='bbox 593 258 869 314; x_wconf 80' lang='lat' dir='ltr'>eloquentiae,</span> <span class='ocrx_word' id='word_1_12' title='bbox 901 260 945 301; x_wconf 91' lang='lat' dir='ltr'>in</span> <span class='ocrx_word' id='word_1_13' title='bbox 975 259 1178 302; x_wconf 89' lang='lat' dir='ltr'>Latinum</span> <span class='ocrx_word' id='word_1_14' title='bbox 1209 275 1444 303; x_wconf 86' lang='lat' dir='ltr'>sermonem</span> <span class='ocrx_word' id='word_1_15' title='bbox 1478 269 1650 305; x_wconf 84' lang='lat' dir='ltr'>conatus</span> <span class='ocrx_word' id='word_1_16' title='bbox 1681 269 1742 305; x_wconf 90' lang='lat' dir='ltr'>est</span> <span class='ocrx_word' id='word_1_17' title='bbox 1772 268 1909 305; x_wconf 86' lang='lat' dir='ltr'>trans-</span> 
     </span>
     <span class='ocr_line' id='line_1_4' title="bbox 11 282 1909 448; baseline 0.001 -73"><span class='ocrx_word' id='word_1_18' title='bbox 11 282 15 448; x_wconf 60' lang='grc' dir='ltr'><strong><em>ς</em></strong></span> <span class='ocrx_word' id='word_1_19' title='bbox 77 332 219 389; x_wconf 71' lang='lat' dir='ltr'>ferre]</span> <span class='ocrx_word' id='word_1_20' title='bbox 281 330 370 384; x_wconf 78' lang='lat' dir='ltr'>Qui</span> <span class='ocrx_word' id='word_1_21' title='bbox 401 331 483 374; x_wconf 87' lang='lat' dir='ltr'>cito</span> <span class='ocrx_word' id='word_1_22' title='bbox 527 332 816 374; x_wconf 84' lang='lat' dir='ltr'>auctoritatem</span> <span class='ocrx_word' id='word_1_23' title='bbox 857 332 1030 374; x_wconf 81' lang='lat' dir='ltr'>habebit</span> <span class='ocrx_word' id='word_1_24' title='bbox 1073 334 1182 375; x_wconf 88' lang='lat' dir='ltr'>inter</span> <span class='ocrx_word' id='word_1_25' title='bbox 1226 350 1409 377; x_wconf 88' lang='lat' dir='ltr'>summos</span> <span class='ocrx_word' id='word_1_26' title='bbox 1455 336 1654 379; x_wconf 82' lang='lat' dir='ltr'>carminis</span> <span class='ocrx_word' id='word_1_27' title='bbox 1699 337 1774 379; x_wconf 85' lang='lat' dir='ltr'>sui.</span> <span class='ocrx_word' id='word_1_28' title='bbox 1834 337 1909 378; x_wconf 74' lang='lat' dir='ltr'>Ti-</span> 
     </span>
     <span class='ocr_line' id='line_1_5' title="bbox 77 403 1910 466; baseline 0.003 -18"><span class='ocrx_word' id='word_1_29' title='bbox 77 407 157 448; x_wconf 87' lang='lat' dir='ltr'>tius</span> <span class='ocrx_word' id='word_1_30' title='bbox 189 403 406 459; x_wconf 83' lang='lat' dir='ltr'>Septimus</span> <span class='ocrx_word' id='word_1_31' title='bbox 436 412 631 460; x_wconf 86' lang='lat' dir='ltr'>coeperat</span> <span class='ocrx_word' id='word_1_32' title='bbox 660 405 794 460; x_wconf 87' lang='lat' dir='ltr'>lyrica</span> <span class='ocrx_word' id='word_1_33' title='bbox 824 406 1013 447; x_wconf 84' lang='lat' dir='ltr'>carmina</span> <span class='ocrx_word' id='word_1_34' title='bbox 1048 414 1087 448; x_wconf 89' lang='lat' dir='ltr'>et</span> <span class='ocrx_word' id='word_1_35' title='bbox 1122 408 1363 464; x_wconf 83' lang='lat' dir='ltr'>tragoedias</span> <span class='ocrx_word' id='word_1_36' title='bbox 1414 410 1598 451; x_wconf 87' lang='lat' dir='ltr'>scribere</span> <span class='ocrx_word' id='word_1_37' title='bbox 1648 411 1910 466; x_wconf 83' lang='lat' dir='ltr'>temporibus</span> 
     </span>
     <span class='ocr_line' id='line_1_6' title="bbox 11 456 1909 545; baseline 0.003 -24"><span class='ocrx_word' id='word_1_38' title='bbox 11 456 16 545; x_wconf 49' lang='grc' dir='ltr'>ι</span> <span class='ocrx_word' id='word_1_39' title='bbox 76 478 276 534; x_wconf 83' lang='lat' dir='ltr'>Augusti,</span> <span class='ocrx_word' id='word_1_40' title='bbox 312 478 385 520; x_wconf 88' lang='lat' dir='ltr'>sed</span> <span class='ocrx_word' id='word_1_41' title='bbox 414 478 513 519; x_wconf 87' lang='lat' dir='ltr'>libri</span> <span class='ocrx_word' id='word_1_42' title='bbox 543 478 634 520; x_wconf 85' lang='lat' dir='ltr'>eius</span> <span class='ocrx_word' id='word_1_43' title='bbox 668 479 775 520; x_wconf 90' lang='lat' dir='ltr'>nulli</span> <span class='ocrx_word' id='word_1_44' title='bbox 797 486 971 521; x_wconf 86' lang='lat' dir='ltr'>exstant.</span> <span class='ocrx_word' id='word_1_45' title='bbox 1031 479 1173 523; x_wconf 90' lang='lat' dir='ltr'>Huius</span> <span class='ocrx_word' id='word_1_46' title='bbox 1194 481 1361 537; x_wconf 84' lang='lat' dir='ltr'>insigne</span> <span class='ocrx_word' id='word_1_47' title='bbox 1382 491 1699 526; x_wconf 87' lang='lat' dir='ltr'>monumentum</span> <span class='ocrx_word' id='word_1_48' title='bbox 1720 492 1779 526; x_wconf 80' lang='lat' dir='ltr'>est</span> <span class='ocrx_word' id='word_1_49' title='bbox 1799 485 1909 526; x_wconf 85' lang='lat' dir='ltr'>infra</span> 
     </span>
     <span class='ocr_line' id='line_1_7' title="bbox 12 547 1974 643; baseline 0.003 -51"><span class='ocrx_word' id='word_1_50' title='bbox 12 547 16 643; x_wconf 72' lang='grc' dir='ltr'>Ι</span> <span class='ocrx_word' id='word_1_51' title='bbox 79 551 279 593; x_wconf 88' lang='lat' dir='ltr'>Aritium.</span> <span class='ocrx_word' id='word_1_52' title='bbox 1956 569 1974 598; x_wconf 84' lang='lat'>5</span> 
     </span>
     <span class='ocr_line' id='line_1_8' title="bbox 188 625 1907 682; baseline 0.005 -17"><span class='ocrx_word' id='word_1_53' title='bbox 188 626 252 666; x_wconf 90' lang='grc'>10.</span> <span class='ocrx_word' id='word_1_54' title='bbox 285 625 500 667; x_wconf 73' lang='lat' dir='ltr'>Pindarici</span> <span class='ocrx_word' id='word_1_55' title='bbox 525 627 648 680; x_wconf 78' lang='lat' dir='ltr'>fontis</span> <span class='ocrx_word' id='word_1_56' title='bbox 680 627 751 681; x_wconf 82' lang='lat' dir='ltr'>qui</span> <span class='ocrx_word' id='word_1_57' title='bbox 778 641 858 668; x_wconf 89' lang='lat' dir='ltr'>non</span> <span class='ocrx_word' id='word_1_58' title='bbox 889 627 1036 682; x_wconf 73' lang='lat' dir='ltr'>eoepall.</span> <span class='ocrx_word' id='word_1_59' title='bbox 1096 626 1148 667; x_wconf 81' lang='lat' dir='ltr'>Id</span> <span class='ocrx_word' id='word_1_60' title='bbox 1179 633 1259 669; x_wconf 87' lang='lat' dir='ltr'>est:</span> <span class='ocrx_word' id='word_1_61' title='bbox 1308 628 1378 682; x_wconf 87' lang='lat' dir='ltr'>qui</span> <span class='ocrx_word' id='word_1_62' title='bbox 1415 644 1500 671; x_wconf 91' lang='lat' dir='ltr'>non</span> <span class='ocrx_word' id='word_1_63' title='bbox 1531 629 1667 672; x_wconf 86' lang='lat' dir='ltr'>timuit</span> <span class='ocrx_word' id='word_1_64' title='bbox 1688 630 1907 673; x_wconf 79' lang='lat' dir='ltr'>Pindarici</span> 
     </span>
     <span class='ocr_line' id='line_1_9' title="bbox 13 644 1906 817; baseline 0.003 -76"><span class='ocrx_word' id='word_1_65' title='bbox 13 644 18 817; x_wconf 49' lang='lat' dir='ltr'>k</span> <span class='ocrx_word' id='word_1_66' title='bbox 74 698 235 755; x_wconf 82' lang='lat' dir='ltr'>ingenii</span> <span class='ocrx_word' id='word_1_67' title='bbox 265 699 492 740; x_wconf 87' lang='lat' dir='ltr'>transferre</span> <span class='ocrx_word' id='word_1_68' title='bbox 524 700 723 741; x_wconf 89' lang='lat' dir='ltr'>carmina.</span> <span class='ocrx_word' id='word_1_69' title='bbox 782 698 976 740; x_wconf 90' lang='lat' dir='ltr'>Aliter:</span> <span class='ocrx_word' id='word_1_70' title='bbox 1022 715 1107 741; x_wconf 90' lang='lat' dir='ltr'>non</span> <span class='ocrx_word' id='word_1_71' title='bbox 1138 701 1343 756; x_wconf 81' lang='lat' dir='ltr'>expalluit</span> <span class='ocrx_word' id='word_1_72' title='bbox 1372 701 1594 745; x_wconf 78' lang='lat' dir='ltr'>Pindarici</span> <span class='ocrx_word' id='word_1_73' title='bbox 1625 705 1708 746; x_wconf 90' lang='lat' dir='ltr'>stili</span> <span class='ocrx_word' id='word_1_74' title='bbox 1739 706 1906 762; x_wconf 83' lang='lat' dir='ltr'>magni-</span> 
     </span>
     <span class='ocr_line' id='line_1_10' title="bbox 74 772 1906 830; baseline 0.004 -16"><span class='ocrx_word' id='word_1_75' title='bbox 74 772 259 815; x_wconf 87' lang='lat' dir='ltr'>tudinem</span> <span class='ocrx_word' id='word_1_76' title='bbox 291 772 422 827; x_wconf 87' lang='lat' dir='ltr'>sequi,</span> <span class='ocrx_word' id='word_1_77' title='bbox 458 787 583 814; x_wconf 88' lang='lat' dir='ltr'>ausus</span> <span class='ocrx_word' id='word_1_78' title='bbox 612 772 802 814; x_wconf 84' lang='lat' dir='ltr'>fastidire</span> <span class='ocrx_word' id='word_1_79' title='bbox 834 773 1008 828; x_wconf 83' lang='lat' dir='ltr'>ingenia</span> <span class='ocrx_word' id='word_1_80' title='bbox 1036 774 1233 830; x_wconf 82' lang='lat' dir='ltr'>uulgaria</span> <span class='ocrx_word' id='word_1_81' title='bbox 1268 789 1318 817; x_wconf 85' lang='lat' dir='ltr'>ae</span> <span class='ocrx_word' id='word_1_82' title='bbox 1353 775 1468 817; x_wconf 88' lang='lat' dir='ltr'>uilia.</span> <span class='ocrx_word' id='word_1_83' title='bbox 1529 779 1736 821; x_wconf 83' lang='lat' dir='ltr'>Pindarus</span> <span class='ocrx_word' id='word_1_84' title='bbox 1769 777 1906 821; x_wconf 86' lang='lat' dir='ltr'>Grae-</span> 
     </span>
     <span class='ocr_line' id='line_1_11' title="bbox 14 820 501 906; baseline -0.008 -16"><span class='ocrx_word' id='word_1_85' title='bbox 14 820 19 906; x_wconf 69' lang='grc' dir='ltr'>Ι</span> <span class='ocrx_word' id='word_1_86' title='bbox 74 862 145 890; x_wconf 88' lang='lat' dir='ltr'>cus</span> <span class='ocrx_word' id='word_1_87' title='bbox 174 852 300 901; x_wconf 89' lang='lat' dir='ltr'>poeta</span> <span class='ocrx_word' id='word_1_88' title='bbox 329 845 501 902; x_wconf 85' lang='lat' dir='ltr'>lyricus.</span> 
     </span>
    </p>
   </div>
   <div class='ocr_carea' id='block_1_3' title="bbox 71 919 1973 1049">
    <p class='ocr_par' dir='ltr' id='par_1_3' title="bbox 71 919 1973 1049">
     <span class='ocr_line' id='line_1_12' title="bbox 186 919 1973 981; baseline 0.004 -20"><span class='ocrx_word' id='word_1_89' title='bbox 186 921 249 961; x_wconf 84' lang='lat'>11.</span> <span class='ocrx_word' id='word_1_90' title='bbox 281 928 450 976; x_wconf 80' lang='lat' dir='ltr'>apertos.</span> <span class='ocrx_word' id='word_1_91' title='bbox 526 919 624 962; x_wconf 92' lang='lat' dir='ltr'>Hoc</span> <span class='ocrx_word' id='word_1_92' title='bbox 655 926 734 962; x_wconf 84' lang='lat' dir='ltr'>est:</span> <span class='ocrx_word' id='word_1_93' title='bbox 766 920 931 962; x_wconf 83' lang='lat' dir='ltr'>minora</span> <span class='ocrx_word' id='word_1_94' title='bbox 961 927 1276 977; x_wconf 80' lang='lat' dir='ltr'>contempnens,</span> <span class='ocrx_word' id='word_1_95' title='bbox 1326 921 1470 980; x_wconf 86' lang='lat' dir='ltr'>[latos]</span> <span class='ocrx_word' id='word_1_96' title='bbox 1520 925 1632 967; x_wconf 79' lang='lat' dir='ltr'>lacus</span> <span class='ocrx_word' id='word_1_97' title='bbox 1665 925 1721 981; x_wconf 85' lang='lat' dir='ltr'>(et</span> <span class='ocrx_word' id='word_1_98' title='bbox 1750 926 1903 981; x_wconf 44' lang='lat' dir='ltr'>riuos&amp;</span> <span class='ocrx_word' id='word_1_99' title='bbox 1932 933 1973 965; x_wconf 76' lang='grc'>10</span> 
     </span>
     <span class='ocr_line' id='line_1_13' title="bbox 71 993 832 1049; baseline -0.003 -13"><span class='ocrx_word' id='word_1_100' title='bbox 71 993 228 1044; x_wconf 87' lang='lat' dir='ltr'>faciles,</span> <span class='ocrx_word' id='word_1_101' title='bbox 244 994 285 1049; x_wconf 53' lang='grc' dir='ltr'>ἐξ)</span> <span class='ocrx_word' id='word_1_102' title='bbox 303 1000 374 1034; x_wconf 88' lang='lat' dir='ltr'>aut</span> <span class='ocrx_word' id='word_1_103' title='bbox 404 1000 594 1049; x_wconf 84' lang='lat' dir='ltr'>patentes</span> <span class='ocrx_word' id='word_1_104' title='bbox 625 993 832 1036; x_wconf 90' lang='lat' dir='ltr'>omnibus.</span> 
     </span>
    </p>
   </div>
   <div class='ocr_carea' id='block_1_4' title="bbox 17 1065 1971 1410">
    <p class='ocr_par' dir='ltr' id='par_1_4' title="bbox 183 1065 731 1122">
     <span class='ocr_line' id='line_1_14' title="bbox 183 1065 731 1122; baseline -0.002 -13"><span class='ocrx_word' id='word_1_105' title='bbox 183 1068 298 1109; x_wconf 80' lang='lat' dir='ltr'>lacus</span> <span class='ocrx_word' id='word_1_106' title='bbox 329 1076 364 1108; x_wconf 80' lang='lat' dir='ltr'>et</span> <span class='ocrx_word' id='word_1_107' title='bbox 393 1069 515 1109; x_wconf 77' lang='lat' dir='ltr'>riuos.</span> <span class='ocrx_word' id='word_1_108' title='bbox 547 1065 731 1122; x_wconf 88' lang='lat' dir='ltr'>Scripta.</span> 
     </span>
    </p>

    <p class='ocr_par' dir='ltr' id='par_1_5' title="bbox 184 1139 984 1183">
     <span class='ocr_line' id='line_1_15' title="bbox 184 1139 984 1183; baseline 0.001 -2"><span class='ocrx_word' id='word_1_109' title='bbox 184 1142 247 1182; x_wconf 85' lang='lat'>13.</span> <span class='ocrx_word' id='word_1_110' title='bbox 284 1141 507 1183; x_wconf 77' lang='lat' dir='ltr'>Thebanos.</span> <span class='ocrx_word' id='word_1_111' title='bbox 566 1139 746 1182; x_wconf 86' lang='lat' dir='ltr'>Pindari</span> <span class='ocrx_word' id='word_1_112' title='bbox 777 1140 984 1182; x_wconf 88' lang='lat' dir='ltr'>Thebani.</span> 
     </span>
    </p>

    <p class='ocr_par' dir='ltr' id='par_1_6' title="bbox 17 1172 1903 1288">
     <span class='ocr_line' id='line_1_16' title="bbox 17 1172 1903 1288; baseline 0.003 -33"><span class='ocrx_word' id='word_1_113' title='bbox 17 1172 21 1288; x_wconf 78' lang='grc' dir='ltr'>Ι</span> <span class='ocrx_word' id='word_1_114' title='bbox 186 1214 391 1256; x_wconf 78' lang='lat' dir='ltr'>Thebanos</span> <span class='ocrx_word' id='word_1_115' title='bbox 423 1223 564 1271; x_wconf 82' lang='lat' dir='ltr'>aptare</span> <span class='ocrx_word' id='word_1_116' title='bbox 595 1215 743 1256; x_wconf 74' lang='lat' dir='ltr'>modos.</span> <span class='ocrx_word' id='word_1_117' title='bbox 824 1213 1059 1270; x_wconf 81' lang='lat' dir='ltr'>Significat,</span> <span class='ocrx_word' id='word_1_118' title='bbox 1091 1214 1251 1257; x_wconf 88' lang='lat' dir='ltr'>Titium</span> <span class='ocrx_word' id='word_1_119' title='bbox 1282 1216 1462 1271; x_wconf 87' lang='lat' dir='ltr'>lyricum</span> <span class='ocrx_word' id='word_1_120' title='bbox 1493 1218 1679 1260; x_wconf 87' lang='lat' dir='ltr'>scribere</span> <span class='ocrx_word' id='word_1_121' title='bbox 1720 1234 1903 1271; x_wconf 87' lang='lat' dir='ltr'>carmen,</span> 
     </span>
    </p>

    <p class='ocr_par' dir='ltr' id='par_1_7' title="bbox 18 1287 1971 1410">
     <span class='ocr_line' id='line_1_17' title="bbox 18 1287 1971 1373; baseline 0.001 -45"><span class='ocrx_word' id='word_1_122' title='bbox 18 1290 22 1373; x_wconf 53' lang='grc'><strong>1</strong></span> <span class='ocrx_word' id='word_1_123' title='bbox 71 1288 167 1342; x_wconf 89' lang='lat' dir='ltr'>quia</span> <span class='ocrx_word' id='word_1_124' title='bbox 197 1287 427 1329; x_wconf 85' lang='lat' dir='ltr'>Thebanus</span> <span class='ocrx_word' id='word_1_125' title='bbox 457 1288 535 1329; x_wconf 87' lang='lat' dir='ltr'>fuit</span> <span class='ocrx_word' id='word_1_126' title='bbox 564 1287 790 1338; x_wconf 83' lang='lat' dir='ltr'>Pindarus,</span> <span class='ocrx_word' id='word_1_127' title='bbox 832 1288 876 1328; x_wconf 86' lang='lat' dir='ltr'>id</span> <span class='ocrx_word' id='word_1_128' title='bbox 907 1296 986 1330; x_wconf 84' lang='lat' dir='ltr'>est:</span> <span class='ocrx_word' id='word_1_129' title='bbox 1035 1288 1173 1331; x_wconf 89' lang='lat' dir='ltr'>adhuc</span> <span class='ocrx_word' id='word_1_130' title='bbox 1210 1290 1510 1345; x_wconf 87' lang='lat' dir='ltr'>interpretatur</span> <span class='ocrx_word' id='word_1_131' title='bbox 1539 1292 1789 1344; x_wconf 84' lang='lat' dir='ltr'>Pindarum,</span> <span class='ocrx_word' id='word_1_132' title='bbox 1834 1300 1905 1335; x_wconf 87' lang='lat' dir='ltr'>aut</span> <span class='ocrx_word' id='word_1_133' title='bbox 1930 1300 1971 1331; x_wconf 80' lang='lat'>15</span> 
     </span>
     <span class='ocr_line' id='line_1_18' title="bbox 19 1377 22 1410; baseline 0 0"><span class='ocrx_word' id='word_1_134' title='bbox 19 1377 22 1410; x_wconf 96' lang='grc' dir='ltr'>Ι</span> 
     </span>
    </p>
   </div>
   <div class='ocr_carea' id='block_1_5' title="bbox 15 917 21 1168">
    <p class='ocr_par' dir='ltr' id='par_1_8' title="bbox 15 917 21 1168">
     <span class='ocr_line' id='line_1_19' title="bbox 15 917 21 1168; baseline 0 2244"><span class='ocrx_word' id='word_1_135' title='bbox 15 917 21 1168; x_wconf 95' lang='lat' dir='ltr'> </span> 
     </span>
    </p>
   </div>
   <div class='ocr_carea' id='block_1_6' title="bbox 69 1361 1696 1639">
    <p class='ocr_par' dir='ltr' id='par_1_9' title="bbox 69 1361 1696 1639">
     <span class='ocr_line' id='line_1_20' title="bbox 69 1361 534 1418; baseline 0 -16"><span class='ocrx_word' id='word_1_136' title='bbox 69 1361 330 1418; x_wconf 86' lang='lat' dir='ltr'>tragoediam</span> <span class='ocrx_word' id='word_1_137' title='bbox 360 1361 534 1403; x_wconf 80' lang='lat' dir='ltr'>scribit?</span> 
     </span>
     <span class='ocr_line' id='line_1_21' title="bbox 180 1434 1208 1492; baseline 0.001 -16"><span class='ocrx_word' id='word_1_138' title='bbox 180 1437 340 1492; x_wconf 79' lang='lat' dir='ltr'>auspice</span> <span class='ocrx_word' id='word_1_139' title='bbox 371 1436 507 1479; x_wconf 82' lang='lat' dir='ltr'>Musa.</span> <span class='ocrx_word' id='word_1_140' title='bbox 565 1434 777 1485; x_wconf 84' lang='lat' dir='ltr'>Fautriee,</span> <span class='ocrx_word' id='word_1_141' title='bbox 810 1435 1040 1491; x_wconf 84' lang='lat' dir='ltr'>auspitium</span> <span class='ocrx_word' id='word_1_142' title='bbox 1070 1436 1208 1477; x_wconf 83' lang='lat' dir='ltr'>dante.</span> 
     </span>
     <span class='ocr_line' id='line_1_22' title="bbox 181 1508 1696 1569; baseline 0.003 -20"><span class='ocrx_word' id='word_1_143' title='bbox 181 1510 246 1550; x_wconf 88' lang='grc'>14.</span> <span class='ocrx_word' id='word_1_144' title='bbox 279 1510 541 1566; x_wconf 72' lang='lat' dir='ltr'>ampullatur.</span> <span class='ocrx_word' id='word_1_145' title='bbox 602 1508 664 1551; x_wconf 92' lang='lat' dir='ltr'>Ut</span> <span class='ocrx_word' id='word_1_146' title='bbox 694 1509 888 1564; x_wconf 88' lang='lat' dir='ltr'>superius</span> <span class='ocrx_word' id='word_1_147' title='bbox 921 1508 1036 1563; x_wconf 86' lang='lat' dir='ltr'>(Art.</span> <span class='ocrx_word' id='word_1_148' title='bbox 1068 1524 1134 1564; x_wconf 92' lang='lat' dir='ltr'>po.</span> <span class='ocrx_word' id='word_1_149' title='bbox 1170 1510 1264 1565; x_wconf 81' lang='lat'>97):</span> <span class='ocrx_word' id='word_1_150' title='bbox 1300 1511 1449 1553; x_wconf 81' lang='lat' dir='ltr'>Proicit</span> <span class='ocrx_word' id='word_1_151' title='bbox 1480 1513 1696 1569; x_wconf 77' lang='lat' dir='ltr'>ampullas.</span> 
     </span>
     <span class='ocr_line' id='line_1_23' title="bbox 178 1582 1009 1639; baseline 0.001 -16"><span class='ocrx_word' id='word_1_152' title='bbox 178 1583 438 1638; x_wconf 79' lang='lat' dir='ltr'>ampullatur.</span> <span class='ocrx_word' id='word_1_153' title='bbox 498 1582 741 1634; x_wconf 83' lang='lat' dir='ltr'>Extollitur,</span> <span class='ocrx_word' id='word_1_154' title='bbox 774 1583 1009 1639; x_wconf 83' lang='lat' dir='ltr'>granditur.</span> 
     </span>
    </p>
   </div>
   <div class='ocr_carea' id='block_1_7' title="bbox 67 1655 1970 1784">
    <p class='ocr_par' dir='ltr' id='par_1_10' title="bbox 67 1655 1970 1784">
     <span class='ocr_line' id='line_1_24' title="bbox 181 1655 1970 1713; baseline 0.001 -15"><span class='ocrx_word' id='word_1_155' title='bbox 181 1657 245 1699; x_wconf 85' lang='lat'>15.</span> <span class='ocrx_word' id='word_1_156' title='bbox 282 1657 392 1707; x_wconf 80' lang='lat' dir='ltr'>Quid</span> <span class='ocrx_word' id='word_1_157' title='bbox 421 1657 519 1699; x_wconf 73' lang='lat' dir='ltr'>milii</span> <span class='ocrx_word' id='word_1_158' title='bbox 550 1657 688 1699; x_wconf 79' lang='lat' dir='ltr'>Celsus</span> <span class='ocrx_word' id='word_1_159' title='bbox 719 1659 831 1712; x_wconf 69' lang='lat' dir='ltr'>aqu?</span> <span class='ocrx_word' id='word_1_160' title='bbox 897 1655 1047 1699; x_wconf 86' lang='lat' dir='ltr'>Celsus</span> <span class='ocrx_word' id='word_1_161' title='bbox 1076 1657 1144 1699; x_wconf 86' lang='lat' dir='ltr'>hic</span> <span class='ocrx_word' id='word_1_162' title='bbox 1175 1664 1300 1712; x_wconf 84' lang='lat' dir='ltr'>poeta</span> <span class='ocrx_word' id='word_1_163' title='bbox 1328 1657 1421 1708; x_wconf 80' lang='lat' dir='ltr'>fuit,</span> <span class='ocrx_word' id='word_1_164' title='bbox 1469 1658 1540 1713; x_wconf 89' lang='lat' dir='ltr'>qui</span> <span class='ocrx_word' id='word_1_165' title='bbox 1586 1659 1734 1701; x_wconf 88' lang='lat' dir='ltr'>alienis</span> <span class='ocrx_word' id='word_1_166' title='bbox 1779 1660 1903 1702; x_wconf 85' lang='lat' dir='ltr'>dietis</span> <span class='ocrx_word' id='word_1_167' title='bbox 1928 1668 1970 1699; x_wconf 81' lang='lat'>20</span> 
     </span>
     <span class='ocr_line' id='line_1_25' title="bbox 67 1730 495 1784; baseline 0.002 -13"><span class='ocrx_word' id='word_1_168' title='bbox 67 1744 143 1784; x_wconf 88' lang='lat' dir='ltr'>pro</span> <span class='ocrx_word' id='word_1_169' title='bbox 174 1730 259 1772; x_wconf 87' lang='lat' dir='ltr'>suis</span> <span class='ocrx_word' id='word_1_170' title='bbox 288 1730 495 1772; x_wconf 88' lang='lat' dir='ltr'>utebatur.</span> 
     </span>
    </p>
   </div>
   <div class='ocr_carea' id='block_1_8' title="bbox 21 1724 25 1792">
    <p class='ocr_par' dir='ltr' id='par_1_11' title="bbox 21 1724 25 1792">
     <span class='ocr_line' id='line_1_26' title="bbox 21 1724 25 1762; baseline 0 0"><span class='ocrx_word' id='word_1_171' title='bbox 21 1724 25 1762; x_wconf 72' lang='grc' dir='ltr'><strong>ἶ</strong></span> 
     </span>
     <span class='ocr_line' id='line_1_27' title="bbox 21 1767 25 1792; baseline 0 0"><span class='ocrx_word' id='word_1_172' title='bbox 21 1767 25 1792; x_wconf 72' lang='grc' dir='ltr'>ι</span> 
     </span>
    </p>
   </div>
   <div class='ocr_carea' id='block_1_9' title="bbox 2 1754 4 1770">
    <p class='ocr_par' dir='ltr' id='par_1_12' title="bbox 2 1754 4 1770">
     <span class='ocr_line' id='line_1_28' title="bbox 2 1754 4 1770; baseline 0 0"><span class='ocrx_word' id='word_1_173' title='bbox 2 1754 4 1770; x_wconf 63' lang='lat' dir='ltr'>l</span> 
     </span>
    </p>
   </div>
   <div class='ocr_carea' id='block_1_10' title="bbox 6 1803 1967 2228">
    <p class='ocr_par' dir='ltr' id='par_1_13' title="bbox 181 1803 1901 1936">
     <span class='ocr_line' id='line_1_29' title="bbox 182 1803 1900 1860; baseline 0.002 -15"><span class='ocrx_word' id='word_1_174' title='bbox 182 1805 246 1845; x_wconf 82' lang='lat'>16.</span> <span class='ocrx_word' id='word_1_175' title='bbox 278 1805 471 1846; x_wconf 77' lang='lat' dir='ltr'>Priuatas</span> <span class='ocrx_word' id='word_1_176' title='bbox 500 1812 547 1846; x_wconf 78' lang='lat' dir='ltr'>ut</span> <span class='ocrx_word' id='word_1_177' title='bbox 567 1813 737 1860; x_wconf 78' lang='lat' dir='ltr'>quaerat</span> <span class='ocrx_word' id='word_1_178' title='bbox 757 1819 859 1860; x_wconf 79' lang='lat' dir='ltr'>opes.</span> <span class='ocrx_word' id='word_1_179' title='bbox 918 1803 980 1846; x_wconf 81' lang='lat' dir='ltr'>Ut</span> <span class='ocrx_word' id='word_1_180' title='bbox 1010 1805 1184 1860; x_wconf 85' lang='lat' dir='ltr'>propria</span> <span class='ocrx_word' id='word_1_181' title='bbox 1216 1805 1372 1860; x_wconf 85' lang='lat' dir='ltr'>scripta</span> <span class='ocrx_word' id='word_1_182' title='bbox 1402 1806 1602 1860; x_wconf 87' lang='lat' dir='ltr'>proferat,</span> <span class='ocrx_word' id='word_1_183' title='bbox 1634 1822 1719 1848; x_wconf 89' lang='lat' dir='ltr'>non</span> <span class='ocrx_word' id='word_1_184' title='bbox 1750 1807 1900 1849; x_wconf 84' lang='lat' dir='ltr'>aliena.</span> 
     </span>
     <span class='ocr_line' id='line_1_30' title="bbox 181 1877 1901 1936; baseline 0.003 -18"><span class='ocrx_word' id='word_1_185' title='bbox 181 1878 244 1919; x_wconf 84' lang='lat'>16.</span> <span class='ocrx_word' id='word_1_186' title='bbox 278 1879 343 1919; x_wconf 86' lang='lat'>17.</span> <span class='ocrx_word' id='word_1_187' title='bbox 376 1887 412 1920; x_wconf 81' lang='lat' dir='ltr'>et</span> <span class='ocrx_word' id='word_1_188' title='bbox 451 1887 614 1933; x_wconf 73' lang='lat' dir='ltr'>tanyere</span> <span class='ocrx_word' id='word_1_189' title='bbox 658 1880 755 1920; x_wconf 79' lang='lat' dir='ltr'>uitet</span> <span class='ocrx_word' id='word_1_190' title='bbox 797 1878 974 1935; x_wconf 82' lang='lat' dir='ltr'>Scripta.</span> <span class='ocrx_word' id='word_1_191' title='bbox 1047 1877 1196 1920; x_wconf 87' lang='lat' dir='ltr'>Monet</span> <span class='ocrx_word' id='word_1_192' title='bbox 1240 1893 1348 1929; x_wconf 90' lang='lat' dir='ltr'>eum,</span> <span class='ocrx_word' id='word_1_193' title='bbox 1395 1893 1448 1920; x_wconf 90' lang='lat' dir='ltr'>ne</span> <span class='ocrx_word' id='word_1_194' title='bbox 1491 1879 1624 1922; x_wconf 87' lang='lat' dir='ltr'>libros</span> <span class='ocrx_word' id='word_1_195' title='bbox 1670 1879 1901 1936; x_wconf 82' lang='lat' dir='ltr'>Sibyllinos</span> 
     </span>
    </p>

    <p class='ocr_par' dir='ltr' id='par_1_14' title="bbox 6 1950 191 2007">
     <span class='ocr_line' id='line_1_31' title="bbox 6 1950 191 2007; baseline 0.005 -16"><span class='ocrx_word' id='word_1_196' title='bbox 6 1955 25 1999; x_wconf 61' lang='grc' dir='ltr'>,ε’</span> <span class='ocrx_word' id='word_1_197' title='bbox 67 1950 191 2007; x_wconf 83' lang='lat' dir='ltr'>legat.</span> 
     </span>
    </p>

    <p class='ocr_par' dir='ltr' id='par_1_15' title="bbox 8 2019 1967 2228">
     <span class='ocr_line' id='line_1_32' title="bbox 20 2019 1967 2086; baseline 0.002 -22"><span class='ocrx_word' id='word_1_198' title='bbox 20 2019 26 2086; x_wconf 33' lang='grc' dir='ltr'>ἰ</span> <span class='ocrx_word' id='word_1_199' title='bbox 181 2026 244 2066; x_wconf 87' lang='grc'>17.</span> <span class='ocrx_word' id='word_1_200' title='bbox 276 2026 489 2067; x_wconf 72' lang='lat' dir='ltr'>Palatinus</span> <span class='ocrx_word' id='word_1_201' title='bbox 520 2039 656 2081; x_wconf 78' lang='lat' dir='ltr'>quaec.</span> <span class='ocrx_word' id='word_1_202' title='bbox 687 2040 766 2067; x_wconf 86' lang='lat' dir='ltr'>rec.</span> <span class='ocrx_word' id='word_1_203' title='bbox 798 2026 952 2081; x_wconf 80' lang='lat' dir='ltr'>Apollo.</span> <span class='ocrx_word' id='word_1_204' title='bbox 1029 2023 1189 2066; x_wconf 84' lang='lat' dir='ltr'>Caesar</span> <span class='ocrx_word' id='word_1_205' title='bbox 1226 2025 1269 2066; x_wconf 91' lang='lat' dir='ltr'>in</span> <span class='ocrx_word' id='word_1_206' title='bbox 1307 2025 1563 2068; x_wconf 90' lang='lat' dir='ltr'>bibliotheca</span> <span class='ocrx_word' id='word_1_207' title='bbox 1601 2033 1781 2069; x_wconf 86' lang='lat' dir='ltr'>statuam</span> <span class='ocrx_word' id='word_1_208' title='bbox 1819 2028 1900 2070; x_wconf 89' lang='lat' dir='ltr'>sibi</span> <span class='ocrx_word' id='word_1_209' title='bbox 1927 2036 1967 2067; x_wconf 76' lang='lat'>25</span> 
     </span>
     <span class='ocr_line' id='line_1_33' title="bbox 8 2097 1900 2157; baseline 0.001 -16"><span class='ocrx_word' id='word_1_210' title='bbox 8 2132 11 2141; x_wconf 78' lang='grc'><strong>,</strong></span> <span class='ocrx_word' id='word_1_211' title='bbox 66 2105 262 2153; x_wconf 84' lang='lat' dir='ltr'>posuerat</span> <span class='ocrx_word' id='word_1_212' title='bbox 291 2098 439 2140; x_wconf 86' lang='lat' dir='ltr'>habitu</span> <span class='ocrx_word' id='word_1_213' title='bbox 470 2113 519 2140; x_wconf 85' lang='lat' dir='ltr'>ac</span> <span class='ocrx_word' id='word_1_214' title='bbox 540 2105 648 2140; x_wconf 83' lang='lat' dir='ltr'>statu</span> <span class='ocrx_word' id='word_1_215' title='bbox 669 2097 896 2153; x_wconf 86' lang='lat' dir='ltr'>Apollinis.</span> <span class='ocrx_word' id='word_1_216' title='bbox 958 2098 1119 2141; x_wconf 85' lang='lat' dir='ltr'>Sensus</span> <span class='ocrx_word' id='word_1_217' title='bbox 1150 2106 1311 2140; x_wconf 90' lang='lat' dir='ltr'>autem:</span> <span class='ocrx_word' id='word_1_218' title='bbox 1349 2115 1461 2142; x_wconf 91' lang='lat' dir='ltr'>nunc</span> <span class='ocrx_word' id='word_1_219' title='bbox 1493 2101 1711 2156; x_wconf 85' lang='lat' dir='ltr'>contingat</span> <span class='ocrx_word' id='word_1_220' title='bbox 1742 2102 1900 2157; x_wconf 88' lang='lat' dir='ltr'>scripta</span> 
     </span>
     <span class='ocr_line' id='line_1_34' title="bbox 69 2169 1898 2228; baseline 0.001 -13.968"><span class='ocrx_word' id='word_1_221' title='bbox 69 2169 217 2213; x_wconf 87' lang='lat' dir='ltr'>Celsus</span> <span class='ocrx_word' id='word_1_222' title='bbox 247 2187 309 2223; x_wconf 84' lang='lat' dir='ltr'>ea,</span> <span class='ocrx_word' id='word_1_223' title='bbox 342 2187 451 2227; x_wconf 87' lang='lat' dir='ltr'>quae</span> <span class='ocrx_word' id='word_1_224' title='bbox 470 2172 630 2214; x_wconf 84' lang='lat' dir='ltr'>Caesar</span> <span class='ocrx_word' id='word_1_225' title='bbox 660 2172 704 2212; x_wconf 92' lang='lat' dir='ltr'>in</span> <span class='ocrx_word' id='word_1_226' title='bbox 735 2172 1025 2214; x_wconf 86' lang='lat' dir='ltr'>auctoritatem</span> <span class='ocrx_word' id='word_1_227' title='bbox 1056 2173 1228 2228; x_wconf 83' lang='lat' dir='ltr'>recepit.</span> <span class='ocrx_word' id='word_1_228' title='bbox 1288 2175 1498 2216; x_wconf 76' lang='lat' dir='ltr'>Palatinus</span> <span class='ocrx_word' id='word_1_229' title='bbox 1529 2182 1682 2225; x_wconf 84' lang='lat' dir='ltr'>autem,</span> <span class='ocrx_word' id='word_1_230' title='bbox 1714 2175 1793 2217; x_wconf 89' lang='lat' dir='ltr'>hoe</span> <span class='ocrx_word' id='word_1_231' title='bbox 1824 2182 1898 2226; x_wconf 87' lang='lat' dir='ltr'>est,</span> 
     </span>
    </p>
   </div>
   <div class='ocr_carea' id='block_1_11' title="bbox 8 2244 710 2302">
    <p class='ocr_par' dir='ltr' id='par_1_16' title="bbox 8 2244 710 2302">
     <span class='ocr_line' id='line_1_35' title="bbox 8 2244 710 2302; baseline 0.001 -17"><span class='ocrx_word' id='word_1_232' title='bbox 8 2255 12 2285; x_wconf 71' lang='lat'>&#39;.</span> <span class='ocrx_word' id='word_1_233' title='bbox 66 2244 110 2286; x_wconf 91' lang='lat' dir='ltr'>in</span> <span class='ocrx_word' id='word_1_234' title='bbox 139 2253 280 2288; x_wconf 90' lang='lat' dir='ltr'>monte</span> <span class='ocrx_word' id='word_1_235' title='bbox 310 2246 471 2302; x_wconf 86' lang='lat' dir='ltr'>positus</span> <span class='ocrx_word' id='word_1_236' title='bbox 501 2245 710 2287; x_wconf 87' lang='lat' dir='ltr'>Palatino.</span> 
     </span>
    </p>
   </div>
   <div class='ocr_carea' id='block_1_12' title="bbox 21 1610 26 2137">
    <p class='ocr_par' dir='ltr' id='par_1_17' title="bbox 21 1610 26 2137">
     <span class='ocr_line' id='line_1_36' title="bbox 21 1610 26 2137; baseline 0 0"><span class='ocrx_word' id='word_1_237' title='bbox 21 1610 26 2137; x_wconf 95' lang='lat' dir='ltr'> </span> 
     </span>
    </p>
   </div>
   <div class='ocr_carea' id='block_1_13' title="bbox 25 2233 30 2343">
    <p class='ocr_par' dir='ltr' id='par_1_18' title="bbox 25 2233 30 2343">
     <span class='ocr_line' id='line_1_37' title="bbox 25 2233 30 2343; baseline 0 1069"><span class='ocrx_word' id='word_1_238' title='bbox 25 2233 30 2343; x_wconf 95' lang='lat' dir='ltr'> </span> 
     </span>
    </p>
   </div>
   <div class='ocr_carea' id='block_1_14' title="bbox 33 2463 1899 3251">
    <p class='ocr_par' dir='ltr' id='par_1_19' title="bbox 33 2463 1899 3251">
     <span class='ocr_line' id='line_1_38' title="bbox 66 2463 1898 2504; baseline 0.002 -11"><span class='ocrx_word' id='word_1_239' title='bbox 66 2463 166 2504; x_wconf 84' lang='lat' dir='ltr'>lyrica</span> <span class='ocrx_word' id='word_1_240' title='bbox 191 2466 332 2495; x_wconf 83' lang='lat' dir='ltr'>carmina</span> <span class='ocrx_word' id='word_1_241' title='bbox 359 2466 498 2495; x_wconf 82' lang='lat' dir='ltr'>scribere</span> <span class='ocrx_word' id='word_1_242' title='bbox 523 2465 629 2503; x_wconf 87' lang='lat' dir='ltr'>coepit</span> <span class='ocrx_word' id='word_1_243' title='bbox 654 2465 854 2503; x_wconf 82' lang='lat' dir='ltr'>temporibus</span> <span class='ocrx_word' id='word_1_244' title='bbox 879 2464 962 2502; x_wconf 87' lang='lat' dir='ltr'>Aug.</span> <span class='ocrx_word' id='word_1_245' title='bbox 989 2465 1045 2494; x_wconf 86' lang='lat' dir='ltr'>sed</span> <span class='ocrx_word' id='word_1_246' title='bbox 1071 2465 1146 2494; x_wconf 88' lang='lat' dir='ltr'>libri</span> <span class='ocrx_word' id='word_1_247' title='bbox 1172 2466 1239 2495; x_wconf 82' lang='lat' dir='ltr'>eius</span> <span class='ocrx_word' id='word_1_248' title='bbox 1272 2467 1392 2496; x_wconf 87' lang='lat' dir='ltr'>nullius</span> <span class='ocrx_word' id='word_1_249' title='bbox 1423 2468 1578 2496; x_wconf 86' lang='lat' dir='ltr'>momenti</span> <span class='ocrx_word' id='word_1_250' title='bbox 1611 2471 1711 2496; x_wconf 84' lang='lat' dir='ltr'>erant.</span> <span class='ocrx_word' id='word_1_251' title='bbox 1747 2468 1766 2496; x_wconf 92' lang='lat' dir='ltr'>b</span> <span class='ocrx_word' id='word_1_252' title='bbox 1799 2468 1898 2498; x_wconf 85' lang='lat' dir='ltr'>habet</span> 
     </span>
     <span class='ocr_line' id='line_1_39' title="bbox 67 2520 1898 2564; baseline 0.002 -15"><span class='ocrx_word' id='word_1_253' title='bbox 67 2520 106 2549; x_wconf 84' lang='lat' dir='ltr'>ad</span> <span class='ocrx_word' id='word_1_254' title='bbox 130 2530 158 2549; x_wconf 91' lang='lat' dir='ltr'>u.</span> <span class='ocrx_word' id='word_1_255' title='bbox 185 2520 278 2551; x_wconf 79' lang='lat' dir='ltr'>breui.</span> <span class='ocrx_word' id='word_1_256' title='bbox 306 2523 431 2552; x_wconf 85' lang='lat' dir='ltr'>scilicet</span> <span class='ocrx_word' id='word_1_257' title='bbox 456 2526 609 2560; x_wconf 85' lang='lat' dir='ltr'>tempore.</span> <span class='ocrx_word' id='word_1_258' title='bbox 639 2522 707 2551; x_wconf 85' lang='lat' dir='ltr'>rell.</span> <span class='ocrx_word' id='word_1_259' title='bbox 735 2532 795 2551; x_wconf 87' lang='lat' dir='ltr'>om.</span> <span class='ocrx_word' id='word_1_260' title='bbox 845 2523 879 2561; x_wconf 88' lang='grc'>6)</span> <span class='ocrx_word' id='word_1_261' title='bbox 904 2521 942 2550; x_wconf 85' lang='lat' dir='ltr'>Id</span> <span class='ocrx_word' id='word_1_262' title='bbox 969 2526 1017 2551; x_wconf 79' lang='lat' dir='ltr'>est</span> <span class='ocrx_word' id='word_1_263' title='bbox 1043 2539 1085 2542; x_wconf 79' lang='lat'>—</span> <span class='ocrx_word' id='word_1_264' title='bbox 1111 2524 1255 2552; x_wconf 81' lang='lat' dir='ltr'>carmina</span> <span class='ocrx_word' id='word_1_265' title='bbox 1278 2524 1327 2564; x_wconf 69' lang='grc' dir='ltr'>γὶ).</span> <span class='ocrx_word' id='word_1_266' title='bbox 1353 2524 1422 2552; x_wconf 87' lang='lat' dir='ltr'>rell.</span> <span class='ocrx_word' id='word_1_267' title='bbox 1449 2533 1509 2552; x_wconf 85' lang='lat' dir='ltr'>om.</span> <span class='ocrx_word' id='word_1_268' title='bbox 1560 2524 1593 2561; x_wconf 85' lang='lat'>7)</span> <span class='ocrx_word' id='word_1_269' title='bbox 1619 2522 1725 2553; x_wconf 88' lang='lat' dir='ltr'>Aliter</span> <span class='ocrx_word' id='word_1_270' title='bbox 1749 2540 1791 2544; x_wconf 71' lang='lat'>-—-</span> <span class='ocrx_word' id='word_1_271' title='bbox 1817 2525 1898 2553; x_wconf 84' lang='lat' dir='ltr'>uilia</span> 
     </span>
     <span class='ocr_line' id='line_1_40' title="bbox 67 2573 1895 2621; baseline 0.001 -14"><span class='ocrx_word' id='word_1_272' title='bbox 67 2573 192 2614; x_wconf 69' lang='lat' dir='ltr'>(ciuilia</span> <span class='ocrx_word' id='word_1_273' title='bbox 215 2579 246 2619; x_wconf 77' lang='grc' dir='ltr'><strong>γ)</strong></span> <span class='ocrx_word' id='word_1_274' title='bbox 272 2579 319 2620; x_wconf 74' lang='grc' dir='ltr'>γῑ).</span> <span class='ocrx_word' id='word_1_275' title='bbox 345 2579 415 2608; x_wconf 89' lang='lat' dir='ltr'>rell.</span> <span class='ocrx_word' id='word_1_276' title='bbox 441 2588 501 2608; x_wconf 90' lang='lat' dir='ltr'>om.</span> <span class='ocrx_word' id='word_1_277' title='bbox 533 2578 614 2608; x_wconf 80' lang='lat' dir='ltr'>conf.</span> <span class='ocrx_word' id='word_1_278' title='bbox 643 2577 687 2608; x_wconf 87' lang='lat' dir='ltr'>C:</span> <span class='ocrx_word' id='word_1_279' title='bbox 712 2578 749 2607; x_wconf 92' lang='lat' dir='ltr'>Id</span> <span class='ocrx_word' id='word_1_280' title='bbox 776 2582 835 2615; x_wconf 75' lang='lat' dir='ltr'>est,</span> <span class='ocrx_word' id='word_1_281' title='bbox 863 2588 926 2608; x_wconf 89' lang='lat' dir='ltr'>non</span> <span class='ocrx_word' id='word_1_282' title='bbox 951 2578 1083 2608; x_wconf 74' lang='lat' dir='ltr'>extimuit</span> <span class='ocrx_word' id='word_1_283' title='bbox 1097 2596 1131 2599; x_wconf 52' lang='lat'>—2</span> <span class='ocrx_word' id='word_1_284' title='bbox 1153 2588 1190 2608; x_wconf 84' lang='lat' dir='ltr'>ac</span> <span class='ocrx_word' id='word_1_285' title='bbox 1210 2580 1298 2609; x_wconf 83' lang='lat' dir='ltr'>uilia.</span> <span class='ocrx_word' id='word_1_286' title='bbox 1325 2579 1460 2609; x_wconf 77' lang='lat' dir='ltr'>Pindari</span> <span class='ocrx_word' id='word_1_287' title='bbox 1481 2581 1511 2609; x_wconf 92' lang='lat' dir='ltr'>b.</span> <span class='ocrx_word' id='word_1_288' title='bbox 1561 2580 1595 2618; x_wconf 85' lang='lat'>8)</span> <span class='ocrx_word' id='word_1_289' title='bbox 1621 2589 1713 2609; x_wconf 67' lang='lat' dir='ltr'>causus</span> <span class='ocrx_word' id='word_1_290' title='bbox 1740 2581 1777 2621; x_wconf 64' lang='grc' dir='ltr'>γὴ</span> <span class='ocrx_word' id='word_1_291' title='bbox 1805 2579 1895 2618; x_wconf 73' lang='grc' dir='ltr'>(Μέ.</span> 
     </span>
     <span class='ocr_line' id='line_1_41' title="bbox 67 2633 1897 2677; baseline 0.001 -14"><span class='ocrx_word' id='word_1_292' title='bbox 67 2633 112 2663; x_wconf 83' lang='lat' dir='ltr'>sic</span> <span class='ocrx_word' id='word_1_293' title='bbox 136 2635 320 2674; x_wconf 84' lang='lat' dir='ltr'>compend.)</span> <span class='ocrx_word' id='word_1_294' title='bbox 348 2653 389 2655; x_wconf 95' lang='lat'><strong>—</strong></span> <span class='ocrx_word' id='word_1_295' title='bbox 414 2635 573 2664; x_wconf 84' lang='lat' dir='ltr'>Pindarus</span> <span class='ocrx_word' id='word_1_296' title='bbox 601 2653 641 2656; x_wconf 33' lang='grc' dir='ltr'>ν-</span> <span class='ocrx_word' id='word_1_297' title='bbox 667 2636 775 2664; x_wconf 83' lang='lat' dir='ltr'>liricus</span> <span class='ocrx_word' id='word_1_298' title='bbox 801 2645 826 2676; x_wconf 72' lang='grc' dir='ltr'>γ.</span> <span class='ocrx_word' id='word_1_299' title='bbox 854 2635 923 2664; x_wconf 88' lang='lat' dir='ltr'>rell.</span> <span class='ocrx_word' id='word_1_300' title='bbox 951 2645 1011 2665; x_wconf 90' lang='lat' dir='ltr'>om.</span> <span class='ocrx_word' id='word_1_301' title='bbox 1078 2636 1132 2675; x_wconf 88' lang='grc'>10)</span> <span class='ocrx_word' id='word_1_302' title='bbox 1159 2636 1227 2666; x_wconf 88' lang='lat' dir='ltr'>Hoc</span> <span class='ocrx_word' id='word_1_303' title='bbox 1252 2654 1294 2657; x_wconf 80' lang='lat'>—-</span> <span class='ocrx_word' id='word_1_304' title='bbox 1326 2637 1558 2674; x_wconf 83' lang='lat' dir='ltr'>contempneris</span> <span class='ocrx_word' id='word_1_305' title='bbox 1584 2645 1610 2677; x_wconf 80' lang='grc' dir='ltr'>γ.</span> <span class='ocrx_word' id='word_1_306' title='bbox 1637 2637 1707 2667; x_wconf 87' lang='lat' dir='ltr'>rell.</span> <span class='ocrx_word' id='word_1_307' title='bbox 1735 2646 1796 2666; x_wconf 86' lang='lat' dir='ltr'>om.</span> <span class='ocrx_word' id='word_1_308' title='bbox 1823 2646 1897 2666; x_wconf 82' lang='lat' dir='ltr'>con-</span> 
     </span>
     <span class='ocr_line' id='line_1_42' title="bbox 66 2690 1898 2732; baseline 0.002 -13"><span class='ocrx_word' id='word_1_309' title='bbox 66 2692 232 2729; x_wconf 81' lang='lat' dir='ltr'>tempnens</span> <span class='ocrx_word' id='word_1_310' title='bbox 258 2693 398 2722; x_wconf 86' lang='lat' dir='ltr'>earmina</span> <span class='ocrx_word' id='word_1_311' title='bbox 422 2693 552 2730; x_wconf 82' lang='lat' dir='ltr'>pindari</span> <span class='ocrx_word' id='word_1_312' title='bbox 579 2696 610 2721; x_wconf 89' lang='lat' dir='ltr'>et</span> <span class='ocrx_word' id='word_1_313' title='bbox 636 2692 869 2730; x_wconf 84' lang='lat' dir='ltr'>interpretandi</span> <span class='ocrx_word' id='word_1_314' title='bbox 889 2690 935 2731; x_wconf 82' lang='lat'>(?)</span> <span class='ocrx_word' id='word_1_315' title='bbox 951 2701 1013 2722; x_wconf 89' lang='lat' dir='ltr'>non</span> <span class='ocrx_word' id='word_1_316' title='bbox 1040 2696 1089 2722; x_wconf 80' lang='lat' dir='ltr'>est</span> <span class='ocrx_word' id='word_1_317' title='bbox 1113 2702 1210 2722; x_wconf 79' lang='lat' dir='ltr'>ausus</span> <span class='ocrx_word' id='word_1_318' title='bbox 1236 2697 1459 2732; x_wconf 81' lang='lat' dir='ltr'>contempnere</span> <span class='ocrx_word' id='word_1_319' title='bbox 1484 2694 1515 2722; x_wconf 86' lang='lat' dir='ltr'>b.</span> <span class='ocrx_word' id='word_1_320' title='bbox 1534 2711 1573 2713; x_wconf 83' lang='lat'><strong>—</strong></span> <span class='ocrx_word' id='word_1_321' title='bbox 1593 2692 1677 2721; x_wconf 83' lang='lat' dir='ltr'>latos</span> <span class='ocrx_word' id='word_1_322' title='bbox 1696 2710 1736 2714; x_wconf 84' lang='lat'>——</span> <span class='ocrx_word' id='word_1_323' title='bbox 1752 2694 1898 2723; x_wconf 81' lang='lat' dir='ltr'>omnibus</span> 
     </span>
     <span class='ocr_line' id='line_1_43' title="bbox 66 2747 1897 2793; baseline 0.002 -17"><span class='ocrx_word' id='word_1_324' title='bbox 66 2747 114 2788; x_wconf 60' lang='lat' dir='ltr'>Tb.</span> <span class='ocrx_word' id='word_1_325' title='bbox 139 2748 208 2778; x_wconf 86' lang='lat' dir='ltr'>rell.</span> <span class='ocrx_word' id='word_1_326' title='bbox 234 2758 293 2778; x_wconf 90' lang='lat' dir='ltr'>om.</span> <span class='ocrx_word' id='word_1_327' title='bbox 345 2749 401 2787; x_wconf 94' lang='lat'>12)</span> <span class='ocrx_word' id='word_1_328' title='bbox 429 2750 548 2787; x_wconf 82' lang='lat' dir='ltr'>scripta</span> <span class='ocrx_word' id='word_1_329' title='bbox 572 2748 659 2791; x_wconf 50' lang='lat' dir='ltr'>⁴(l.›‚C.</span> <span class='ocrx_word' id='word_1_330' title='bbox 678 2749 747 2778; x_wconf 87' lang='lat' dir='ltr'>rell.</span> <span class='ocrx_word' id='word_1_331' title='bbox 766 2759 826 2778; x_wconf 89' lang='lat' dir='ltr'>om.</span> <span class='ocrx_word' id='word_1_332' title='bbox 878 2749 933 2788; x_wconf 81' lang='lat'>15)</span> <span class='ocrx_word' id='word_1_333' title='bbox 961 2748 1118 2789; x_wconf 58' lang='lat' dir='ltr'>Significat</span> <span class='ocrx_word' id='word_1_334' title='bbox 1142 2767 1184 2771; x_wconf 85' lang='lat'>——</span> <span class='ocrx_word' id='word_1_335' title='bbox 1210 2751 1324 2780; x_wconf 57' lang='lat' dir='ltr'>scribit.</span> <span class='ocrx_word' id='word_1_336' title='bbox 1347 2760 1374 2793; x_wconf 83' lang='grc' dir='ltr'>γ.</span> <span class='ocrx_word' id='word_1_337' title='bbox 1402 2751 1470 2780; x_wconf 85' lang='lat' dir='ltr'>rell.</span> <span class='ocrx_word' id='word_1_338' title='bbox 1497 2760 1557 2780; x_wconf 90' lang='lat' dir='ltr'>om.</span> <span class='ocrx_word' id='word_1_339' title='bbox 1585 2750 1604 2778; x_wconf 89' lang='lat' dir='ltr'>b</span> <span class='ocrx_word' id='word_1_340' title='bbox 1630 2750 1742 2779; x_wconf 81' lang='lat' dir='ltr'>habet:</span> <span class='ocrx_word' id='word_1_341' title='bbox 1770 2750 1897 2788; x_wconf 82' lang='lat' dir='ltr'>pindari</span> 
     </span>
     <span class='ocr_line' id='line_1_44' title="bbox 66 2803 1899 2848; baseline 0.002 -15"><span class='ocrx_word' id='word_1_342' title='bbox 66 2803 210 2834; x_wconf 79' lang='lat' dir='ltr'>thebanis</span> <span class='ocrx_word' id='word_1_343' title='bbox 237 2805 314 2845; x_wconf 87' lang='lat' dir='ltr'>(sie)</span> <span class='ocrx_word' id='word_1_344' title='bbox 340 2806 433 2844; x_wconf 62' lang='lat' dir='ltr'>{acifi</span> <span class='ocrx_word' id='word_1_345' title='bbox 457 2806 553 2835; x_wconf 67' lang='lat' dir='ltr'>lirim—1</span> <span class='ocrx_word' id='word_1_346' title='bbox 578 2806 717 2835; x_wconf 83' lang='lat' dir='ltr'>scribere</span> <span class='ocrx_word' id='word_1_347' title='bbox 742 2815 890 2835; x_wconf 79' lang='lat' dir='ltr'>cannen.-</span> <span class='ocrx_word' id='word_1_348' title='bbox 932 2806 987 2845; x_wconf 88' lang='grc'>18)</span> <span class='ocrx_word' id='word_1_349' title='bbox 1014 2809 1049 2836; x_wconf 88' lang='lat' dir='ltr'>ut</span> <span class='ocrx_word' id='word_1_350' title='bbox 1076 2808 1223 2844; x_wconf 77' lang='lat' dir='ltr'>superius</span> <span class='ocrx_word' id='word_1_351' title='bbox 1246 2809 1402 2846; x_wconf 80' lang='lat' dir='ltr'>prospicit</span> <span class='ocrx_word' id='word_1_352' title='bbox 1428 2817 1510 2845; x_wconf 83' lang='lat' dir='ltr'>amp.</span> <span class='ocrx_word' id='word_1_353' title='bbox 1529 2816 1555 2848; x_wconf 81' lang='grc' dir='ltr'>γ.</span> <span class='ocrx_word' id='word_1_354' title='bbox 1582 2809 1618 2835; x_wconf 89' lang='lat' dir='ltr'>ut</span> <span class='ocrx_word' id='word_1_355' title='bbox 1643 2815 1738 2844; x_wconf 76' lang='lat' dir='ltr'>supra</span> <span class='ocrx_word' id='word_1_356' title='bbox 1762 2816 1819 2844; x_wconf 89' lang='lat' dir='ltr'>pro</span> <span class='ocrx_word' id='word_1_357' title='bbox 1844 2808 1899 2837; x_wconf 79' lang='lat' dir='ltr'>hic</span> 
     </span>
     <span class='ocr_line' id='line_1_45' title="bbox 67 2859 1899 2904; baseline 0.002 -14"><span class='ocrx_word' id='word_1_358' title='bbox 67 2859 143 2900; x_wconf 74' lang='lat' dir='ltr'>(sic)</span> <span class='ocrx_word' id='word_1_359' title='bbox 161 2871 243 2900; x_wconf 89' lang='lat' dir='ltr'>amp.</span> <span class='ocrx_word' id='word_1_360' title='bbox 262 2863 293 2892; x_wconf 92' lang='lat' dir='ltr'>b.</span> <span class='ocrx_word' id='word_1_361' title='bbox 346 2864 401 2900; x_wconf 88' lang='grc'>19)</span> <span class='ocrx_word' id='word_1_362' title='bbox 428 2863 619 2899; x_wconf 82' lang='lat' dir='ltr'>Extollitur‚</span> <span class='ocrx_word' id='word_1_363' title='bbox 646 2863 816 2901; x_wconf 84' lang='lat' dir='ltr'>granditur</span> <span class='ocrx_word' id='word_1_364' title='bbox 840 2872 867 2904; x_wconf 79' lang='grc' dir='ltr'>γ.</span> <span class='ocrx_word' id='word_1_365' title='bbox 885 2863 953 2892; x_wconf 80' lang='lat' dir='ltr'>rell.</span> <span class='ocrx_word' id='word_1_366' title='bbox 972 2873 1032 2893; x_wconf 92' lang='lat' dir='ltr'>om.</span> <span class='ocrx_word' id='word_1_367' title='bbox 1058 2864 1078 2892; x_wconf 89' lang='lat' dir='ltr'>b</span> <span class='ocrx_word' id='word_1_368' title='bbox 1104 2864 1219 2894; x_wconf 82' lang='lat' dir='ltr'>habet:</span> <span class='ocrx_word' id='word_1_369' title='bbox 1246 2864 1279 2893; x_wconf 78' lang='lat' dir='ltr'>id</span> <span class='ocrx_word' id='word_1_370' title='bbox 1305 2868 1353 2893; x_wconf 85' lang='lat' dir='ltr'>est</span> <span class='ocrx_word' id='word_1_371' title='bbox 1372 2865 1541 2893; x_wconf 81' lang='lat' dir='ltr'>extollitur</span> <span class='ocrx_word' id='word_1_372' title='bbox 1558 2863 1696 2893; x_wconf 75' lang='lat' dir='ltr'>traditus</span> <span class='ocrx_word' id='word_1_373' title='bbox 1721 2863 1782 2892; x_wconf 59' lang='lat' dir='ltr'>diff.</span> <span class='ocrx_word' id='word_1_374' title='bbox 1809 2865 1899 2894; x_wconf 84' lang='lat' dir='ltr'>aulat</span> 
     </span>
     <span class='ocr_line' id='line_1_46' title="bbox 67 2918 1895 2962; baseline 0.002 -16"><span class='ocrx_word' id='word_1_375' title='bbox 67 2919 229 2949; x_wconf 84' lang='lat' dir='ltr'>excelsum</span> <span class='ocrx_word' id='word_1_376' title='bbox 254 2920 307 2949; x_wconf 68' lang='lat' dir='ltr'>dic</span> <span class='ocrx_word' id='word_1_377' title='bbox 332 2919 422 2959; x_wconf 83' lang='lat' dir='ltr'>(sic).</span> <span class='ocrx_word' id='word_1_378' title='bbox 485 2921 542 2960; x_wconf 92' lang='grc'>20)</span> <span class='ocrx_word' id='word_1_379' title='bbox 571 2919 684 2949; x_wconf 77' lang='lat' dir='ltr'>Celsus</span> <span class='ocrx_word' id='word_1_380' title='bbox 709 2919 760 2957; x_wconf 77' lang='lat' dir='ltr'>ait,</span> <span class='ocrx_word' id='word_1_381' title='bbox 787 2921 805 2949; x_wconf 87' lang='lat'>2</span> <span class='ocrx_word' id='word_1_382' title='bbox 831 2929 890 2951; x_wconf 91' lang='lat' dir='ltr'>m.:</span> <span class='ocrx_word' id='word_1_383' title='bbox 928 2920 978 2949; x_wconf 78' lang='lat' dir='ltr'>uel</span> <span class='ocrx_word' id='word_1_384' title='bbox 1005 2920 1067 2960; x_wconf 59' lang='lat' dir='ltr'>apic</span> <span class='ocrx_word' id='word_1_385' title='bbox 1089 2930 1115 2962; x_wconf 81' lang='grc' dir='ltr'>γ.</span> <span class='ocrx_word' id='word_1_386' title='bbox 1181 2918 1238 2961; x_wconf 85' lang='grc'>22)</span> <span class='ocrx_word' id='word_1_387' title='bbox 1266 2924 1302 2950; x_wconf 88' lang='lat' dir='ltr'>ut</span> <span class='ocrx_word' id='word_1_388' title='bbox 1335 2920 1412 2959; x_wconf 88' lang='lat' dir='ltr'>(om.</span> <span class='ocrx_word' id='word_1_389' title='bbox 1440 2921 1475 2960; x_wconf 86' lang='lat' dir='ltr'>b)</span> <span class='ocrx_word' id='word_1_390' title='bbox 1507 2921 1636 2958; x_wconf 84' lang='lat' dir='ltr'>propria</span> <span class='ocrx_word' id='word_1_391' title='bbox 1653 2920 1815 2950; x_wconf 84' lang='lat' dir='ltr'>——aliena</span> <span class='ocrx_word' id='word_1_392' title='bbox 1847 2922 1895 2962; x_wconf 71' lang='lat' dir='ltr'>·sb.</span> 
     </span>
     <span class='ocr_line' id='line_1_47' title="bbox 66 2974 1896 3018; baseline 0.002 -14"><span class='ocrx_word' id='word_1_393' title='bbox 66 2974 148 3004; x_wconf 78' lang='lat' dir='ltr'>conf.</span> <span class='ocrx_word' id='word_1_394' title='bbox 164 2974 206 3005; x_wconf 84' lang='lat' dir='ltr'>C:</span> <span class='ocrx_word' id='word_1_395' title='bbox 233 2980 270 3006; x_wconf 86' lang='lat' dir='ltr'>ut</span> <span class='ocrx_word' id='word_1_396' title='bbox 292 2986 322 3014; x_wconf 87' lang='lat' dir='ltr'>p.</span> <span class='ocrx_word' id='word_1_397' title='bbox 349 2986 408 3006; x_wconf 82' lang='lat' dir='ltr'>scr.</span> <span class='ocrx_word' id='word_1_398' title='bbox 433 2977 572 3014; x_wconf 85' lang='lat' dir='ltr'>proferat</span> <span class='ocrx_word' id='word_1_399' title='bbox 593 2986 651 3006; x_wconf 85' lang='lat' dir='ltr'>nec</span> <span class='ocrx_word' id='word_1_400' title='bbox 675 2977 784 3006; x_wconf 80' lang='lat' dir='ltr'>aliena</span> <span class='ocrx_word' id='word_1_401' title='bbox 808 2986 864 3014; x_wconf 91' lang='lat' dir='ltr'>pro</span> <span class='ocrx_word' id='word_1_402' title='bbox 883 2977 950 3006; x_wconf 86' lang='lat' dir='ltr'>suis</span> <span class='ocrx_word' id='word_1_403' title='bbox 966 2981 1119 3007; x_wconf 85' lang='lat' dir='ltr'>ostentet.</span> <span class='ocrx_word' id='word_1_404' title='bbox 1180 2978 1237 3017; x_wconf 88' lang='grc'>23)</span> <span class='ocrx_word' id='word_1_405' title='bbox 1263 2977 1371 3006; x_wconf 83' lang='lat' dir='ltr'>Monet</span> <span class='ocrx_word' id='word_1_406' title='bbox 1391 2995 1420 2998; x_wconf 32' lang='grc' dir='ltr'>μ</span> <span class='ocrx_word' id='word_1_407' title='bbox 1440 2978 1529 3015; x_wconf 81' lang='lat' dir='ltr'>legat</span> <span class='ocrx_word' id='word_1_408' title='bbox 1554 2977 1603 3018; x_wconf 66' lang='lat' dir='ltr'>*sb.</span> <span class='ocrx_word' id='word_1_409' title='bbox 1630 2977 1699 3006; x_wconf 89' lang='lat' dir='ltr'>rell.</span> <span class='ocrx_word' id='word_1_410' title='bbox 1727 2986 1787 3006; x_wconf 89' lang='lat' dir='ltr'>om.</span> <span class='ocrx_word' id='word_1_411' title='bbox 1838 2978 1896 3017; x_wconf 79' lang='grc'>25)</span> 
     </span>
     <span class='ocr_line' id='line_1_48' title="bbox 68 3028 1895 3075; baseline 0.002 -15"><span class='ocrx_word' id='word_1_412' title='bbox 68 3028 185 3061; x_wconf 82' lang='lat' dir='ltr'>Caesar</span> <span class='ocrx_word' id='word_1_413' title='bbox 208 3050 248 3053; x_wconf 83' lang='lat'>——</span> <span class='ocrx_word' id='word_1_414' title='bbox 273 3033 423 3063; x_wconf 86' lang='lat' dir='ltr'>Palatino</span> <span class='ocrx_word' id='word_1_415' title='bbox 448 3034 496 3075; x_wconf 52' lang='lat' dir='ltr'>Tb.</span> <span class='ocrx_word' id='word_1_416' title='bbox 522 3034 591 3063; x_wconf 88' lang='lat' dir='ltr'>rell.</span> <span class='ocrx_word' id='word_1_417' title='bbox 618 3043 676 3062; x_wconf 90' lang='lat' dir='ltr'>om.</span> <span class='ocrx_word' id='word_1_418' title='bbox 743 3033 799 3072; x_wconf 76' lang='lat'>26)</span> <span class='ocrx_word' id='word_1_419' title='bbox 827 3033 869 3062; x_wconf 82' lang='lat' dir='ltr'>ad</span> <span class='ocrx_word' id='word_1_420' title='bbox 892 3034 1031 3063; x_wconf 74' lang='lat' dir='ltr'>habitam</span> <span class='ocrx_word' id='word_1_421' title='bbox 1056 3043 1092 3063; x_wconf 87' lang='lat' dir='ltr'>ac</span> <span class='ocrx_word' id='word_1_422' title='bbox 1118 3037 1274 3064; x_wconf 80' lang='lat' dir='ltr'>staturam</span> <span class='ocrx_word' id='word_1_423' title='bbox 1306 3032 1441 3073; x_wconf 75' lang='lat' dir='ltr'>(stalzcta</span> <span class='ocrx_word' id='word_1_424' title='bbox 1465 3033 1500 3071; x_wconf 90' lang='lat' dir='ltr'>v)</span> <span class='ocrx_word' id='word_1_425' title='bbox 1533 3032 1672 3068; x_wconf 81' lang='lat' dir='ltr'>vcath.</span> <span class='ocrx_word' id='word_1_426' title='bbox 1706 3032 1826 3063; x_wconf 79' lang='lat' dir='ltr'>Sensus</span> <span class='ocrx_word' id='word_1_427' title='bbox 1857 3052 1895 3054; x_wconf 97' lang='lat'><strong>—</strong></span> 
     </span>
     <span class='ocr_line' id='line_1_49' title="bbox 66 3085 1894 3132; baseline 0.002 -16"><span class='ocrx_word' id='word_1_428' title='bbox 66 3085 213 3119; x_wconf 84' lang='lat' dir='ltr'>Palatino</span> <span class='ocrx_word' id='word_1_429' title='bbox 237 3099 299 3119; x_wconf 91' lang='lat' dir='ltr'>om.</span> <span class='ocrx_word' id='word_1_430' title='bbox 325 3089 461 3125; x_wconf 85' lang='lat' dir='ltr'>vcath.</span> <span class='ocrx_word' id='word_1_431' title='bbox 486 3090 598 3120; x_wconf 86' lang='lat' dir='ltr'>habitu</span> <span class='ocrx_word' id='word_1_432' title='bbox 623 3100 659 3120; x_wconf 86' lang='lat' dir='ltr'>ac</span> <span class='ocrx_word' id='word_1_433' title='bbox 685 3093 773 3120; x_wconf 82' lang='lat' dir='ltr'>statu</span> <span class='ocrx_word' id='word_1_434' title='bbox 797 3089 887 3131; x_wconf 58' lang='lat' dir='ltr'>-(b‚C.</span> <span class='ocrx_word' id='word_1_435' title='bbox 907 3100 1020 3120; x_wconf 85' lang='lat' dir='ltr'>—non</span> <span class='ocrx_word' id='word_1_436' title='bbox 1045 3091 1214 3129; x_wconf 82' lang='lat' dir='ltr'>contingat</span> <span class='ocrx_word' id='word_1_437' title='bbox 1239 3100 1265 3132; x_wconf 84' lang='grc' dir='ltr'>γ.</span> <span class='ocrx_word' id='word_1_438' title='bbox 1302 3100 1380 3119; x_wconf 78' lang='lat' dir='ltr'>nunc</span> <span class='ocrx_word' id='word_1_439' title='bbox 1412 3094 1496 3120; x_wconf 89' lang='lat' dir='ltr'>cont.</span> <span class='ocrx_word' id='word_1_440' title='bbox 1522 3090 1552 3119; x_wconf 87' lang='lat' dir='ltr'>b.</span> <span class='ocrx_word' id='word_1_441' title='bbox 1581 3090 1699 3127; x_wconf 57' lang='lat' dir='ltr'>scripto</span> <span class='ocrx_word' id='word_1_442' title='bbox 1724 3090 1753 3119; x_wconf 83' lang='lat' dir='ltr'>b.</span> <span class='ocrx_word' id='word_1_443' title='bbox 1780 3100 1840 3120; x_wconf 91' lang='lat' dir='ltr'>om.</span> <span class='ocrx_word' id='word_1_444' title='bbox 1868 3100 1894 3132; x_wconf 80' lang='grc' dir='ltr'>γ.</span> 
     </span>
     <span class='ocr_line' id='line_1_50' title="bbox 33 3141 1891 3213; baseline 0.003 -41"><span class='ocrx_word' id='word_1_445' title='bbox 33 3141 38 3213; x_wconf 57' lang='lat' dir='ltr'>i</span> <span class='ocrx_word' id='word_1_446' title='bbox 65 3141 257 3175; x_wconf 83' lang='lat' dir='ltr'>Feuerbach.</span> <span class='ocrx_word' id='word_1_447' title='bbox 284 3147 330 3176; x_wconf 92' lang='lat' dir='ltr'>‘in</span> <span class='ocrx_word' id='word_1_448' title='bbox 353 3146 426 3176; x_wconf 84' lang='lat' dir='ltr'>Vat.</span> <span class='ocrx_word' id='word_1_449' title='bbox 446 3146 564 3185; x_wconf 63' lang='lat' dir='ltr'>Apoll!</span> <span class='ocrx_word' id='word_1_450' title='bbox 584 3157 613 3185; x_wconf 93' lang='lat' dir='ltr'>p.</span> <span class='ocrx_word' id='word_1_451' title='bbox 630 3147 692 3176; x_wconf 85' lang='grc'><strong>275</strong></span> <span class='ocrx_word' id='word_1_452' title='bbox 719 3145 776 3176; x_wconf 84' lang='lat' dir='ltr'>ref.</span> <span class='ocrx_word' id='word_1_453' title='bbox 803 3147 878 3176; x_wconf 86' lang='lat' dir='ltr'>lect.</span> <span class='ocrx_word' id='word_1_454' title='bbox 898 3149 1018 3177; x_wconf 80' lang='lat' dir='ltr'>statum.</span> <span class='ocrx_word' id='word_1_455' title='bbox 1067 3147 1101 3186; x_wconf 82' lang='lat'>*)</span> <span class='ocrx_word' id='word_1_456' title='bbox 1130 3146 1164 3177; x_wconf 84' lang='lat' dir='ltr'>C.</span> <span class='ocrx_word' id='word_1_457' title='bbox 1180 3146 1289 3177; x_wconf 88' lang='lat' dir='ltr'>Herm.</span> <span class='ocrx_word' id='word_1_458' title='bbox 1317 3156 1376 3176; x_wconf 88' lang='lat' dir='ltr'>em.</span> <span class='ocrx_word' id='word_1_459' title='bbox 1402 3146 1494 3177; x_wconf 84' lang='lat' dir='ltr'>lacus.</span> <span class='ocrx_word' id='word_1_460' title='bbox 1511 3147 1594 3176; x_wconf 86' lang='lat' dir='ltr'>adde</span> <span class='ocrx_word' id='word_1_461' title='bbox 1618 3151 1647 3175; x_wconf 79' lang='lat' dir='ltr'>et</span> <span class='ocrx_word' id='word_1_462' title='bbox 1668 3146 1751 3176; x_wconf 78' lang='lat' dir='ltr'>riuos</span> <span class='ocrx_word' id='word_1_463' title='bbox 1769 3146 1891 3186; x_wconf 70' lang='lat' dir='ltr'>(Hor)</span> 
     </span>
     <span class='ocr_line' id='line_1_51' title="bbox 35 3207 1620 3251; baseline -0.001 -19"><span class='ocrx_word' id='word_1_464' title='bbox 35 3215 39 3251; x_wconf 46' lang='grc' dir='ltr'><strong>ᾗ</strong></span> <span class='ocrx_word' id='word_1_465' title='bbox 198 3210 357 3238; x_wconf 75' lang='lat' dir='ltr'>BAUTHAL,</span> <span class='ocrx_word' id='word_1_466' title='bbox 374 3211 441 3233; x_wconf 79' lang='lat' dir='ltr'>ACR.</span> <span class='ocrx_word' id='word_1_467' title='bbox 458 3212 498 3233; x_wconf 76' lang='grc' dir='ltr'>ΕΤ</span> <span class='ocrx_word' id='word_1_468' title='bbox 514 3211 628 3233; x_wconf 81' lang='lat' dir='ltr'>PORPB.</span> <span class='ocrx_word' id='word_1_469' title='bbox 644 3211 673 3232; x_wconf 92' lang='lat'>11.</span> <span class='ocrx_word' id='word_1_470' title='bbox 1589 3207 1620 3231; x_wconf 83' lang='lat'>25</span> 
     </span>
    </p>
   </div>
   <div class='ocr_carea' id='block_1_15' title="bbox 13 2345 1898 2860">
    <p class='ocr_par' dir='ltr' id='par_1_20' title="bbox 10 2345 1898 2860">
     <span class='ocr_line' id='line_1_52' title="bbox 26 2345 1898 2450; baseline 0.002 -14"><span class='ocrx_word' id='word_1_471' title='bbox 26 2345 30 2408; x_wconf 67' lang='grc' dir='ltr'>Ι</span> <span class='ocrx_word' id='word_1_472' title='bbox 179 2407 213 2447; x_wconf 86' lang='grc'>2)</span> <span class='ocrx_word' id='word_1_473' title='bbox 240 2407 303 2443; x_wconf 80' lang='lat' dir='ltr'>Qui</span> <span class='ocrx_word' id='word_1_474' title='bbox 331 2425 370 2428; x_wconf 97' lang='lat'><strong>—</strong></span> <span class='ocrx_word' id='word_1_475' title='bbox 396 2407 540 2437; x_wconf 91' lang='lat' dir='ltr'>Aritium</span> <span class='ocrx_word' id='word_1_476' title='bbox 563 2408 602 2450; x_wconf 57' lang='lat' dir='ltr'>*sb</span> <span class='ocrx_word' id='word_1_477' title='bbox 628 2406 811 2448; x_wconf 70' lang='lat' dir='ltr'>(arsacium).</span> <span class='ocrx_word' id='word_1_478' title='bbox 837 2408 906 2437; x_wconf 88' lang='lat' dir='ltr'>rell.</span> <span class='ocrx_word' id='word_1_479' title='bbox 933 2417 992 2438; x_wconf 90' lang='lat' dir='ltr'>om.</span> <span class='ocrx_word' id='word_1_480' title='bbox 1018 2407 1145 2443; x_wconf 79' lang='lat' dir='ltr'>vcath</span> <span class='ocrx_word' id='word_1_481' title='bbox 1169 2409 1307 2439; x_wconf 86' lang='lat' dir='ltr'>habent:</span> <span class='ocrx_word' id='word_1_482' title='bbox 1338 2410 1421 2439; x_wconf 84' lang='lat' dir='ltr'>Nam</span> <span class='ocrx_word' id='word_1_483' title='bbox 1449 2410 1573 2449; x_wconf 85' lang='lat' dir='ltr'>(Etiam</span> <span class='ocrx_word' id='word_1_484' title='bbox 1588 2409 1630 2449; x_wconf 86' lang='lat' dir='ltr'>Q)</span> <span class='ocrx_word' id='word_1_485' title='bbox 1656 2411 1839 2448; x_wconf 79' lang='lat' dir='ltr'>tragoedias</span> <span class='ocrx_word' id='word_1_486' title='bbox 1866 2416 1898 2441; x_wconf 86' lang='lat' dir='ltr'>et</span> 
     </span>
     <span class='ocr_line' id='line_1_53' title="bbox 26 2413 34 2751; baseline 0 0"><span class='ocrx_word' id='word_1_487' title='bbox 26 2413 34 2751; x_wconf 81' lang='lat' dir='ltr'>i</span> 
     </span>
     <span class='ocr_line' id='line_1_54' title="bbox 13 2533 16 2547; baseline 0 0"><span class='ocrx_word' id='word_1_488' title='bbox 13 2533 16 2547; x_wconf 68' lang='grc' dir='ltr'>ι</span> 
     </span>
     <span class='ocr_line' id='line_1_55' title="bbox 15 2588 19 2606; baseline 0 0"><span class='ocrx_word' id='word_1_489' title='bbox 15 2588 19 2606; x_wconf 60' lang='lat' dir='ltr'>l</span> 
     </span>
     <span class='ocr_line' id='line_1_56' title="bbox 30 2754 35 2860; baseline 0 0"><span class='ocrx_word' id='word_1_490' title='bbox 30 2754 35 2860; x_wconf 83' lang='grc' dir='ltr'><strong>ἱ</strong></span> 
     </span>
    </p>
   </div>
  </div>
 </body>
</html>
