2148 3412
809 134 859 166 IN
884 133 991 166 ΛΒΤ.
1016 132 1152 166 Pom.
1827 121 1907 162 583

79 257 265 314 egregie,
297 258 331 299 si
360 263 458 299 noto
488 257 619 299 uerbo
651 257 884 313 conpositio
915 257 1065 300 artifex
1097 257 1338 299 instruatur.
1401 257 1560 300 Callida
1590 258 1782 299 iunctura
1812 270 1908 298 uer-

82 331 229 373 borum
256 330 319 387 [id
340 331 442 388 est]:
476 331 645 388 elegans
667 339 707 372 et
726 346 837 372 noua
858 331 1037 373 elocutio
1059 338 1100 372 et
1120 331 1345 373 cohaerens
1367 344 1526 380 serm03
1559 331 1764 386 optimum
1796 330 1908 371 enim

17 416 19 419 ’
80 404 248 446 dicendi
279 419 411 459 genus
442 411 515 455 est,
549 405 582 446 si
614 411 699 446 tota
728 404 859 446 uerba
890 411 1126 460 opportune
1157 411 1197 445 et
1228 405 1400 460 proprie
1422 411 1643 461 ponantur.
1704 406 1908 447 iunctura.

81 475 342 532 Conpositio,
374 484 594 528 structura,
628 478 881 521 constructio
913 479 1112 534 partium.

189 552 256 593 48.
287 552 353 593 49.
385 566 536 594 nouum
566 554 604 593 si
628 554 728 607 forle
757 567 910 595 necesse
941 560 997 594 est
1011 553 1175 594 Indz'ce'z's
1206 561 1371 594 monstr.
1404 561 1473 594 elc.
1533 551 1699 594 Nouum
1732 551 1908 594 uerbum

81 626 186 667 bene
218 625 337 675 dicis,
371 625 406 666 si
436 625 560 666 fuerit
590 625 829 676 necessitas,
862 625 1032 667 indiciis
1062 626 1183 668 nouis
1214 626 1403 681 proferre
1434 640 1500 668 res
1531 641 1675 677 nouas,
1707 640 1759 667 ne
1780 626 1910 667 facias

77 714 234 740 nouum
264 698 455 749 uerbum,
488 699 656 753 quando
686 698 913 741 necessitas
944 714 1028 741 non
1060 706 1131 741 est.
1194 698 1436 741 Aristotelis
1476 699 1607 741 libros
1651 699 1724 753 qui
1771 698 1910 756 [Qui-

81 773 197 829 dam]
230 772 453 823 transtulit,
487 773 571 823 sed,
605 772 751 814 nolens
781 773 1006 814 transferre
1037 773 1080 813 τὸ
1104 773 1163 824 ὄν,
1194 789 1278 815 non
1300 773 1473 823 inuenit,
1507 773 1715 829 quomodo
1738 773 1910 824 diceret,

77 846 197 887 finxit
228 861 308 896 ens,
342 853 382 887 et
411 846 579 887 laudem
600 846 863 902 quaesiuitst)
928 847 1090 889 Indicus
1112 857 1336 890 monstra-re
1357 848 1580 889 recentibus
1601 847 1707 889 mire
1732 846 1909 904 [autem]

79 920 204 969 dixit3
250 921 399 963 indicia
430 920 541 961 enim
573 920 703 961 animi
734 920 865 961 uerba
897 928 1003 963 sunt.
1078 922 1244 964 Iudiciis
1276 936 1378 976 ergo
1409 922 1656 963 recentibus:
1704 921 1798 962 rudi
1844 921 1908 961 in-

78 994 274 1036 uentione
304 993 545 1044 uerborum,
591 993 690 1048 quia
721 994 879 1035 indicia
909 1009 1049 1036 rerum
1083 994 1215 1037 uerba
1247 1003 1340 1037 sunt
1372 995 1602 1037 secundum
1633 994 1910 1050 philosophos

81 1068 154 1123 qui
197 1068 325 1119 aiunt,
374 1067 545 1124 ἔλεῃον
578 1072 655 1109 τῶν
689 1069 848 1124 τρόπων
885 1068 988 1110 εἶναι
1018 1069 1084 1109 τὸν
1130 1068 1264 1123 λόγον.
1340 1069 1473 1111 abdita
1505 1083 1653 1111 rerum.
1729 1067 1799 1125 [Id
1830 1068 1910 1125 est]

82 1141 227 1184 Nouas
259 1157 337 1184 res.

194 1217 259 1259 50.
295 1218 467 1271 Fingere.
528 1214 575 1257 Si
606 1216 834 1258 necessitas
864 1222 955 1258 orta
985 1216 1121 1266 fuerit,
1167 1216 1293 1272 fingis
1331 1231 1427 1258 cum
1457 1216 1604 1265 laude3
1652 1216 1686 1258 si
1717 1217 1807 1258 sine
1836 1230 1912 1258 ne-

81 1290 286 1340 cessitate,
318 1290 482 1332 rideris.
544 1291 736 1332 cenclutr‘s.
775 1288 966 1344 Antique
997 1289 1115 1340 dixit,
1147 1289 1191 1330 id
1222 1298 1297 1340 est,
1342 1290 1596 1332 militaribus
1627 1290 1730 1332 uiris
1775 1298 1813 1332 et
1860 1290 1913 1331 ad

80 1364 275 1406 militiam
306 1364 475 1419 paratis.
537 1363 665 1405 Unde
696 1378 772 1418 per
803 1363 1059 1405 contrarium
1090 1363 1197 1404 dixit
1227 1362 1360 1405 Poeta
1393 1364 1532 1419 (Very.
1563 1362 1617 1406 A.
1642 1364 1765 1415 VIII,
1789 1366 1911 1418 724):

82 1440 291 1482 discinctos
325 1439 521 1482 Mulciber
557 1438 693 1493 Afros,
739 1438 783 1478 id
814 1444 888 1487 est,
934 1437 1111 1479 inbelles
1142 1437 1195 1478 ad
1226 1437 1432 1479 militiam.
1492 1452 1573 1480 non
1604 1439 1796 1480 eoeamlz'ta
1833 1439 1913 1479 Ce—

79 1513 213 1568 the-qis.
275 1510 389 1569 [Non
420 1518 516 1553 ante
547 1518 762 1567 conperta,
793 1511 981 1554 nondum
1012 1511 1194 1567 cognita,
1241 1526 1318 1567 pro
1350 1526 1412 1562 eo,
1461 1512 1572 1567 quod
1618 1520 1679 1553 est.
1708 1511 1912 1566 Antiquis

80 1586 313 1642 v'ncoqnz'ta]
392 1585 444 1626 Id
474 1592 554 1627 est:
603 1585 638 1627 si
668 1585 895 1627 necessitas
926 1584 1003 1626 tibi
1034 1585 1170 1635 fuerit,
1218 1585 1278 1626 uti
1322 1585 1464 1627 uerbis
1509 1585 1761 1637 recentibus,
1807 1600 1914 1640 quae

81 1675 165 1708 non
197 1659 419 1701 audierunt
452 1660 616 1715 Cethegi,
648 1659 810 1714 antiqui
832 1666 1031 1709 oratores,
1062 1658 1159 1700 licet
1180 1659 1257 1700 tibi
1278 1659 1351 1709 uti,
1384 1659 1458 1701 sed
1477 1659 1704 1701 moderate.
1767 1659 1914 1715 [Unde

83 1734 140 1775 ait
169 1750 209 1776 u.
242 1736 316 1776 51:
351 1734 594 1790 dabiturque
625 1735 783 1776 licentia
814 1742 971 1790 sumpta
1000 1733 1230 1790 pudenter]

197 1809 262 1850 51.
294 1817 453 1865 sumpta
478 1809 692 1865 pudenter.
753 1809 972 1858 Pudenter,
1014 1808 1058 1849 id
1089 1819 1162 1859 est,
1208 1822 1302 1849 cum
1332 1807 1601 1857 uerecundia,
1649 1822 1744 1850 cum
1775 1822 1914 1858 causa,

84 1882 127 1923 id
157 1889 231 1933 est,
262 1898 344 1925 non
376 1883 508 1924 nimia
537 1882 727 1939 fingendi
757 1882 938 1924 licentia.
1001 1880 1071 1938 [Si
1102 1881 1213 1923 enim
1245 1881 1472 1924 necessitas
1493 1881 1631 1932 fuerit,
1663 1881 1789 1936 fingis
1820 1897 1914 1923 cum

84 1956 223 2005 laude,
256 1957 328 1998 sed
361 1956 432 2013 (si)
465 1956 554 1998 sine
585 1956 847 2006 necessitate,
880 1955 1064 2012 rideris]

198 2032 263 2073 52.
299 2032 348 2073 Et
367 2045 475 2073 noua
494 2031 534 2087 fi.
555 2045 623 2072 nu.
646 2030 735 2071 hab.
757 2031 880 2071 uerba
908 2030 1034 2086 fidem.
1092 2028 1215 2071 Noua
1246 2029 1376 2071 uerba
1405 2029 1502 2071 ficta
1531 2028 1747 2071 habebunt
1775 2029 1914 2081 fidem,

85 2105 129 2146 id
160 2111 234 2156 est,
265 2104 558 2161 probationem
593 2102 937 2160 [probabuntur],
983 2103 1017 2144 si
1049 2102 1100 2144 de
1133 2101 1312 2145 Graecis
1343 2103 1484 2145 uerbis
1516 2103 1716 2145 translata
1761 2104 1917 2145 fuerint

225 2188 259 2227 2)
286 2188 320 2217 id
345 2192 395 2217 est
419 2187 493 2223 th.
520 2187 588 2216 rell.
616 2196 677 2217 om.
729 2186 764 2225 3)
790 2190 850 2215 {ota
873 2195 900 2227 γ.
927 2185 997 2215 rell.
1034 2194 1129 2214 noua.
1158 2202 1198 2205 >—
1225 2186 1375 2215 iunctura
1401 2186 1632 2224 compositione
1657 2190 1688 2215 et
1715 2190 1875 2217 structura
1901 2197 1915 2216 r

87 2245 288 2284 compositio,
315 2247 477 2274 structura
502 2244 643 2281 partium
670 2242 706 2272 O.
733 2242 803 2272 rell.
831 2251 890 2272 om.
956 2241 990 2280 6)
1020 2242 1101 2271 dicis
1126 2251 1153 2283 γ.
1181 2241 1252 2272 rell.
1280 2242 1370 2272 facis.
1399 2243 1529 2272 indiciis
1555 2261 1594 2264 -e
1620 2253 1683 2273 non
1710 2247 1759 2274 est
1784 2253 1809 2284 γ.
1845 2243 1914 2273 rell.

86 2312 145 2332 om.
211 2303 244 2341 7)
271 2301 402 2340 quidam
428 2299 562 2338 (cath)
591 2310 651 2329 om.
675 2309 693 2342 γ
716 2299 778 2329 ΝΧ
802 2299 900 2337 Med.‚
937 2309 982 2329 rv.
1048 2298 1082 2336 8)
1110 2307 1173 2328 non
1198 2299 1324 2329 inuenit
1347 2308 1374 2341 γ.
1412 2302 1450 2329 tr.
1475 2303 1533 2328 ποι.
1561 2309 1623 2329 non
1649 2300 1770 2330 inuenit
1794 2310 1817 2330 r.
1845 2300 1914 2329 rell.

86 2368 152 2389 cum
175 2367 238 2389 non
265 2359 430 2388 inueniret.
458 2358 537 2387 conf.
565 2356 607 2386 C:
635 2356 747 2386 ‘abdita
772 2366 883 2386 rerum.
910 2365 1011 2386 nouas
1037 2365 1098 2385 reS.
1127 2355 1169 2385 sic
1195 2356 1249 2394 qui
1276 2356 1462 2386 Aristotelis
1500 2356 1597 2385 libros
1634 2355 1813 2385 transtulit.
1852 2366 1916 2385 cum

87 2415 237 2445 laboraret
262 2416 295 2445 in
319 2415 367 2458 τῷ
392 2411 435 2445 ὢν
462 2414 539 2453 (sic)
565 2413 716 2449 uei-tendo,
743 2414 842 2443 finxit
859 2423 920 2451 ens,
947 2417 977 2443 et
1003 2413 1130 2442 laudem
1154 2413 1354 2451 acquisiuit.)
1404 2413 1438 2451 9)
1467 2413 1546 2443 hens
1572 2422 1599 2454 γ.
1620 2431 1656 2433 ὼ
1678 2417 1785 2442 autem
1812 2421 1871 2441 om.
1889 2420 1916 2453 γ.

1 2489 3 2506 2
87 2483 172 2504 rvca.
224 2473 279 2511 10)
307 2476 380 2502 sunt
404 2473 503 2502 uerba
527 2472 565 2501 N.
632 2473 687 2511 ll)
714 2471 818 2500 Verba
844 2469 967 2500 Graeca
992 2480 1052 2500 om.
1076 2471 1200 2500 relictis
1226 2470 1352 2499 lacunis
1377 2469 1437 2499 Nx
1461 2469 1544 2499 Med.
1572 2468 1661 2506 G‚rv.
1688 2470 1742 2508 qui
1769 2470 1860 2499 aiunt
1886 2472 1916 2497 et

88 2531 186 2561 uerba
211 2529 331 2560 Graeca
356 2540 416 2559 om.
445 2539 490 2559 ca.
517 2530 554 2558 In
579 2538 596 2570 γ
621 2530 667 2558 sic
692 2537 724 2557 se
752 2528 887 2557 habent:
914 2522 1106 2558 EAEEXON
1134 2522 1215 2557 TON
1243 2521 1364 2558 [IPOFI
1389 2521 1497 2556 ‹oTON
1524 2521 1746 2557 EleAlToN
1774 2519 1914 2556 AOGON

39 2578 41 2581 ξ
88 2586 178 2627 (sic).
228 2587 283 2625 13)
311 2586 345 2616 Si
372 2603 410 2607 —-›
438 2585 578 2624 ridieris)
606 2595 630 2626 γ.
658 2585 726 2616 rell.
754 2595 814 2615 oni.
840 2585 901 2614 hoc
926 2584 1022 2614 schol.
1049 2584 1078 2613 h.
1105 2584 1136 2620 l.,
1164 2582 1298 2613 inferius
1324 2584 1538 2620 adiungentes
1565 2583 1688 2612 scholio
1713 2592 1826 2612 uersus
1852 2591 1915 2620 seq.

91 2643 142 2674 51.
195 2644 249 2683 14)
276 2644 309 2673 id
335 2647 384 2673 est
410 2653 470 2673 om.
495 2653 523 2684 γ.
577 2642 630 2681 16)
657 2641 833 2672 ‹lislunctos
858 2651 885 2683 γ.
911 2640 1079 2671 destinctos
1103 2640 1142 2670 X.
1169 2640 1338 2670 discinctos
1362 2639 1446 2669 Med.
1473 2650 1496 2668 r.
1523 2640 1593 2668 rell.
1621 2640 1806 2669 discinctos.
1832 2638 1916 2669 conf.

89 2700 230 2731 Macrob.
258 2700 289 2730 S.
316 2700 371 2738 VJ,
399 2701 428 2737 5,
456 2701 486 2728 ⁶2.
514 2700 636 2729 scholia
663 2699 785 2728 Lucani
810 2698 849 2732 X,
877 2698 949 2727 447.
977 2698 1030 2740 Βφ
1055 2698 1094 2728 ad
1119 2708 1148 2727 u.
1178 2696 1320 2736 Cethegsis.
1350 2696 1495 2734 ‘Cethegi
1521 2705 1600 2734 gens
1627 2700 1686 2731 est,
1713 2705 1792 2734 quae
1817 2696 1919 2725 utitur

90 2758 209 2787 tunicis
246 2757 367 2795 aptatis
392 2757 512 2795 pectori
551 2757 618 2786 siue
644 2756 784 2793 cingulo,
811 2759 843 2785 et
868 2759 917 2784 est
944 2764 1027 2793 spec.
1054 2764 1109 2792 pro
1136 2754 1276 2793 genere.7
1310 2753 1430 2783 cinctuti
1454 2757 1559 2782 autem
1586 2752 1664 2782 dicti
1691 2756 1766 2781 sunt
1791 2756 1920 2790 propter

92 2815 222 2844 strictas
247 2814 374 2843 tunicas
400 2815 584 2852 pectoribus
611 2813 677 2842 suis
702 2816 828 2850 aptatas
855 2812 924 2841 sine
942 2812 1101 2850 cingulis:
1126 2812 1230 2850 quales
1254 2811 1351 2841 adhuc
1374 2810 1450 2840 scoti
1469 2813 1594 2849 yestmzc.
1646 2810 1701 2847 17)
1729 2809 1798 2838 Non
1814 2826 1853 2830 —-
1869 2810 1919 2838 in-

92 2872 221 2910 cognita
245 2880 305 2901 om.
330 2869 462 2912 y‚XNG.
490 2869 568 2899 conf.
596 2868 635 2899 C:
663 2878 725 2899 non
751 2873 826 2898 ante
851 2873 882 2898 et
905 2872 1077 2906 comperta,
1102 2877 1161 2898 non
1185 2869 1324 2907 cognita,
1363 2877 1423 2897 om.
1452 2876 1539 2905 seqq.
1590 2865 1646 2905 18)
1671 2865 1723 2895 cibi
1745 2865 1843 2896 fuerit
1871 2867 1919 2896 uti

91 2936 118 2969 γ.
154 2927 252 2957 fuerit
276 2926 329 2957 tibi
352 2928 401 2957 uti
425 2926 554 2964 X‚1·vca.
581 2927 639 2956 tibi
665 2935 723 2955 om.
761 2924 839 2960 th.
908 2925 962 2963 19)
989 2924 1084 2954 Unde
1110 2943 1151 2945 ss—
1177 2925 1334 2963 pudenter
1359 2934 1418 2953 om.
1445 2933 1471 2964 γ.
1533 2923 1590 2961 22)
1618 2922 1650 2952 Si
1680 2940 1718 2943 m
1746 2923 1863 2952 rideris
1888 2924 1917 2952 h.

92 2984 113 3013 1.
140 2994 201 3014 om.
226 2993 253 3026 γ.
290 2984 364 3013 uide
390 2994 419 3014 u.
446 2985 498 3014 50.
536 2986 637 3013 totum
663 2982 762 3012 schol.
799 2993 859 3012 om.
895 2981 956 3011 NX
980 2981 1065 3012 Med.
1097 2982 1207 3020 G,vca.
1274 2982 1330 3011 25}
1358 2979 1564 3020 probationem
1588 2989 1614 3022 γ.
1643 2997 1679 3000 ἡ
1709 2978 1807 3009 uerbis
1832 2978 1917 3021 wc.

94 3051 154 3072 om.
180 3041 258 3078 th.

206 3099 237 3138 †)
262 3099 331 3142 Βφε
358 3108 477 3136 ηινιιυυι,
504 3098 640 3137 siforte.
668 3097 702 3128 Si
728 3098 866 3136 quando,
894 3097 1008 3136 inquit,
1035 3098 1076 3127 ad
1102 3106 1167 3126 rem
1193 3095 1418 3134 explicandam
1435 3104 1499 3125 non
1518 3092 1695 3124 sufficiunt.
1723 3093 1919 3131 permittitur

94 3160 188 3194 poeta
215 3156 251 3194 (1.
277 3157 403 3195 poetae)
429 3166 510 3186 noua
538 3157 668 3194 fingere,
696 3155 774 3184 sicut
805 3160 851 3185 est
878 3154 1010 3184 inimicat
1034 3158 1062 3184 et
1081 3153 1226 3193 parificat
1252 3156 1450 3190 caeteraque.

1939 928 1979 960 10

1939 1670 1982 1702 20

1942 2039 1982 2070 25
