2148 3412
792 133 841 164 IN
866 133 975 165 ΛΒΤ.
1001 131 1135 165 POET.
1801 122 1881 162 597

160 257 252 298 123.
286 256 347 298 Sit
361 257 503 299 Medea
527 257 648 310 ferox
670 258 908 314 invictaque.
969 257 1192 299 PeruicaX.
1256 256 1432 313 [Medea
1462 257 1561 299 dum
1594 256 1653 298 dii
1683 256 1727 297 in
1759 256 1883 298 domo

46 345 119 372 sua
149 329 352 371 haberent
383 330 610 384 hospitium
642 331 825 386 dumque
855 331 961 371 nihil
1001 331 1139 373 carius
1169 330 1355 379 haberet,
1392 330 1499 373 filios
1532 346 1627 373 suos
1659 331 1713 372 ad
1744 345 1883 372 come-

46 404 229 445 dendum
252 403 458 458 adposuit.
519 403 622 446 Ideo
653 405 775 459 ferox
806 412 843 445 et
877 405 1060 447 crudelis
1092 412 1164 447 est.
1228 405 1462 462 [mariaque
1485 412 1621 447 autem
1645 402 1882 461 peruicax]

41 479 181 535 flebilis
216 478 297 520 Ῑηο.
336 477 518 531 Propter
549 478 817 520 amissionem
849 479 1043 520 filiorum.
1122 477 1330 520 Athamas
1377 478 1528 537 [enim]
1574 479 1750 521 maritus
1796 479 1884 520 eius

48 567 177 594 unum
199 558 443 607 persecutus
465 552 632 602 occidit,
656 552 848 601 alterum,
871 552 968 594 dum
990 551 1124 609 [eum]
1145 552 1345 608 sequitur,
1376 553 1474 594 feeit
1497 553 1540 594 in
1560 568 1677 595 mare
1700 552 1882 599 desilire,

45 641 222 682 quorum
253 633 387 667 mater
417 625 535 681 luget
566 625 795 667 interitum.
856 637 1044 666 ALITER:
1086 625 1164 666 Ino
1194 641 1301 668 uxor
1331 625 1603 668 Athamantis
1637 626 1882 683 [dementis]

44 700 134 750 fuit,
167 714 274 755 quae
305 701 490 742 furorem
521 700 659 741 mariti
690 700 857 757 fugiens
889 714 932 741 se
963 699 1260 755 praecipitauit
1306 700 1350 741 in
1394 715 1510 741 mare
1557 715 1653 742 cum
1698 701 1798 751 filio,
1846 707 1885 741 et

47 774 178 832 [ipsa]
213 774 325 815 dicta
356 781 417 815 est
446 773 706 825 Leucothea,
730 776 746 829 Η
769 782 807 815 et
841 775 948 829 (utf')
979 773 1090 815 filius
1123 774 1211 816 eius
1242 773 1488 825 Palaemon,
1527 775 1598 830 qui
1630 782 1726 816 ante
1756 774 1885 816 Meli-

47 855 180 890 certes
211 847 431 890 dicebatur
462 847 611 902 (Inous
643 864 667 889 a
698 855 831 889 matre
863 848 998 890 dictus
1030 849 1150 904 estP).

158 923 252 963 124.
280 922 460 977 perfidus
491 922 625 963 Ixion.
656 921 792 964 Moris
825 930 913 963 erat
944 922 1057 977 apud
1088 921 1313 977 Antiquos,
1353 928 1397 963 ut
1428 928 1523 964 ante
1556 922 1703 964 ductas
1734 937 1885 965 uxores

45 995 251 1052 nuptialia
281 1010 457 1037 munera
487 995 596 1036 ultro
629 994 816 1052 [generi]
865 996 1019 1038 soceris
1065 996 1225 1038 darent.
1302 996 1424 1038 Ixion
1469 1012 1571 1053 ergo
1618 1012 1712 1039 cum
1756 997 1887 1039 filiam

46 1070 271 1125 Deioneff)
294 1070 527 1125 accepisset
547 1085 735 1121 uxorem,
766 1077 806 1111 et
828 1071 966 1112 dotem
989 1070 1107 1111 daret
1128 1070 1298 1121 inuitus,
1322 1070 1513 1113 scrobem
1535 1071 1633 1113 feeit
1655 1072 1884 1128 ingentem,

46 1159 173 1200 quam
204 1145 303 1200 igne
334 1144 512 1199 repleuit
545 1159 594 1185 ac
627 1160 832 1186 summam
863 1144 1013 1186 leuiter
1044 1144 1184 1186 cinere
1222 1145 1416 1187 contexit.
1476 1145 1528 1186 In
1550 1145 1658 1187 hanc
1681 1161 1885 1197 socerum,

47 1233 171 1275 quem
202 1218 404 1259 simulans
434 1219 489 1258 ad
520 1233 693 1259 caenam
735 1218 1003 1269 inuitauerat,
1049 1219 1207 1269 mersit,
1240 1234 1289 1261 ao
1336 1219 1396 1261 sic
1442 1235 1591 1275 passus
1637 1228 1698 1262 cst
1742 1220 1888 1262 uiuum

45 1293 164 1336 illum
195 1292 333 1341 exuri3
367 1292 420 1334 ob
451 1293 530 1334 hoc
554 1293 739 1349 perfidus
770 1293 841 1334 ille
874 1293 1010 1334 dictus
1033 1300 1105 1334 est.
1168 1292 1270 1334 Siue
1303 1293 1414 1348 quia,
1448 1293 1547 1334 dum
1570 1294 1750 1335 conuiua
1772 1294 1887 1336 Iouis

46 1374 165 1418 esset,
211 1366 417 1408 Iunonem
450 1367 501 1407 de
533 1374 678 1422 stupro
710 1367 960 1408 temulentus
1003 1382 1127 1408 ausus
1171 1374 1231 1409 est
1278 1367 1505 1423 adpellare.
1567 1367 1699 1408 ALH
1730 1368 1887 1419 dicunt,

47 1441 159 1497 quod
190 1441 285 1482 ideo
317 1441 504 1496 perfidus
536 1441 674 1482 dictus
705 1441 770 1491 sit,
804 1441 916 1496 quod
948 1441 1206 1483 concedente
1236 1440 1339 1483 Ioue
1386 1441 1484 1483 coiit
1517 1456 1611 1483 cum
1642 1442 1817 1491 Iunone,
1849 1450 1888 1484 et

46 1523 191 1571 postea
222 1515 433 1571 patefecit.
494 1516 540 1558 Io
571 1531 689 1571 naqa.
752 1515 901 1572 [Quod
934 1523 1095 1558 secreta
1127 1515 1209 1557 sibi
1242 1516 1520 1557 conmendata
1541 1523 1699 1557 mutata
1721 1517 1765 1557 in
1786 1532 1887 1559 uac-

48 1605 139 1632 cam
186 1589 452 1646 publicauit.]
531 1588 652 1643 Quae
684 1591 727 1631 in
758 1605 932 1632 uaccam
964 1596 1123 1631 mutata
1158 1589 1212 1631 ad
1244 1589 1494 1646 Aegyptum
1540 1591 1733 1646 peruenit
1778 1592 1889 1632 facta

47 1664 126 1706 Isis
155 1664 306 1720 regina
337 1663 541 1720 Aegypti.
604 1666 728 1707 tristis
763 1666 934 1707 Orestes.
995 1664 1178 1720 Propter
1210 1664 1511 1707 conscientiam
1560 1665 1679 1722 [quia
1710 1672 1888 1707 matrem
1915 1678 1921 1684 ·

48 1739 220 1781 demens
251 1737 495 1794 interfecit]

163 1815 257 1855 125.
289 1813 335 1855 δι’
364 1814 459 1869 quid
489 1814 759 1870 inexpertum.
819 1813 871 1854 Id
903 1821 982 1854 est:
1030 1814 1064 1854 si
1095 1828 1252 1855 nouum
1282 1827 1435 1868 poema
1480 1813 1631 1855 scribis
1678 1821 1716 1855 et
1762 1812 1889 1870 fingis

48 1902 201 1929 nouam
232 1902 472 1942 personam,
507 1902 623 1936 caue,
655 1894 700 1928 ut
731 1888 783 1929 sit
814 1894 1009 1929 constans
1041 1902 1172 1943 usque
1204 1887 1257 1928 ad
1289 1894 1535 1929 extremum.

164 1963 256 2003 126.
291 1963 507 2003 Personam
537 1963 715 2016 formare
744 1977 906 2004 nouam.
984 1961 1168 2018 [Nouam
1208 1962 1462 2020 materiam]
1538 1962 1766 2004 Materiam
1812 1962 1890 2004 ali-

50 2036 169 2077 cuius
199 2050 417 2091 personae.
477 2037 670 2091 formare.
701 2035 940 2077 Instituere.
1001 2035 1230 2078 Materiam
1263 2036 1441 2079 alicuius
1476 2051 1683 2092 personae
1727 2036 1796 2078 uel
1825 2037 1889 2079 fa-
1917 2044 1952 2057 '⁷

0 2164 1 2168 Ἰ
51 2110 206 2162 bulam,
239 2126 365 2166 quam
399 2111 590 2166 coeperis
620 2110 799 2152 recitare
830 2110 874 2151 in
907 2124 1043 2152 scena.

0 2188 1 2191 ¹
51 2194 157 2224 habet.
192 2194 352 2223 Peruicax
377 2203 394 2235 γ
420 2197 449 2223 et
477 2193 513 2230 C,
551 2195 606 2232 qui
632 2195 723 2231 plura
749 2194 842 2222 addit
869 2194 907 2222 de
932 2193 1056 2223 Medea.
1083 2193 1197 2222 Medea
1221 2211 1263 2213 e*
1290 2194 1445 2231 peruicax
1471 2204 1532 2224 om.
1559 2193 1614 2236 γΟ.
1641 2211 1683 2215 —
1709 2194 1891 2223 ‹leuindicet

51 2260 134 2281 omn.
162 2251 247 2281 libri.
274 2251 407 2281 uerbum
433 2261 497 2281 non
516 2250 678 2281 Latinum.
710 2250 921 2280 Scribendum
949 2254 998 2280 est
1023 2250 1163 2280 uindicet.
1192 2250 1219 2286 Q
1245 2250 1361 2280 inculc.
1391 2251 1546 2280 deuincat.
1573 2250 1741 2288 Homines,
1768 2251 1891 2289 populi,

50 2308 135 2338 ferae
161 2309 388 2345 deuineuntur,
416 2317 477 2338 non
502 2317 564 2342 res,
592 2309 740 2338 iniuriae.
769 2307 835 2337 Cic.
865 2307 977 2343 Quint.
1006 2309 1033 2337 Τ.

142 2366 176 2404 3)
203 2367 331 2396 Inuicta
357 2371 464 2397 autem
489 2375 578 2404 peru.
604 2365 682 2400 th.
710 2365 780 2394 rell.
807 2374 866 2394 om.
916 2364 951 2402 4)
981 2365 1065 2394 euim
1091 2374 1151 2394 om.
1169 2373 1197 2406 γ.
1248 2364 1283 2403 5)
1309 2364 1383 2394 fecit
1408 2365 1442 2394 in
1466 2363 1566 2393 maria
1594 2364 1680 2403 (rell.
1709 2365 1810 2402 mare)
1837 2365 1892 2393 de-

52 2423 140 2454 silire
165 2423 241 2466 7,fh.
268 2425 338 2453 rell.
375 2423 482 2453 cecidit
505 2423 534 2452 in
566 2432 660 2453 mare.
699 2432 833 2461 quorum
858 2426 962 2451 mater
987 2423 1079 2459 luget
1105 2422 1275 2452 interitum
1299 2421 1377 2463 ·(,fh.
1403 2423 1472 2453 rell.
1502 2431 1635 2460 quorum
1663 2422 1779 2452 exitum
1805 2420 1892 2459 (exi-

52 2480 122 2510 tium
146 2481 186 2511 N.
226 2482 332 2512 exitus
356 2481 400 2517 X)
439 2481 493 2510 flet
519 2485 630 2510 mater.
697 2480 731 2518 O)
760 2480 853 2508 aliter
877 2488 903 2520 γ.
941 2479 1010 2508 Alii
1037 2480 1085 2508 sic
1108 2478 1186 2514 th.
1213 2479 1282 2509 rell.
1310 2489 1368 2509 oni.
1400 2496 1437 2500 ψ
1465 2479 1626 2508 dementis
1652 2488 1714 2508 om.
1740 2477 1805 2520 ·s‚C.
1856 2478 1890 2517 8)

53 2539 121 2577 ipsa
147 2549 207 2569 om.
233 2549 260 2581 γ.
298 2539 359 2569 Pro
385 2543 412 2567 et
435 2539 506 2577 lege
531 2542 572 2575 ut,
610 2547 648 2567 ne
673 2538 778 2566 minus
806 2537 917 2565 durum
945 2537 997 2566 sit.
1036 2537 1116 2566 conf.
1143 2535 1186 2566 C:
1213 2554 1253 2557 »ἡ
1280 2538 1334 2574 qui
1372 2536 1551 2565 Melicertis
1589 2539 1676 2565 antea
1713 2535 1891 2571 dicebatur,

51 2596 103 2635 qui
125 2596 213 2626 etiam
238 2597 328 2626 Inous
352 2607 372 2626 a
396 2601 491 2626 matre
517 2596 612 2625 (lictus
637 2599 685 2625 est,
713 2594 863 2624 Scholion
891 2593 988 2623 Moris
1013 2598 1080 2623 erat
1105 2611 1146 2614 ᾔ
1172 2594 1211 2623 01)
1237 2593 1296 2623 hoc
1321 2594 1461 2631 perfidus
1487 2593 1591 2622 dictus
1618 2598 1667 2622 est
1693 2593 1790 2622 etiam
1816 2592 1893 2621 Por*

53 2654 223 2693 phyrionis
243 2657 300 2690 est⁷
319 2654 393 2683 uide
412 2653 506 2682 infra.
558 2652 615 2691 13)
633 2652 668 2681 In
687 2651 764 2681 hcmc
781 2651 879 2693 *beff
897 2648 1020 2691 (hunc).
1039 2651 1108 2680 rell.
1128 2651 1159 2680 in
1177 2651 1243 2681 hac.
1294 2652 1350 2690 14)
1369 2651 1476 2679 uiuum
1496 2650 1586 2679 illum
1604 2651 1652 2690 γὶ).
1673 2650 1741 2679 rell.
1762 2650 1807 2678 ill.
1826 2650 1892 2678 niu.

57 2711 112 2749 15)
139 2711 190 2740 Set
204 2710 345 2750 quoniam
362 2711 437 2740 dnm
455 2711 589 2740 conuiua
608 2719 633 2751 γ.
662 2709 733 2738 Siue
750 2708 821 2747 (suia
839 2709 917 2738 dum
935 2719 979 2739 co.
999 2709 1028 2738 b.
1055 2709 1123 2738 rell.
1151 2707 1227 2738 Siue
1254 2709 1338 2738 dum.
1392 2708 1446 2746 17)
1474 2708 1517 2737 sit
1544 2717 1604 2736 om.
1619 2716 1645 2748 γ,
1672 2708 1751 2737 coiit
1775 2717 1802 2747 γ.
1821 2717 1892 2736 cum

54 2766 183 2797 Iunone.
211 2768 381 2797 concubuit
409 2777 478 2796 cum
504 2767 546 2796 iu.
573 2767 602 2795 b.
628 2766 697 2795 rell.
725 2776 795 2795 cum
820 2765 942 2795 Iunone
969 2765 1150 2795 concubuit.
1203 2764 1259 2804 18)
1287 2765 1380 2800 Quod
1401 2782 1435 2785 ss-
1454 2764 1631 2802 publicauit
1651 2774 1711 2793 om.
1730 2764 1891 2801 NX,rvca.

57 2824 112 2863 19)
141 2824 230 2860 Quae
243 2843 277 2845 <w
293 2824 434 2863 egiptum
459 2841 490 2844 ψ
503 2824 570 2862 ysis
589 2841 624 2844 ——
641 2824 751 2862 egypti
770 2833 797 2864 γ.
816 2824 885 2852 rell.
905 2833 963 2852 om.
1015 2823 1072 2860 20)
1092 2821 1352 2861 pro[·terfacta7n
1371 2822 1606 2851 conscientiam
1625 2831 1652 2862 γ.
1671 2821 1742 2852 rell.
1762 2824 1894 2860 propter

55 2890 159 2913 eonsc.
193 2882 268 2920 quia
292 2891 332 2910 m.
359 2881 388 2909 d.
416 2881 592 2910 interfecit.
659 2880 715 2918 22)
741 2879 779 2908 Id
805 2884 854 2910 est
880 2898 922 2901 ——
949 2884 1129 2910 extremum
1155 2889 1181 2921 γ.
1211 2880 1293 2908 conf.
1320 2878 1352 2908 C.
1382 2878 1453 2908 rell.
1481 2878 1518 2907 Sc·
1540 2877 1612 2917 quid
1633 2877 1733 2916 ineap.
1752 2879 1890 2908 Nouum.

55 2936 88 2966 Si
115 2938 204 2976 quid,
231 2939 348 2976 inquit,
379 2936 476 2977 [non]
505 2938 674 2975 probatum
700 2938 750 2966 uis
776 2938 923 2973 recitare,
963 2941 992 2966 et
1018 2946 1135 2967 nouum
1163 2946 1274 2974 poema
1300 2936 1445 2966 scribens
1472 2944 1587 2964 nouam
1625 2944 1795 2973 personam
1833 2937 1893 2965 fin-

55 3003 140 3032 gere,
165 3004 243 3024 caue
272 3013 310 3015 —
338 2998 529 3024 extremum.
554 3003 618 3023 non
644 3003 700 3023 om⁴
742 2993 827 3023 eafh.
855 2998 887 3023 et
911 3003 1028 3023 nouum
1054 3012 1096 3014 —
1123 2995 1245 3032 fingere
1270 3003 1319 3024 om
1357 2993 1417 3022 NX
1442 2992 1538 3029 Med,
1574 3002 1659 3022 rvca.
1725 2993 1782 3030 24)
1810 2992 1891 3022 Mat.

57 3051 96 3081 al.
122 3061 204 3089 pers,
229 3061 255 3093 γ.
280 3061 348 3081 nou.
376 3051 519 3081 fabulam
535 3050 570 3080 C.
590 3052 762 3081 instituere
779 3050 846 3093 ·s‚C.
866 3051 937 3080 rell.
965 3051 1089 3081 Nouam
1115 3052 1285 3080 materiam
1346 3050 1403 3088 25)
1430 3048 1656 3079 Materiam—
1673 3058 1738 3087 cep.
1757 3050 1893 3079 recitare

57 3109 89 3137 in
115 3118 239 3139 scenam
266 3110 343 3148 (sic)
372 3119 398 3151 γ.
447 3110 481 3147 *)
509 3110 632 3147 Eponei
657 3119 674 3151 γ
698 3108 783 3138 Med.
810 3108 943 3145 NX,vca
970 3108 1104 3147 (exponi
1118 3109 1159 3147 r).
1188 3107 1308 3146 Epenei
1335 3105 1412 3141 th.
1438 3107 1529 3144 posui
1556 3106 1697 3136 Deionei.
1724 3106 1893 3144 Diod.IV,

37 3165 108 3194 ‘'a‘l.
135 3165 242 3197 schol.
269 3167 305 3195 Il.
332 3166 388 3202 Χῖ,
417 3168 491 3195 268.
518 3166 674 3195 Muncker
699 3167 739 3195 ad
765 3165 890 3205 Hygia.
917 3167 958 3194 48
985 3169 1014 3195 et
1047 3166 1118 3195 155.

1915 931 1953 963 10

1916 1301 1954 1332 15
