2148 3412
267 113 347 154 588
900 121 1006 153 Acu.
1033 121 1093 153 ET
1118 119 1286 153 PORPH.
1312 119 1459 154 coMM.

267 248 377 303 apud
407 245 555 303 quem]
615 244 854 286 Arbitrium
887 251 1024 286 autem
1057 251 1116 286 est
1147 244 1363 294 iudicium,
1396 244 1440 285 id
1470 252 1550 285 est:
1598 243 1640 284 in
1672 250 1875 298 potestate
1906 258 2004 285 usus
2034 250 2091 285 est

269 320 297 376 [,
329 319 370 360 id
403 319 499 375 est]‚
531 333 667 361 sermo
699 326 739 360 et
769 319 833 360 ius
866 317 969 376 [uis]
1002 318 1214 373 loquendi.

379 408 522 435 norma
554 394 628 449 loq.
699 390 813 444 Quia
857 407 955 434 usus
999 391 1100 434 facit
1144 391 1454 440 auctoritate1n3
1502 391 1711 432 interdum
1755 399 1796 433 et
1840 390 2095 433 consuetudo

265 468 397 509 uincit
426 467 629 523 regulam.
702 466 760 507 Et
789 467 1028 521 frequenter
1060 466 1233 507 modium
1263 464 1381 520 ponit
1414 463 1566 507 Cicero
1606 465 1728 519 (orat.
1759 466 1825 507 46.
1859 465 1965 507 conf.
1997 463 2095 506 Liu.

202 550 220 579 5
272 539 430 590 XXII,
466 542 540 596 22)
572 555 649 596 pro
681 542 905 583 modiorum
939 548 975 582 et
1013 541 1185 582 liberum
1214 553 1292 594 pro
1324 539 1551 580 liberorum.
1612 537 1709 580 Hoc
1739 554 1818 580 usu
1850 539 2015 580 dicitur.

380 616 445 657 78.
479 615 612 657 adhuc
633 616 706 657 sub
729 616 810 657 iud.
835 616 884 656 lis
907 622 972 656 est.
1032 613 1084 655 Id
1115 620 1188 663 est,
1219 612 1405 654 nondum
1437 612 1620 653 definita.
1658 612 1829 668 (pertin.
1852 612 1906 654 ad
1922 627 1963 668 p.
1981 612 2096 667 589).

380 689 444 729 73.
478 693 554 730 Res
585 698 727 744 qestae.
786 687 938 738 Docet,
972 687 1180 743 quomodo
1212 686 1403 742 singulae
1435 701 1514 736 res,
1554 684 1631 743 [et]
1654 685 1807 741 quibus
1827 686 1972 728 metris
1994 685 2097 727 scri-

268 762 430 803 bendae
462 763 555 803 sint.

380 837 444 877 74.
476 851 656 878 numero.
720 835 946 892 [Hei-oico]
980 835 1132 876 Metro.
1182 834 1243 891 [ut
1283 835 1393 889 Verq.
1432 833 1483 874 E.
1514 832 1598 883 IX,
1629 834 1724 889 45):
1770 848 1961 877 numeros
2006 849 2097 877 me-

203 919 244 950 10
270 911 380 960 vn'm',
413 912 450 951 se?
475 911 600 952 uerba
632 909 835 967 tenerem]

381 985 446 1026 75.
484 984 667 1025 Versibus
707 985 908 1040 inpariter
949 985 1003 1026 iu.
1078 982 1128 1023 Id
1173 989 1247 1031 est,
1296 981 1516 1038 [iambico]
1564 982 1724 1024 alterno
1769 990 1913 1024 metro.
1974 981 2098 1024 Unus

267 1058 378 1100 enim
415 1058 657 1100 hexameter
700 1072 846 1100 uersus
892 1065 965 1108 est,
1012 1057 1116 1099 alter
1161 1062 1434 1111 pentameter,
1481 1055 1575 1097 ideo
1620 1056 1840 1111 inparibus
1886 1056 2100 1113 (inpariter

267 1134 471 1187 iunctis&

381 1208 444 1247 75.
480 1207 544 1248 76.
576 1208 825 1263 querimonia
850 1208 1046 1263 priimam,
1079 1206 1173 1246 Post
1203 1206 1318 1246 eliam
1348 1206 1373 1246 τ’.
1406 1219 1435 1245 e.
1459 1219 1497 1245 u.
1531 1219 1561 1245 s.
1599 1219 1630 1245 c.
1688 1203 1797 1254 Hoc,
1830 1204 1979 1259 inquit,
2010 1219 2098 1245 me-

203 1291 241 1320 15
267 1288 330 1321 tro
362 1280 499 1335 primo
530 1280 677 1331 tristia,
720 1287 810 1335 post
842 1280 968 1321 etiam
1000 1286 1229 1335 coeperunt
1257 1278 1366 1318 laeta
1397 1277 1593 1319 describi.
1629 1280 1646 1332 ΙΙ
1680 1277 1766 1320 Res
1796 1278 1935 1320 tristes
1965 1286 2005 1319 et
2034 1278 2098 1319 lu-

268 1355 423 1409 gubres
454 1354 591 1409 primo
623 1353 811 1410 elegiaco
842 1361 974 1395 metro
1006 1352 1311 1402 scribebantur,
1343 1359 1437 1408 post
1467 1352 1593 1393 etiam
1623 1366 1852 1408 prosperae
1873 1359 1912 1394 et
1934 1352 2098 1409 laetael}

270 1427 539 1484 [Elegiacum
570 1428 794 1484 significat,
841 1427 940 1482 quia
985 1427 1219 1482 elegiacum
1265 1434 1443 1467 metrum
1488 1425 1627 1468 minus
1670 1425 1797 1468 habet
1842 1426 2099 1482 syllabarum

268 1516 393 1556 quam
424 1502 617 1544 heroicus
646 1517 804 1550 uersus,
838 1502 909 1557 qui
940 1501 1168 1557 praecedit.
1227 1500 1479 1555 Elegiacum
1510 1507 1690 1541 metrum
1721 1507 1880 1542 constat
1913 1515 1964 1542 ex
1995 1514 2098 1556 pen-

266 1576 488 1626 temimeri,
535 1576 580 1617 id
609 1583 682 1625 est,
729 1591 779 1618 ex
811 1576 973 1618 duobus
1004 1575 1182 1630 dactylis
1213 1582 1251 1616 et
1283 1573 1456 1630 syllaba.
1519 1573 1626 1626 Quis
1658 1582 1798 1616 tamen
1828 1574 1990 1630 primus
2034 1574 2098 1616 in-

200 1660 242 1693 20
266 1650 428 1691 uenerit
457 1649 709 1706 Elegiacum
740 1657 931 1699 metrum,
978 1651 1183 1691 incertum
1214 1656 1286 1691 est.
1365 1647 1446 1690 Vel
1477 1648 1668 1690 uersibus
1699 1648 1903 1703 inpariter
1933 1648 2098 1691 iunctis.

266 1723 318 1765 Id
349 1731 409 1766 est
440 1750 494 1754 -—
524 1731 569 1765 ut
599 1724 760 1781 supra]
820 1726 1026 1782 mpare‘ter.
1058 1724 1189 1779 Inpar
1219 1730 1396 1765 metrum
1429 1722 1595 1774 dicitur,
1637 1723 1736 1778 quia
1767 1723 1974 1765 secundus
2004 1738 2099 1765 uer-

269 1813 337 1840 sus
367 1813 452 1840 non
483 1805 544 1841 est
574 1813 651 1854 par
682 1798 831 1854 primo.

273 2006 362 2040 Quem
381 2016 475 2046 penes
499 2008 706 2046 amplifieaui.
734 2007 787 2037 Sic
812 2007 969 2037 distinxit
995 2007 1064 2037 cod.
1090 2016 1123 2048 γι
1150 2007 1170 2036 i.
1197 2015 1223 2035 e.
1250 2006 1336 2044 apud
1362 2015 1466 2044 quem.
1492 2005 1614 2036 Arbitr.
1652 2010 1748 2036 autem
1785 2011 1833 2036 est
1869 2007 2027 2045 iudicium⁷
2065 2007 2098 2038 id

271 2068 329 2100 est,
356 2065 389 2093 in
416 2068 584 2103 potestate.
609 2064 696 2094 Usus
723 2069 771 2094 est
797 2074 899 2094 sermo
925 2069 957 2094 et
980 2064 1027 2094 uis
1052 2064 1215 2103 loquendi.
1241 2063 1294 2093 fh:
1322 2063 1355 2092 id
1381 2067 1439 2101 est,
1474 2064 1558 2102 apud
1584 2073 1677 2102 quem
1703 2063 1815 2093 arbitr.
1842 2067 1891 2093 est
1916 2065 1936 2094 i.
1965 2073 1990 2094 e.
2017 2064 2098 2094 iudi-

269 2122 370 2159 cium;
398 2122 432 2151 in
457 2125 618 2159 potestate
643 2131 720 2151 usus
747 2126 806 2158 est,
834 2123 867 2151 id
891 2126 951 2157 est.
980 2130 1080 2150 sermo
1107 2125 1138 2150 et
1162 2122 1212 2150 uis
1239 2121 1301 2158 loq.
1334 2137 1369 2140 -—
1402 2120 1434 2149 id
1462 2123 1509 2150 est
1535 2121 1621 2159 apud
1647 2130 1739 2159 quem
1765 2131 1824 2150 om.
1849 2121 2007 2159 XN,rvca.

408 2178 440 2216 1)
469 2182 574 2208 autem
600 2188 624 2220 γ.
644 2180 714 2209 rell.
735 2189 794 2208 oni.
822 2179 977 2208 iudicium
1003 2178 1022 2207 i.
1050 2179 1082 2207 in
1108 2181 1265 2216 potestate
1289 2186 1365 2206 usus
1390 2187 1415 2205 r.
1481 2178 1515 2216 2)
1541 2177 1587 2206 uis
1612 2178 1677 2216 loq.
1701 2179 1785 2208 libri.
1823 2179 1914 2217 posui
1951 2178 1997 2208 ius
2032 2178 2095 2217 loq.

269 2234 388 2275 (Hor.)
405 2235 486 2265 conf.
504 2235 546 2266 C:
576 2236 640 2265 ‘ius
669 2236 854 2266 dominium:
880 2239 1037 2273 potestas,
1062 2236 1121 2264 hoc
1148 2238 1206 2271 est,
1234 2235 1267 2264 in
1294 2237 1454 2272 potestate
1480 2243 1557 2264 usus
1583 2240 1632 2265 est
1656 2239 1683 2264 et
1707 2244 1808 2265 sermo
1826 2240 1857 2265 et
1874 2235 1920 2265 ius
1935 2235 2097 2274 loquendi.

269 2290 351 2321 Cum
376 2293 506 2322 nomina
530 2292 576 2321 ius
602 2297 632 2322 et
656 2291 702 2321 uis
727 2292 837 2321 eadem
863 2292 990 2322 omnino
1008 2293 1131 2321 ratione
1149 2291 1331 2321 scribantur
1349 2292 1380 2320 in
1405 2292 1497 2322 codd.
1516 2301 1611 2330 saepe
1629 2292 1880 2322 confunduntur.
1931 2291 1967 2333 3>
1991 2301 2098 2322 norma

268 2348 323 2387 loq.
351 2349 468 2378 lemma
494 2350 525 2378 in
551 2359 577 2390 γ,
603 2349 672 2378 rell.
698 2358 757 2378 oui.
788 2349 866 2382 Quia
890 2358 965 2378 usus
989 2349 1030 2378 sa.
1057 2353 1141 2378 auct.
1166 2358 1193 2390 γ.
1231 2348 1294 2384 Qui
1318 2357 1392 2377 usus
1418 2349 1501 2378 Med.
1528 2350 1567 2379 N.
1606 2349 1690 2384 Quid
1724 2359 1802 2379 usus
1837 2360 1868 2379 v.
1904 2350 1974 2379 rell.
2012 2349 2097 2379 Vsus

267 2405 343 2434 enim
367 2405 410 2435 fa.
437 2409 520 2436 auct.
569 2404 603 2445 4)
629 2411 656 2436 et
678 2406 757 2445 freq.
776 2407 832 2449 yx.
849 2411 880 2436 ut
903 2407 982 2445 freq.
1008 2406 1168 2445 N‚1·vcaQ.
1194 2406 1248 2435 sed
1270 2406 1308 2435 fr.
1334 2406 1380 2437 fh.
1398 2407 1535 2436 -—-motl.
1562 2416 1610 2445 po.
1639 2406 1706 2436 Cic.
1734 2406 1810 2445 (om.
1829 2416 1884 2445 pro
1901 2405 2094 2445 modiorum)

267 2473 293 2504 γ.
321 2463 423 2493 cicero
448 2473 496 2502 po.
524 2464 605 2493 mod.
631 2465 671 2494 N.
697 2465 812 2502 uulgo:
839 2463 905 2494 Cic.
932 2464 977 2502 (X
1002 2474 1062 2494 om.
1090 2462 1174 2504 Cic.)
1200 2464 1282 2493 mod.
1310 2473 1358 2501 po.
1384 2462 1491 2501 (ponit
1515 2473 1574 2493 om.
1601 2463 1663 2502 fh).
1714 2464 1747 2503 7)
1774 2468 1803 2493 et
1831 2473 1890 2493 om.
1917 2473 1943 2505 γ.
1993 2464 2027 2503 8)
2054 2463 2096 2493 s‘t

267 2529 293 2561 γ.
320 2521 389 2550 rell.
416 2524 503 2551 sunt.
544 2520 588 2556 Q:
616 2522 693 2550 sint.
721 2522 837 2550 debent
863 2521 957 2550 scribi
982 2522 1020 2551 N.
1086 2521 1120 2560 9)
1148 2521 1275 2551 heroico
1301 2524 1401 2550 metro
1425 2530 1452 2562 γ.
1479 2521 1549 2550 rell.
1578 2530 1636 2550 om.
1663 2521 1800 2551 heroico.
1827 2521 1887 2551 loc.
1912 2520 2009 2559 Vei-g.
2036 2529 2095 2550 om.

267 2586 294 2618 γ.
320 2577 404 2609 conf.
432 2577 520 2607 Seru.
548 2577 670 2614 RVH,
687 2579 740 2608 69.
767 2578 921 2607 Ribbeck.
974 2578 1028 2616 11)
1055 2578 1075 2608 i.
1101 2577 1227 2607 iambico
1252 2582 1353 2607 metro
1377 2577 1470 2619 ·(N‚v.
1497 2578 1597 2607 altero
1622 2582 1722 2607 metro
1747 2577 1836 2614 X‚fh.
1863 2578 1986 2607 alterno
2011 2576 2095 2607 Med.

267 2633 368 2671 vcaQ,
395 2635 448 2673 qui
474 2635 557 2664 hanc
582 2638 707 2672 partem
732 2635 824 2664 uncis
850 2635 982 2664 inclusit
1007 2644 1124 2664 meram
1142 2635 1371 2673 repetitionem
1390 2635 1505 2664 scholii
1523 2645 1552 2664 u.
1575 2635 1613 2664 76
1634 2635 1763 2664 ducens.
1790 2634 1971 2672 Utrumque
1996 2633 2094 2663 schol.

269 2694 378 2720 exstat
404 2692 436 2720 in
461 2691 540 2733 -sXN
564 2691 660 2728 Med„
687 2690 793 2721 vcafh.
836 2691 944 2721 Editio
972 2693 1121 2730 princeps
1147 2696 1255 2721 tamen
1280 2692 1387 2729 priore
1412 2692 1534 2721 scholio
1560 2701 1670 2721 carens
1695 2692 1778 2721 nihil
1802 2692 1901 2721 habet
1926 2691 1990 2720 nisi
2025 2699 2095 2721 mu—

268 2748 329 2777 tila
353 2752 385 2778 et
409 2749 514 2778 mixta
540 2749 635 2778 haec:
675 2748 837 2778 ‘Versibus
872 2743 1009 2786 {pariter
1047 2750 1175 2779 iunctis.
1224 2749 1412 2787 Elegiacuni
1439 2749 1522 2787 sign.
1549 2749 1624 2787 quia
1650 2753 1740 2778 metr.
1769 2749 1945 2787 elegiacum
1969 2750 2094 2777 constat

270 2814 310 2833 ex
336 2805 556 2842 pentimemeri
583 2805 660 2843 (om.
688 2806 804 2835 ‘minus
822 2806 955 2844 “eles-g.
982 2807 1142 2842 metrum.'
1171 2816 1210 2836 ex
1235 2806 1504 2844 homoeoteleuto)
1531 2806 1551 2834 i.
1579 2815 1620 2835 ex
1645 2806 1768 2835 duobus
1795 2806 1878 2835 dact.
1905 2809 1935 2834 et
1959 2806 2093 2845 syllaba.

274 2860 485 2894 Quaerimonia
504 2862 639 2900 primum
664 2862 727 2892 Res
753 2862 846 2901 inquit
869 2863 979 2892 tristes
1005 2867 1037 2892 et
1062 2863 1168 2901 lugub.
1197 2863 1270 2901 (om.
1297 2863 1415 2902 primo)
1443 2862 1522 2900 eleg.
1546 2862 1678 2892 carmine
1702 2872 1761 2892 scr.
1787 2867 1858 2900 post
1894 2863 1992 2892 etiam
2026 2870 2094 2892 coe-

268 2927 344 2955 pere
370 2919 455 2948 laeta
479 2919 642 2949 describi.'
710 2920 763 2958 15)
791 2923 938 2957 ceperunt
959 2929 984 2961 γ.
1013 2929 1098 2957 coep.
1125 2920 1163 2949 N.
1189 2930 1275 2958 caep.
1301 2920 1340 2949 X.
1366 2919 1436 2949 rell.
1463 2928 1603 2957 coepere.
1671 2920 1725 2958 16)
1752 2923 1852 2948 metro
1875 2928 1902 2960 γ.
1929 2919 1999 2948 rell.
2026 2927 2093 2948 car-

269 2975 357 3004 mine
382 2985 555 3013 prosperae
582 2981 612 3006 et
638 2986 697 3005 om.
723 2976 865 3014 Nxffca.
928 2977 983 3016 19)
1010 2976 1236 3015 pentimemere
1261 2977 1352 3018 ·;X‚v.
1380 2976 1597 3015 pentae'meuieri
1621 2976 1688 3013 N,r.
1715 2993 1756 2996 »Α
1786 2975 1865 3009 Quid
1878 2993 1916 2997 —-
1935 2976 2042 3006 iunctis
2065 2984 2090 3016 γ.

271 3031 406 3061 inferius
434 3034 539 3069 posuit
564 3037 636 3071 post
664 3034 764 3063 schol.
792 3034 831 3062 ad
856 3043 886 3062 u.
917 3035 975 3063 77:
1005 3034 1139 3071 exiguos
1164 3051 1205 3055 >—
1232 3039 1380 3064 metrum.
1405 3050 1448 3055 ——
1473 3035 1595 3072 primus
1620 3042 1647 3075 γ.
1673 3033 1741 3062 rell.
1768 3043 1830 3062 om.
1856 3038 1992 3063 metrum
2016 3030 2093 3075 -fNX

270 3087 368 3125 Med..
394 3098 422 3118 v.
450 3089 520 3119 rell.
549 3100 610 3119 om.
677 3090 734 3129 21)
762 3090 865 3129 Impar
892 3108 931 3111 -ν-
958 3091 1062 3128 primo
1098 3100 1124 3131 γ.
1151 3091 1218 3119 rell.
1246 3101 1306 3121 om.
1346 3092 1428 3121 conf.
1457 3090 1500 3121 C:
1529 3092 1629 3120 ‘metn
1656 3091 1768 3128 impar.
1794 3090 1921 3130 dicitur,
1957 3089 2025 3119 dum
2051 3106 2091 3111 *-

269 3146 383 3183 primo7
409 3146 502 3184 quale
529 3151 577 3176 est
605 3147 791 3185 elegiacum,
820 3148 850 3177 in
876 3158 936 3186 quo
962 3148 1050 3186 prior
1077 3152 1122 3177 est
1149 3148 1340 3178 hexameter
1365 3157 1487 3178 uersus.
1514 3149 1596 3178 alter
1619 3151 1830 3188 pentameter.
