2148 3412
243 138 294 177 24
878 146 971 177 Aca
1008 145 1067 176 ET
1093 142 1431 176 PoaPH.Cormr

931 270 1205 324 SATIRA
1247 266 1286 335 Ι,
1330 271 1376 321 2.

1061 378 1249 423 ACRON.

356 493 390 530 1.
424 494 460 531 2.
492 490 809 530 Ambubaiarum
841 503 871 528 e.
945 487 1190 528 Ambuba‘e’ae
1227 485 1424 525 dicuntur
1462 484 1650 526 mulieris
1688 483 1882 525 tibicines
1920 484 2066 539 lingua

174 581 191 603 ›
242 564 457 618 Syrorum.
536 561 704 602 Etenim
736 561 883 615 lingua
914 575 1056 601 corum
1088 558 1191 599 tibia
1222 558 1310 599 siue
1341 557 1591 612 symphonia
1622 559 1836 599 ambubaia
1868 557 2030 598 dicitur.

349 635 694 692 pharmacopolae.
769 633 819 673 Id
851 643 924 682 est,
970 631 1250 687 unguentarii.
1299 632 1528 673 balatrones
1558 638 1695 672 autem
1738 630 1973 672 luxuriosos
2017 644 2067 671 ac

240 709 425 763 perditos
456 717 576 749 uocat
608 722 632 748 a
651 705 834 748 Seruilio
865 705 1105 754 Balatrone,
1138 703 1254 744 cuius
1285 703 1328 744 in
1360 703 1543 745 secundo
1574 703 1652 759 (H,
1686 705 1723 753 8,
1757 705 1829 758 21)
1861 703 2064 752 meminit,

240 790 283 822 ut
314 797 363 822 ex
395 782 516 822 huius
547 781 715 822 nomine
747 779 894 821 similis
924 779 1035 819 uitae
1073 777 1265 819 homines
1296 777 1523 818 balatrones
1554 777 1637 818 sint
1672 776 1886 832 appellati.
1949 777 2067 832 (Ba-

240 855 461 909 latrones?)
494 870 518 895 a
549 854 688 895 balatu
719 853 902 894 incertae
934 851 1061 900 uocis,
1095 850 1165 905 qui
1197 850 1307 891 idem
1341 857 1380 891 et
1410 851 1630 891 blaterones
1661 849 1763 891 dicti
1796 849 1923 906 [sunt,
1957 849 2069 903 quod

176 938 214 969 10
240 927 333 983 est].
395 926 499 970 Sunt
532 936 670 968 autem
708 926 879 981 proprie
910 925 1130 980 uam'loqui.
1154 926 1171 978 Η
1192 923 1372 978 Legitur
1403 930 1442 964 et
1463 924 1740 973 barathroaes,
1774 922 1845 977 qui
1866 922 1975 963 bona
1996 937 2070 963 sua

236 1001 434 1050 lacerant,
477 1001 520 1041 id
552 1008 624 1050 est,
671 1000 714 1040 in
746 999 989 1040 barathrum
1020 997 1199 1038 mittunt.
1236 998 1253 1051 Η
1288 995 1392 1038 Vel:
1425 997 1653 1038 balatrones
1682 1011 1707 1037 a
1738 995 1880 1037 balatu
1909 995 2065 1044 ouium,

238 1074 357 1128 quasi
389 1073 577 1115 ciborum
610 1079 834 1114 sectatores
875 1078 914 1112 et
954 1070 1074 1126 quasi
1114 1078 1378 1120 comestores,
1425 1069 1498 1123 qui
1541 1084 1629 1110 rem
1674 1084 1792 1111 suam
1837 1069 1880 1110 in
1926 1068 2069 1125 gulam

238 1148 450 1201 (uoramP)
484 1146 663 1187 mittunt.

350 1277 509 1308 ACRON.
559 1278 687 1308 Horatii
714 1277 824 1316 ecloga
851 1277 889 1306 II.
919 1276 956 1306 O.

349 1336 383 1372 4)
411 1335 524 1364 Hamb.
551 1344 578 1375 γ,
605 1340 640 1364 ut
665 1334 774 1363 Ambr.
802 1333 895 1375 ΕΒφ.
923 1333 991 1364 rell.
1017 1337 1049 1361 et
1066 1331 1156 1360 Mad
1182 1331 1300 1369 Porph.
1328 1331 1572 1370 Ambabaiarmn,
1599 1341 1681 1370 quae
1707 1332 1840 1369 scriptio
1864 1330 2073 1361 confirmatur

236 1392 284 1428 iisy
311 1401 391 1429 quae
418 1391 537 1429 Doeplse
562 1390 834 1428 Ratzeburgeusis
860 1390 910 1419 uir
935 1389 1050 1419 doctus
1077 1389 1236 1418 sermonis
1263 1387 1416 1427 Syrorum
1442 1389 1655 1426 gnarissimus
1680 1389 1825 1426 mihique
1854 1387 1949 1416 ualde
1981 1397 2071 1416 carus

236 1449 358 1477 amicus
384 1447 532 1483 Pal-isim,
569 1448 635 1484 ubi,
673 1447 758 1475 haud
785 1447 894 1484 paucis
921 1446 1087 1475 codicibus
1113 1445 1329 1474 bibliothecae
1356 1450 1433 1474 tunc
1456 1445 1566 1483 regiae
1592 1445 1625 1474 in
1652 1453 1786 1474 examen
1812 1443 1948 1481 uocatis,
1982 1452 2071 1481 prae-

235 1509 360 1533 matura
385 1508 485 1533 morte
512 1502 683 1533 defunctus
709 1508 768 1539 est,
797 1503 835 1531 de
861 1512 939 1531 uoce
965 1500 1127 1531 ambubaia
1152 1501 1229 1530 mihi
1255 1501 1421 1531 tradebat:
1460 1502 1534 1537 ,Die
1559 1502 1645 1531 alten
1670 1500 1876 1531 Scholiasten
1898 1499 2071 1529 bemerken

234 1561 319 1590 nicht
346 1562 404 1590 mit
428 1560 582 1592 Unrecht.
621 1561 694 1589 dass
728 1560 899 1597 ambubaja
933 1560 983 1588 ein
1016 1559 1180 1597 syrisches
1212 1558 1303 1587 VVort
1334 1559 1378 1587 ist
1412 1559 1473 1587 und
1508 1559 1578 1587 eine
1602 1557 1875 1595 Flotenspielerin
1906 1556 2070 1586 bedentet.

235 1616 328 1645 Zwar
355 1618 386 1645 iu
413 1618 483 1645 dem
509 1616 781 1654 gebi·i'iiicliliclie11
807 1616 948 1651 Dialect,
975 1615 1118 1644 welchen
1145 1615 1203 1644 wir
1225 1615 1310 1653 jetzt.
1335 1615 1367 1644 in
1393 1615 1454 1644 den
1481 1615 1650 1654 syl-ischen
1666 1613 1926 1644 Schriftstellern
1952 1614 2070 1649 finden,

234 1673 337 1702 heisst
362 1673 477 1702 Abubo
504 1673 574 1702 eine
599 1672 701 1709 Flete,
730 1673 790 1701 wie
816 1681 848 1701 es
874 1682 899 1701 z.
925 1672 960 1701 B.
989 1672 1022 1700 in
1048 1672 1104 1701 der
1131 1681 1196 1711 syr.
1222 1670 1472 1709 L'ebersetzung
1497 1672 1552 1700 des
1579 1671 1617 1700 N.
1644 1671 1678 1700 T.
1710 1673 1722 1700 1
1753 1669 1824 1700 Cor.
1855 1671 1905 1706 14,
1934 1671 1962 1699 7.
1994 1669 2071 1698 Bar-

234 1730 363 1759 hebraei
404 1728 585 1759 Chronicon
611 1728 733 1768 Syriae.
767 1738 798 1766 p.
830 1730 901 1758 146.
940 1729 1116 1767 Ephraemi
1143 1727 1216 1768 Syri
1243 1738 1315 1766 opp.
1342 1728 1382 1764 ΙΙ,
1409 1729 1473 1758 440
1501 1733 1561 1758 etc.
1599 1728 1790 1764 vorkommt,
1828 1726 1895 1756 und
1930 1726 2072 1755 darnach

234 1787 341 1815 wiirde
367 1787 422 1815 der
454 1786 689 1824 Flotenspieler
714 1785 865 1824 Abubojo
897 1787 1039 1815 heissen.
1088 1786 1198 1815 Alleiu
1225 1786 1266 1814 im
1301 1785 1488 1820 Zabischeu‚
1527 1785 1665 1814 welches
1690 1793 1765 1813 man
1793 1784 1841 1812 als
1867 1784 1963 1812 einen
1987 1783 2072 1812 brei-

234 1846 323 1872 tereu
351 1842 527 1882 Syrischen
552 1843 773 1872 Volksdialect
800 1843 991 1872 betrachteu
1017 1843 1113 1878 kann,
1153 1844 1198 1872 ist
1224 1843 1312 1872 diese
1338 1843 1464 1871 Elisiou
1491 1841 1546 1870 des
1577 1840 1611 1869 M
1642 1841 1724 1869 noch
1756 1840 1846 1869 nicht
1878 1840 2070 1878 geschehen,

234 1900 298 1928 und
326 1900 382 1928 wir
408 1899 513 1928 finden
540 1899 687 1928 wirklich
714 1899 757 1928 im
785 1898 863 1928 Cod.
890 1898 1064 1928 Nasiraeus
1091 1899 1140 1928 ed.
1167 1899 1316 1936 Norberg
1339 1898 1353 1927 I
1380 1908 1410 1936 p.
1439 1898 1501 1927 322
1529 1897 1582 1926 die
1606 1897 1702 1926 Form
1727 1897 1863 1926 ambubo
1888 1896 1941 1926 fiir
1964 1896 2071 1932 Flete,

234 1956 367 1984 wonach
393 1956 461 1985 also
489 1956 545 1985 der
562 1955 797 1993 Flotenspieler
815 1956 986 1994 ambubojo
1005 1956 1069 1984 und
1088 1955 1138 1984 die
1155 1954 1432 1992 1¹‘16tenspielerin
1451 1954 1638 1983 ambuboito
1657 1953 1786 1982 heissen
1804 1953 1924 1990 wiirde,
1950 1953 2070 1982 welche

235 2011 372 2041 Formen
398 2013 474 2041 aber
501 2013 532 2041 in
559 2012 620 2041 den
643 2013 727 2050 jetzt
761 2012 945 2041 bekannten
979 2012 1148 2050 syrischen
1174 2010 1430 2041 Schrit‘tstellern
1461 2010 1552 2039 nicht
1583 2010 1801 2039 vorkommen.
1850 2009 1895 2039 Es
1921 2010 1965 2039 ist
1989 2010 2070 2039 noch

237 2078 276 2097 zu
303 2069 483 2105 bemerken,
512 2069 585 2097 dass
612 2069 664 2097 die
690 2067 855 2105 (hunpfere
881 2068 1088 2106 Aussprache
1114 2068 1169 2097 des
1194 2068 1222 2097 A
1247 2068 1345 2097 durch
1373 2067 1399 2097 O
1427 2076 1486 2095 nur
1511 2067 1563 2096 bei
1589 2067 1650 2095 den
1675 2066 1863 2095 westlichen
1882 2065 2002 2105 Syrern
2027 2067 2070 2095 im

234 2123 405 2154 Gebrauch
432 2134 506 2161 war,
534 2125 630 2153 deren
656 2125 785 2153 Dialect
812 2124 930 2161 gerade
957 2125 1013 2153 der
1039 2125 1093 2160 ist,
1131 2124 1187 2153 der
1213 2125 1245 2152 in
1272 2133 1388 2153 unsern
1415 2124 1582 2162 syrischcn
1608 2122 1868 2152 Schriftstellern
1893 2122 2070 2161 gebraueht

233 2181 332 2217 wird3
361 2181 436 2209 dass
463 2181 514 2209 die
540 2181 705 2210 ostlichen
731 2178 838 2219 Syrer.
866 2181 925 2209 wie
952 2189 985 2209 es
1010 2181 1061 2210 bei
1088 2180 1151 2209 den
1177 2179 1455 2218 Bergbewohnern
1482 2179 1684 2218 gewohnlich
1711 2180 1764 2215 ist,
1791 2179 1848 2207 das
1867 2178 1896 2207 A
1914 2179 1979 2208 hell
2004 2180 2069 2208 und

232 2236 301 2264 rein
328 2237 562 2274 aussprachen:
601 2237 647 2265 sie
673 2237 806 2266 wi'u-den
833 2237 901 2266 also
932 2237 1038 2266 dieses
1071 2236 1160 2266 Wort
1192 2246 1274 2275 ganz
1308 2237 1367 2266 wie
1400 2237 1441 2266 im
1475 2236 1580 2265 Horaz
1612 2234 1779 2274 ambubaja
1811 2236 2069 2273 ausgesprochen

232 2293 346 2323 haben.
373 2293 526 2330 Doepke.'
587 2292 634 2321 B:
671 2292 858 2322 lzambubaia
883 2303 953 2323 rum
980 2293 1035 2331 (ad
1062 2302 1163 2332 marg.
1190 2292 1459 2322 AMBVBAIAE.
1487 2301 1526 2335 “2⁹²
1565 2291 1727 2330 HAMB..)
1752 2290 1865 2321 uilium
1901 2293 2069 2322 mulierum

231 2349 280 2377 uel
307 2349 485 2378 tibicinum.
514 2349 628 2378 uilium
654 2349 821 2379 mulierum
841 2349 881 2379 D.
911 2349 1151 2379 Ambubaianae
1176 2350 1326 2379 dicuntur
1342 2349 1381 2378 X.
1447 2350 1481 2387 5)
1508 2349 1642 2378 sirorum
1661 2359 1687 2390 γ.
1738 2349 1772 2387 6)
1799 2348 2067 2387 pharmacopulae

231 2405 343 2443 (corr.)
370 2415 396 2446 γ.
418 2405 706 2443 pharmacopholae
724 2415 753 2434 u.
772 2406 914 2443 glossam
932 2416 992 2436 om.
1011 2415 1061 2435 va.
1081 2406 1109 2441 Q
1126 2407 1217 2435 uncis
1237 2406 1379 2435 inclusit.
1432 2406 1464 2445 7)
1483 2406 1572 2444 perd.
1592 2414 1628 2435 ac
1646 2406 1713 2434 lux.
1734 2405 1772 2434 X.
1822 2406 1856 2444 8)
1882 2406 2066 2435 balatrones

231 2470 291 2489 om.
310 2461 339 2489 X
357 2465 431 2490 sant
457 2471 526 2499 app.
552 2470 578 2501 γ.
606 2460 805 2491 balath-ones
831 2461 876 2491 fh.
930 2463 984 2501 10)
1010 2461 1212 2491 barathrones
1231 2462 1326 2497 ath.
1356 2462 1450 2492 Omu.
1471 2463 1561 2491 codd.
1581 2462 1657 2491 Hor.
1676 2462 1796 2491 habent
1814 2461 2004 2492 balatrones.
2030 2471 2067 2503 γι

232 2516 366 2554 Legitur
386 2522 414 2546 et
434 2518 619 2547 baratrones
659 2535 679 2538 —
698 2518 843 2547 mittunt.
873 2518 1084 2554 balathrones,
1111 2519 1150 2547 ad
1168 2528 1267 2557 marg.
1287 2529 1314 2548 a.
1333 2529 1373 2548 m.
1396 2521 1423 2548 1.
1444 2517 1643 2557 balatrones]
1665 2528 1683 2546 a
1701 2519 1810 2548 balatu
1833 2518 1964 2547 incertae
1979 2518 2068 2548 uocis

232 2573 284 2610 qui
312 2573 396 2601 idem
423 2578 452 2602 et
479 2573 649 2602 blatteo-ones
676 2573 764 2602 dicti.
793 2578 867 2603 sunt
886 2578 993 2603 autem
1011 2574 1143 2612 Proprie
1160 2575 1324 2614 uaniloqui
1351 2575 1413 2613 (ael
1428 2576 1515 2614 our).
1535 2574 1703 2604 balatrones
1728 2584 1745 2603 a
1763 2574 1863 2604 balatu
1880 2576 1987 2604 ouium
2007 2578 2066 2604 etc.

236 2629 290 2666 11)
318 2629 378 2658 Pro
404 2630 478 2658 lect.
505 2630 592 2667 uulg.
613 2638 629 2657 a
647 2629 755 2658 balatu
773 2629 900 2659 imm-lae
916 2630 999 2660 uocis
1017 2631 1043 2666 Q
1063 2632 1178 2660 inculc.
1205 2632 1323 2661 intorta
1347 2641 1429 2669 uoce,
1455 2632 1581 2661 dicens:
1610 2631 1668 2660 ‘De
1685 2631 1906 2662 balan-onibus
1925 2632 2067 2661 scholion

234 2686 265 2714 in
293 2686 384 2714 libris
411 2686 587 2715 miserrime
613 2686 824 2716 dilaceratum
849 2691 898 2716 est
925 2691 956 2717 et
981 2688 1157 2718 turbatum.
1196 2688 1262 2718 Nos
1287 2684 1322 2717 ut
1346 2689 1508 2727 potuimus
1532 2688 1702 2718 restituere
1728 2689 1832 2718 eonati
1858 2697 1984 2725 sumus3
2012 2688 2067 2717 sed

232 2750 270 2769 ne
297 2742 342 2770 sic
371 2742 498 2779 quidem
525 2742 655 2779 placet.'
710 2742 814 2771 Oratio
839 2743 902 2772 dici
930 2747 1036 2781 potest
1061 2743 1170 2773 intorta
1197 2744 1318 2784 (Plaut-
1347 2744 1429 2774 Cist.
1447 2744 1500 2777 IV.
1527 2745 1556 2781 ⁶2,
1584 2745 1652 2783 63).
1691 2754 1753 2774 uon
1779 2754 1855 2774 uox.
1882 2745 2014 2774 incertae
2037 2754 2064 2786 γ.

233 2801 327 2826 recte.
355 2806 412 2825 aar·
437 2797 552 2826 incerta
578 2799 597 2826 i.
625 2808 650 2826 e.
679 2798 821 2827 Romana
848 2808 888 2828 an
916 2798 1048 2837 Graeca,
1075 2804 1109 2829 ut
1134 2809 1207 2839 αμα·
1232 2800 1361 2830 incertas
1386 2801 1477 2831 Varr.
1504 2801 1538 2830 L.
1566 2800 1600 2829 L.
1620 2801 1671 2838 IV,
1695 2802 1712 2829 4
1739 2802 1759 2830 i.
1787 2810 1812 2829 e.
1839 2801 1999 2830 Romanus
2025 2810 2065 2829 au

233 2852 392 2882 Gabinus:
433 2872 467 2874 ff*
511 2856 684 2884 ‘mcmiuit:
726 2856 776 2893 (ut
802 2856 879 2894 om.)
908 2865 948 2885 ex
975 2857 1069 2886 huius
1095 2861 1191 2886 autem
1217 2868 1265 2886 uo.
1291 2859 1362 2887 sim.
1388 2868 1417 2887 u.
1444 2859 1496 2887 ho.
1522 2858 1585 2887 bal.
1611 2861 1680 2886 sunt
1703 2858 1873 2895 appellati;
1913 2867 1930 2886 a
1955 2857 2066 2886 balatu

230 2909 359 2943 fortasse
386 2911 475 2939 dicti.
515 2920 593 2949 quae
618 2922 683 2941 uox
709 2912 821 2941 intorta
846 2917 888 2942 est
911 2917 938 2941 et
960 2913 1102 2943 ridicula.
1153 2914 1286 2952 Legitur
1313 2918 1341 2944 et
1366 2913 1571 2951 barathrones,
1610 2914 1661 2951 qui
1687 2914 1771 2943 bona
1804 2923 1860 2943 sua
1894 2913 2066 2943 deuorando

232 2967 322 3003 quasi
350 2967 381 2995 in
409 2968 594 2996 barathrum
620 2969 766 2999 mittunt.
816 2968 920 2998 Iidem
954 2974 984 2999 et
1015 2969 1178 2999 blata-ones
1210 2972 1337 3009 proprie
1369 2971 1449 3000 dicti
1481 2975 1557 3000 sunt
1588 2980 1608 2999 a
1639 2969 1785 2999 blatc'eado
1821 2971 1840 2999 i.
1873 2970 2064 3007 uaniloqui!

232 3040 271 3043 —-
300 3028 373 3052 suut
399 3023 477 3060 quad
500 3028 540 3051 est
565 3025 662 3053 tacite
697 3025 808 3053 int-ule.
833 3024 870 3059 Q.
897 3029 980 3063 sunt,
1009 3026 1061 3063 qza'
1084 3036 1172 3065 prop.
1199 3027 1276 3068 fifh:
1293 3032 1366 3056 sunt
1393 3036 1482 3065 prop.
1509 3027 1674 3065 uaniloqui
1701 3036 1729 3055 u.
1749 3025 1831 3056 Sunt
1848 3030 1955 3056 autem
1973 3035 2063 3064 prop.

229 3088 256 3121 γ.
284 3079 355 3107 Sint
381 3083 487 3108 autem
513 3089 600 3117 prop.
627 3080 665 3109 X.
693 3099 732 3101 -e
758 3081 937 3121 uaniloqug'j
957 3082 1138 3112 balatrones
1165 3082 1268 3113 ablatu
1294 3083 1365 3113 ouis
1389 3082 1417 3111 X
1443 3083 1622 3121 (uaniloqui
1649 3084 1669 3112 i.
1686 3096 1730 3111 :z
1748 3083 1781 3112 id
1807 3080 1897 3120 est?)
1950 3082 2005 3120 12)
2033 3087 2065 3111 et

231 3145 291 3164 om.
310 3144 335 3176 γ.
390 3136 442 3173 13)
470 3136 500 3164 in
518 3145 622 3164 ano-am
637 3135 725 3178 -sXG.
745 3138 811 3167 rell.
839 3138 871 3167 iu
894 3138 1005 3177 qulam.
1030 3148 1106 3168 vora
1125 3148 1188 3169 non
1206 3138 1354 3169 Latinum
1373 3139 1560 3169 uocabulum
1578 3144 1637 3175 est,
1664 3147 1766 3177 neque
1782 3148 1897 3177 πον-αφ
1916 3148 1951 3167 eo
1970 3147 2064 3167 sensu
