2148 3412
819 151 867 182 IN
893 151 1028 183 snRM.
1054 152 1080 182 1.
1107 155 1135 183 6.
1816 147 1894 187 113

180 275 244 316 14.
277 275 448 316 licuisse.
507 271 550 314 A
594 273 824 316 licitatione
868 275 895 316 i.
927 289 961 316 e.
998 274 1193 327 ualuisse,
1239 277 1494 330 aestimasse,
1528 280 1727 334 quoniam
1758 295 1894 332 omne,

68 347 178 404 quod
206 347 316 398 licet,
346 347 458 389 ualet
469 363 479 397 3
512 353 553 388 et
582 347 682 388 κατὰ
714 348 871 388 mmor:
899 350 1120 405 persuades
1150 351 1223 392 hoc
1256 352 1329 393 tz'bz'
1355 366 1462 395 uere.

176 429 346 464 notante.
404 420 636 472 Iudicante,
667 421 927 463 aestimante.

177 495 241 536 15.
273 509 350 551 quo
380 497 495 537 nosti.
557 494 710 551 [Deest
739 495 816 552 ut]
879 494 966 547 Qui
998 496 1102 538 solet
1132 511 1284 538 errare.

175 568 334 610 stultus.
392 567 595 624 Populus.
1940 585 1958 614 5

177 642 241 682 16.
272 642 418 696 famae.
477 640 529 682 Id
559 648 639 684 est:
672 640 897 683 nobilibus.

177 716 241 756 17.
274 716 344 772 qui
371 723 501 771 stupet
530 717 571 757 in
601 715 739 757 titulis.
813 715 986 758 Scilicet
1015 715 1235 766 maiorum,
1267 716 1311 757 id
1342 724 1422 759 est:
1462 718 1562 760 dum
1591 719 1736 761 uirtuti
1767 735 1891 775 prae-

66 789 145 832 fert
173 787 447 830 nobilitatem.

177 862 284 913 Quid
313 869 467 918 oportet
495 862 578 904 Nos
607 862 755 916 facere.
829 860 918 903 Nos
948 862 1020 916 qui
1052 877 1193 904 sumus
1224 863 1499 919 sapientiores
1531 866 1701 921 populo,
1749 867 1783 908 si
1814 882 1890 921 po-

61 935 182 993 pulus
212 942 324 976 recte
353 935 524 985 iudicat,
557 935 628 990 qui
658 935 898 990 frequenter
928 942 1052 986 errat,
1088 936 1201 993 [nos]
1240 953 1324 979 non
1346 938 1547 981 debemus
1567 939 1769 981 honorem
1800 955 1888 982 me-
1917 951 1958 982 10

60 1008 247 1052 rentibus
277 1009 415 1064 magis
446 1023 571 1062 quam
602 1008 839 1050 nobilibus?

173 1083 349 1123 19-21.
380 1096 474 1123 nam
506 1090 597 1124 esto.
656 1081 753 1123 Hoc
792 1082 911 1137 quasi
951 1084 1230 1137 praecedente
1276 1085 1534 1127 subiectione
1580 1086 1693 1128 dicit.
1755 1085 1890 1140 Quasi

59 1156 209 1211 aliquis
239 1156 368 1197 dicat:
401 1155 538 1211 magis
569 1155 713 1196 debuit
742 1156 943 1197 honorem
965 1157 1158 1212 accipere
1178 1157 1412 1209 Laeuinus,
1443 1159 1567 1201 homo
1588 1160 1888 1211 nobilissimus,

59 1245 183 1286 quam
212 1229 354 1271 nescio
386 1229 479 1284 quis
508 1229 689 1285 ignotus.
737 1227 819 1270 Cui
850 1230 907 1271 ita
938 1231 1180 1285 respondet:
1215 1230 1429 1283 Concedo,
1453 1233 1565 1287 quod
1585 1234 1723 1290 magis
1744 1235 1890 1276 debuit

57 1303 236 1359 populus
266 1303 468 1345 mandare
498 1303 700 1345 honorem
731 1302 924 1345 Laeuino
960 1304 1106 1354 nobili,
1153 1306 1346 1360 quamuis
1377 1306 1547 1361 ignauo,
1595 1322 1720 1361 quam
1752 1308 1887 1350 Decio
1916 1318 1954 1348 15

57 1376 247 1433 ignobili,
294 1377 486 1432 quamuis
515 1377 625 1419 forti.
687 1376 830 1430 Quare
875 1384 1014 1419 autem
1060 1379 1138 1420 1100
1185 1380 1394 1420 concedo?
1455 1379 1570 1432 Quia
1604 1380 1728 1422 debet
1758 1396 1887 1423 unus-

58 1449 232 1505 quisque
263 1456 480 1492 contentus
511 1464 600 1492 esse
631 1450 778 1492 ordine
809 1466 894 1492 suo.
955 1451 1013 1493 Et
1042 1452 1351 1508 111οβιωφελῶς
1382 1454 1516 1504 docet,
1547 1470 1887 1510 unumquemque

57 1522 208 1565 debere
230 1530 338 1565 sorte
359 1524 533 1580 propria
555 1530 793 1566 contentum
826 1538 928 1566 esse.
986 1524 1071 1567 Iste
1102 1526 1332 1577 Laeuinus,
1366 1528 1437 1582 qui
1468 1528 1677 1583 originem
1707 1529 1887 1570 ducebat

56 1611 81 1638 a
99 1595 275 1638 Valerio
296 1596 530 1648 Publicola,
564 1597 662 1652 quia
682 1597 845 1653 pepulit
866 1597 917 1639 de
939 1598 1109 1640 ciuitate
1129 1599 1411 1655 Tarquinium
1435 1616 1529 1642 011111
1550 1600 1696 1653 Bruto,
1720 1617 1887 1659 semper

55 1676 314 1726 contemptus
346 1677 407 1712 est
436 1686 461 1712 a
490 1671 659 1726 populo.
720 1669 767 1712 Si
799 1686 900 1727 ergo
930 1673 1123 1727 populus,
1156 1674 1228 1728 qui
1260 1674 1426 1716 ducitur
1456 1674 1673 1716 nobilitate
1704 1683 1744 1716 et
1775 1676 1884 1718 diui-
1911 1686 1953 1717 20

55 1742 134 1794 tiis,
166 1758 292 1799 saepe
323 1744 515 1800 ignauos,
551 1744 744 1799 quamuis
774 1744 936 1787 nobiles
968 1747 1140 1801 spernit,
1174 1749 1268 1803 quid
1298 1757 1449 1804 oportet
1480 1750 1562 1791 Nos
1593 1750 1755 1803 faeere?
1796 1765 1885 1800 nos,

55 1816 124 1872 qui
154 1832 295 1859 sumus
326 1818 613 1873 sapientiores.
676 1817 724 1860 Si
755 1819 936 1874 populus
967 1826 1078 1861 recte
1108 1820 1279 1871 iudicat,
1312 1821 1506 1876 populus,
1545 1822 1616 1876 qui
1646 1823 1886 1877 frequenter

54 1897 176 1941 errat,
210 1905 286 1933 nos
307 1907 390 1933 non
412 1891 613 1933 debemus
634 1893 835 1935 honorem
857 1893 1114 1935 merentibus
1150 1909 1275 1949 quam
1306 1894 1530 1936 nobilibus.
1593 1894 1764 1948 Quanto
1795 1912 1883 1947 nos,

53 1964 200 2019 inquit,
232 1964 370 2006 minus
400 1965 455 2006 ad
483 1965 663 2008 honores
694 1980 914 2020 possumus
951 1967 1188 2022 peruenire,
1236 1968 1307 2022 qui
1337 1968 1466 2024 uulgo
1497 1969 1632 2024 ignoti
1663 1985 1817 2020 sumus,
1850 1971 1884 2011 si

54 2037 178 2079 etiam
208 2038 370 2080 nobiles
401 2045 597 2081 notantur
628 2055 652 2081 a
681 2040 864 2095 populo?
923 2039 1080 2082 Melius
1110 2048 1172 2082 est
1201 2055 1317 2097 ergo,
1350 2048 1419 2083 tuo
1450 2042 1607 2084 iudicio
1640 2057 1765 2098 quam
1795 2058 1882 2098 po-
1909 2054 1949 2085 25

52 2111 140 2166 puli
169 2111 349 2167 placere.

165 2186 229 2227 25.
262 2185 429 2228 Sumere
452 2187 560 2243 depo.
584 2187 753 2228 clauum.
794 2186 897 2229 Post
916 2194 1092 2230 mortem
1111 2186 1331 2241 (Caesaris
1343 2189 1380 2244 Ρ)
1399 2188 1550 2230 Tillius
1571 2189 1732 2245 recepit
1750 2189 1881 2231 latum

52 2257 216 2301 clauum
245 2259 272 2300 i.
304 2274 337 2301 e.
369 2260 621 2302 senatoriam
651 2260 911 2317 dignitatem.

163 2333 228 2374 26.
252 2335 420 2390 priuato
452 2348 551 2389 quae
580 2335 710 2376 minor
741 2343 846 2377 esset.
921 2333 1102 2391 [Ordoz]
1147 2334 1268 2388 Quae
1299 2335 1462 2377 inuidia
1491 2335 1629 2377 minor
1672 2343 1760 2378 erat
1804 2336 1880 2377 tibi

53 2405 215 2460 priuato
248 2406 294 2464 [i.
326 2422 360 2449 e.
391 2407 640 2464 dignitatem
669 2423 754 2450 non
784 2408 990 2464 habenti]
1904 2421 1946 2451 30

162 2482 228 2521 27.
260 2481 365 2523 Nam
386 2484 611 2538 utquisque
631 2483 808 2524 insanus.
834 2483 884 2524 Ut
904 2484 1078 2538 quisque.
1130 2480 1445 2537 Comparatiue,
1478 2482 1664 2537 quilibet.
1696 2484 1880 2524 msanus.

51 2550 256 2608 Ignobilis
287 2560 326 2595 et
358 2554 532 2610 cupiens
562 2555 795 2598 senatoriae
826 2554 1057 2610 dignitatis.

163 2704 198 2744 2)
224 2708 255 2735 et
279 2714 363 2735 κατα
386 2714 491 2736 κοινον
514 2715 541 2748 γ.
569 2708 601 2735 et
626 2715 687 2736 om.
712 2705 878 2744 v·(⁷.0w0)
905 2704 972 2735 afh.
999 2707 1030 2734 et
1055 2709 1099 2734 est
1123 2704 1160 2740 Q.
1187 2706 1276 2735 ualet
1300 2710 1327 2735 et
1359 2728 1501 2735 .....
1540 2706 1704 2735 iudicante
1730 2704 1768 2743 G,
1796 2711 1878 2744 spat.

52 2768 131 2797 uae„
157 2771 218 2791 om.
243 2771 347 2800 persu.
366 2762 396 2792 h.
415 2766 439 2792 t.
458 2772 541 2792 uere.
600 2761 637 2802 4)
661 2763 765 2792 Deest
788 2766 825 2792 ut
850 2772 910 2792 om.
935 2773 960 2805 γ.
994 2762 1056 2798 Qui
1082 2771 1126 2792 so.
1155 2771 1259 2792 errare
1283 2772 1309 2805 γ.
1335 2763 1405 2792 rell.
1434 2772 1495 2793 om.
1557 2762 1591 2801 5)
1618 2762 1756 2800 Populus
1783 2773 1825 2792 ex
1850 2774 1876 2805 γ.

53 2815 87 2854 7)
112 2816 184 2847 Scil.
210 2819 365 2849 maiorum
388 2828 416 2861 γ.
444 2819 513 2849 rell.
539 2829 599 2849 om.
666 2819 721 2858 13)
749 2820 867 2849 honore
892 2829 918 2860 γ.
984 2818 1041 2858 21)
1069 2827 1126 2848 nos
1152 2837 1193 2839 —
1220 2820 1384 2849 nobilibus
1410 2829 1434 2860 γ.
1463 2823 1582 2857 quanto
1606 2828 1660 2848 nos
1685 2820 1728 2848 in.
1755 2829 1780 2861 γ.
1808 2821 1876 2849 rell.

52 2878 170 2911 quanto
194 2875 270 2914 inq„
297 2886 357 2906 om.
385 2885 452 2906 nos.
502 2876 559 2916 24)
587 2877 722 2906 honores
738 2886 764 2918 γ.
791 2877 859 2905 rell.
885 2876 1043 2906 honorem.
1071 2893 1109 2896 —
1137 2876 1242 2914 ignoti
1267 2886 1366 2906 sumus
1390 2886 1416 2918 γ.
1444 2876 1514 2905 rell.
1540 2885 1650 2905 sumus
1676 2876 1876 2914 ignotissimi.

52 2930 147 2961 etiam
170 2941 197 2973 γ.
220 2933 291 2962 rell.
317 2943 378 2963 om.
427 2932 484 2971 26)
510 2933 637 2971 placere
661 2942 723 2963 om.
749 2942 776 2975 γ.
828 2933 885 2971 27)
913 2933 1012 2962 schol.
1034 2942 1074 2962 ex
1092 2942 1118 2974 γ.
1137 2933 1207 2962 rell.
1234 2943 1295 2962 om.
1320 2933 1448 2962 clauum.
1468 2933 1664 2962 senatoriam
1681 2933 1878 2971 dignitatem

51 2995 82 3016 v.
106 2986 233 3026 clauum,
252 2989 272 3018 i.
287 2999 313 3019 e.
332 2990 435 3019 latum
460 2990 586 3019 clauum
612 2991 632 3019 i.
658 2993 766 3019 uestem
790 2991 996 3019 senatoriam.
1017 2999 1045 3019 a.
1095 2990 1153 3028 29)
1179 2993 1285 3019 totum
1312 2990 1410 3020 schol.
1437 2999 1496 3019 om.
1525 2989 1650 3026 Gnnva.
1682 2990 1764 3020 Ordo
1791 2994 1821 3019 et
1846 2990 1879 3019 id

51 3047 92 3073 est
115 3061 156 3064 —
180 3044 299 3075 habenti
320 3050 407 3075 recte
431 3055 491 3075 om.
518 3056 544 3088 γ,
582 3047 658 3084 quia
683 3056 747 3076 non
772 3047 850 3076 ordo
877 3047 933 3076 sed
958 3047 1136 3085 explicatio
1162 3050 1222 3076 est.
1252 3048 1371 3076 rectius
1405 3047 1501 3076 etiam
1527 3046 1570 3076 O:
1609 3047 1661 3076 hoe
1687 3051 1729 3076 est
1752 3064 1793 3067 ἡ
1820 3047 1875 3076 ha-

14 3133 15 3140 *
52 3098 151 3129 beuti.
209 3102 267 3140 31)
294 3103 394 3132 schol.
420 3103 574 3132 constitui
601 3112 642 3132 ex
667 3112 694 3144 γ.
733 3103 839 3141 Vulgo
864 3103 1048 3141 legebatur:
1085 3102 1321 3141 Comparatiue.
1348 3102 1525 3143 Quilibet[‚
1553 3104 1586 3133 id
1611 3107 1667 3141 est,
1706 3113 1806 3133 nouus
1845 3108 1875 3132 et

52 3154 132 3196 th]
170 3157 324 3196 ignobilis
349 3158 490 3198 insipiens
515 3169 617 3190 nouus
643 3159 798 3198 ignobilis
825 3158 958 3199 (G‚n1va
983 3164 1015 3191 et
1041 3159 1076 3197 C.
1115 3160 1169 3199 qui
1195 3160 1309 3190 habet:
1337 3159 1468 3190 ‘Sensus
1495 3164 1555 3198 est,
1593 3170 1665 3190 nam
1702 3163 1874 3199 postquam

184 3228 342 3256 HAUTHAL,
359 3229 427 3252 Aca.
443 3230 482 3251 ET
499 3230 610 3251 roem.
627 3230 656 3251 11.
1587 3226 1602 3249 S
