2148 3412
806 123 854 155 IN
880 122 986 155 ART.
1014 122 1144 155 Pom&
1812 109 1892 150 589

181 248 245 288 76.
276 247 449 289 inclusa.
509 244 823 302 Conprehensa,
871 245 1099 301 conposita.
1163 248 1247 288 uoti
1273 254 1370 288 sem.
1401 260 1557 302 conpos.
1617 244 1667 286 Id
1708 249 1782 294 est,
1828 259 1894 285 res

68 335 297 379 prosperae
327 327 367 361 et
397 319 531 361 laetae
563 319 741 375 aliquae.

180 396 244 436 77.
277 395 442 449 eoez'quos
473 394 613 448 eleqos.
687 394 871 448 Eoeiyuos
917 393 1021 433 dixit
1067 393 1121 434 ad
1167 393 1508 449 conparationem
1555 392 1712 434 heroici
1761 391 1893 433 metri.

68 470 224 524 Eleyos.
254 466 360 508 Inde
391 466 625 523 elegiacum
657 473 849 508 metrum.

180 543 245 583 79.
278 541 568 583 Arche'lochwn
585 555 701 598 prop.
723 542 810 583 rab.
834 555 935 582 arm.
956 542 1098 583 iambo.
1156 539 1392 582 Iambicum
1423 548 1601 581 metrum
1634 540 1793 595 primus
1808 538 1894 580 Ar-

67 614 282 658 chilochus
312 614 487 664 inuenit,
520 628 602 668 quo
632 629 732 656 usus
756 614 852 670 [est]
877 614 920 655 in
941 613 1217 670 Lycambem‚
1250 629 1372 670 quem
1404 620 1646 668 persecutus
1677 620 1750 664 est,
1783 613 1897 668 quod

0 702 4 708 ·
66 690 104 732 ei
133 688 355 731 Neobulen
386 687 684 744 desponsatam
715 687 798 728 iam
829 687 958 728 filiam
990 688 1217 744 denegauit
1261 688 1305 729 in
1350 694 1525 738 tantum,
1571 694 1613 728 ut
1657 686 1897 742 Lycambes

67 763 248 807 uoluerit
276 768 409 804 morte
439 762 596 811 uitare3
629 777 725 803 nam
758 762 812 802 ad
841 762 1037 817 laqueum
1069 763 1270 818 confugit.

183 838 247 880 80.
282 837 402 879 Hunc
423 837 531 878 socci
551 851 631 892 cep.
656 852 720 892 pe.
750 850 810 891 qr.
836 837 1035 878 cothurni.
1095 837 1221 879 socci.
1264 836 1315 878 Id
1347 843 1420 886 est,
1453 834 1603 877 comici
1632 835 1701 876 uel
1732 849 1896 876 comoe-

66 911 174 953 diae.
235 911 371 953 Socct's
412 909 673 952 comoediam
695 910 991 966 intellegimus,
1026 911 1226 952 cothurnis
1254 909 1530 966 tragoediam.
1589 909 1766 964 qrcmdes
1798 909 1896 950 ooth.

66 985 255 1042 Magnae
285 984 428 1026 laudes
459 984 728 1025 clamantium
763 990 1015 1039 exceperunt
1045 984 1157 1025 hunc
1188 983 1357 1039 pedem,
1405 990 1473 1024 aut
1503 983 1679 1037 qrcmdes
1712 982 1901 1024 cothurni

0 1065 4 1072 “
65 1058 320 1116 tragoediae.
394 1058 497 1100 Ideo
529 1064 669 1099 autem
701 1057 746 1098 id
775 1058 819 1098 in
850 1057 978 1099 dubio
1010 1058 1239 1113 posuimus,
1287 1057 1386 1111 quia
1432 1056 1603 1098 difficile
1647 1057 1726 1098 hoc
1767 1062 1898 1097 metro

65 1132 440 1189 tragoediographi
485 1138 674 1181 utuntur3
715 1147 812 1173 nam
859 1131 1089 1188 spondiaco
1136 1146 1271 1185 paene
1316 1137 1448 1173 metro
1495 1145 1661 1186 semper
1704 1130 1900 1171 uidentur

0 1223 3 1230 ¹
65 1206 261 1250 scribere.

176 1283 242 1323 81.
275 1280 454 1322 Alternis
469 1289 547 1336 apt.
565 1294 682 1323 serm.
742 1279 823 1321 Vel
856 1279 918 1321 illi
949 1286 989 1321 et
1019 1279 1094 1329 illi,
1126 1278 1170 1319 id
1201 1286 1274 1329 est,
1308 1278 1550 1320 comoediae
1582 1287 1622 1319 ct
1651 1277 1899 1334 tragoediae

65 1362 135 1398 aut
164 1369 441 1410 personarum
472 1353 817 1409 responsionibus
857 1359 927 1395 aut
957 1360 1118 1394 tantum
1149 1352 1405 1402 comoediae,
1452 1352 1551 1406 quia
1596 1352 1639 1393 in
1685 1351 1901 1394 comoedia

65 1429 219 1471 multae
249 1443 456 1484 personae
488 1443 584 1470 cum
617 1428 710 1476 sint,
742 1428 926 1469 inuicem
958 1426 1039 1469 sibi
1071 1426 1311 1469 succedunt.

181 1504 246 1546 81.
283 1504 349 1545 82.
384 1511 420 1544 et
442 1503 666 1560 populares
706 1503 811 1543 Vino.
848 1510 967 1558 strep.
1047 1500 1208 1557 [Altius
1253 1506 1470 1542 sonantem
1516 1500 1559 1540 in
1605 1515 1730 1542 scena
1774 1515 1900 1555 quam

67 1578 226 1621 clamor
246 1576 425 1633 populi]
488 1575 615 1618 Tales
640 1575 790 1633 [enim]
816 1575 1014 1631 strepitus
1036 1574 1191 1617 excitat
1211 1574 1288 1617 iste
1320 1588 1408 1630 pes,
1440 1580 1484 1616 ut
1513 1574 1657 1616 uincat
1677 1575 1803 1616 etiam
1823 1590 1900 1630 po-

66 1652 156 1709 puli
187 1651 404 1693 clamores.
466 1652 705 1692 uincentem.
743 1648 858 1702 Quia
888 1649 1053 1691 iambus
1085 1648 1218 1690 uincit
1250 1648 1453 1690 clamores
1485 1648 1776 1703 spectantium,
1822 1648 1901 1690 hoc
1927 1663 1933 1671 ·

0 1743 4 1751 ·
66 1732 140 1777 est,
176 1725 272 1782 plus
302 1730 486 1766 meretur
531 1724 709 1775 laudari,
753 1739 878 1779 quam
924 1723 1130 1765 laudatur.
1189 1731 1342 1765 natum.
1374 1723 1611 1764 Inuentum.
1670 1722 1794 1764 More
1825 1723 1900 1764 ho-

66 1800 227 1843 minum
271 1799 376 1840 dixit
422 1805 566 1840 natum
597 1798 750 1854 pedem
781 1805 955 1854 propter
986 1797 1260 1840 comoediam.
1320 1797 1441 1839 rebus
1473 1797 1649 1852 aqevndz's.
1710 1795 1900 1853 Tragoe-

68 1874 148 1917 diis
178 1880 218 1916 et
249 1873 490 1916 comoediis.
553 1873 623 1930 [In
654 1872 843 1929 agendis,
875 1872 920 1913 id
951 1880 1024 1921 est,
1057 1871 1101 1912 in
1132 1870 1381 1912 definiendis
1412 1870 1572 1927 rebus]

0 2006 2 2009 Υ
181 1949 246 1991 83.
279 1949 402 1992 Musa
419 1948 696 2004 declitficlz'bus.
756 1946 914 2002 Lyrico
946 1945 1132 1987 carmine
1163 1944 1336 1986 laudare
1368 1944 1467 1986 deos
1498 1951 1538 1985 et
1567 1944 1716 1987 heroas
1748 1944 1901 2000 Olym-

70 2022 197 2080 picos.
253 2036 481 2079 puerosque
514 2021 692 2063 deorum.
753 2019 887 2062 Filios
908 2019 1095 2067 deorum,
1127 2032 1242 2060 more
1267 2016 1449 2068 Graeco,
1481 2019 1548 2060 uel
1559 2033 1713 2074 pueros
1736 2019 1901 2060 deorum

70 2096 256 2153 adpellat
285 2096 447 2138 heroas.

210 2180 243 2218 1)
271 2177 400 2217 Compr.
427 2188 530 2216 comp.
555 2187 571 2220 γ
598 2180 629 2207 et
655 2176 691 2214 C,
719 2177 773 2216 qui
800 2176 906 2205 addit:
946 2178 1032 2205 ‘nam
1059 2175 1191 2213 primum
1215 2178 1317 2205 metro
1343 2175 1424 2214 eleg.
1451 2184 1501 2205 res
1527 2176 1641 2205 tristes
1668 2179 1700 2205 et
1724 2176 1804 2215 lug„
1831 2179 1904 2214 post.

72 2237 170 2268 etiam
194 2237 299 2266 laetae
326 2240 358 2266 et
380 2245 487 2275 prosp.
516 2238 691 2273 coeperunt
716 2234 878 2264 describi!
906 2233 977 2263 rell.
1005 2242 1065 2263 om.
1094 2250 1132 2253 -—
1160 2233 1181 2262 i.
1209 2240 1258 2261 res
1275 2232 1469 2271 -aliquae
1496 2242 1522 2274 γ.
1550 2233 1619 2262 rell.
1647 2242 1707 2262 om.
1759 2234 1792 2271 3)
1820 2233 1903 2263 Exi-

23 2290 27 2331 ξ
72 2304 153 2333 gnos
169 2297 363 2324 -1netrum
388 2302 414 2335 γ.
433 2293 502 2323 rell.
530 2302 590 2322 om.
616 2291 697 2327 th:
725 2291 873 2329 Exiguos
899 2290 1136 2328 comparatione
1162 2290 1293 2325 heroici.
1319 2298 1400 2327 quae
1426 2298 1485 2318 oni.
1503 2288 1564 2318 NX
1579 2288 1663 2318 Med.
1691 2289 1817 2327 G‚1·vca.
1867 2290 1901 2328 5)

0 2359 2 2371 ¹
25 2380 27 2384 ,
72 2353 188 2391 primus
212 2350 300 2393 *sN‚r.
327 2351 397 2380 rell.
423 2350 566 2388 primum.
593 2348 783 2378 Archilocus
809 2347 917 2389 ⁴{X‚rv.
983 2348 1017 2385 6)
1045 2351 1095 2376 est.
1119 2355 1179 2376 om.
1206 2356 1232 2388 γ.
1259 2347 1424 2377 licambem
1447 2354 1475 2386 γ.
1503 2345 1690 2384 Lycambem
1713 2345 1827 2380 rvth.
1854 2347 1903 2385 ly-

24 2397 25 2403 *
72 2409 201 2439 camben
225 2408 254 2438 X
278 2408 364 2438 Med.
385 2406 483 2445 (lic),
502 2416 548 2436 ca.
574 2405 713 2446 lycambe
739 2405 778 2434 N.
845 2405 878 2443 7)
906 2404 1061 2434 neobolen
1084 2413 1163 2444 moa.
1191 2404 1355 2433 neobolem
1374 2402 1493 2439 NX‚rv.
1525 2401 1685 2431 Neobulen
1704 2397 1903 2443 (Νεοβοΰλην

23 2458 27 2475 ’“
72 2465 187 2504 Porph.
214 2465 252 2494 E.
279 2464 303 2502 Ι,
335 2466 384 2502 19,
412 2465 481 2503 30.)
508 2462 615 2498 thQ.
633 2480 673 2483 >A
689 2463 877 2500 desponsam
901 2461 940 2490 X.
967 2460 1048 2491 conf.
1075 2460 1192 2490 Vellei.
1217 2460 1259 2495 ΙΙ,
1276 2460 1327 2490 65.
1357 2460 1428 2489 Liu.
1455 2459 1569 2496 XXVI,
1591 2460 1642 2488 50.
1668 2458 1749 2488 Stat.
1778 2459 1837 2487 Th.
1864 2458 1904 2492 X,

22 2530 27 2545 '=
75 2524 126 2552 61.
152 2522 236 2561 (Cio.
264 2522 300 2557 Q.
327 2522 379 2551 Fr.
397 2521 423 2558 Ι,
452 2522 485 2550 5:
515 2521 743 2558 desponsatam
770 2518 878 2557 Ern.).
916 2517 999 2548 conf.
1028 2518 1127 2548 Orell.
1154 2517 1257 2556 Epod.
1285 2517 1338 2553 VI,
1370 2518 1418 2546 13.
1446 2516 1616 2554 denegaret
1640 2514 1676 2552 C,
1702 2525 1794 2554 quem
1821 2516 1904 2544 conf.

38 2569 40 2571 ‚
74 2597 116 2601 —
133 2579 308 2620 Lycamben
331 2578 370 2607 X.
396 2578 524 2608 Lentul.
552 2576 682 2607 Gaetul.
709 2576 810 2605 Anth.
838 2576 906 2605 Pal.
933 2576 958 2604 Ι.
978 2585 1007 2614 p.
1027 2576 1102 2605 327.
1130 2579 1161 2604 et
1186 2584 1236 2613 ap.
1264 2574 1381 2612 Bergk.
1409 2584 1438 2611 p.
1455 2574 1530 2602 472.
1556 2575 1671 2611 fragm.
1700 2574 1753 2602 23.
1804 2572 1838 2609 8)
1860 2572 1903 2601 C:

25 2650 29 2654 ·
85 2636 164 2666 adeo
187 2640 224 2666 ut.
248 2636 438 2675 Lycambes,
473 2644 534 2673 quo
571 2634 695 2663 iambos
733 2633 862 2669 uitaret,
901 2633 942 2662 ad
968 2633 1117 2671 laqueum
1142 2632 1327 2670 confugeret
1354 2635 1412 2660 etc.
1478 2630 1512 2668 9)
1541 2631 1558 2658 i.
1587 2639 1666 2659 com.
1692 2629 1744 2658 uel
1769 2639 1848 2658 com.
1876 2639 1904 2670 γ.

75 2695 170 2724 socci.
197 2694 217 2723 i.
243 2694 366 2724 comedi
392 2692 488 2736 Boe:
517 2693 611 2723 socci.
640 2691 790 2721 comoedi.
818 2691 887 2720 rell.
913 2700 972 2719 om.
1001 2691 1067 2720 soci
1082 2690 1120 2719 X.
1172 2690 1228 2728 10)
1255 2689 1373 2718 coturni
1401 2687 1545 2731 Beanw'.
1571 2686 1651 2716 socci
1673 2696 1735 2724 cep.
1758 2685 1828 2724 ped.
1855 2696 1904 2715 co-

75 2753 236 2783 moediam
263 2751 400 2791 (comed.
425 2751 456 2789 r)
497 2750 661 2788 significat
685 2748 847 2785 NX‚rvca.
916 2748 970 2785 11)
999 2757 1068 2777 exc.
1094 2748 1125 2777 h.
1154 2747 1226 2786 ped.
1255 2756 1313 2775 om.
1340 2745 1378 2774 N.
1445 2744 1500 2782 12)
1528 2743 1562 2773 id
1585 2753 1613 2785 γ.
1639 2744 1708 2773 rell.
1735 2753 1796 2772 om.
1850 2743 1905 2780 13)

18 2835 20 2838 .
75 2808 195 2839 uidetur
219 2818 281 2850 γ,ν.
334 2806 391 2846 15)
415 2807 474 2837 Vel
500 2817 526 2847 γ.
544 2807 614 2836 rell.
635 2816 695 2836 om.
724 2805 907 2835 comoediae
927 2808 957 2834 et¹
976 2815 1037 2835 om.
1056 2805 1113 2846 γΧ.
1166 2806 1220 2842 17)
1246 2812 1315 2832 cum
1343 2803 1407 2831 sini
1434 2811 1460 2843 γ.
1481 2802 1549 2830 rell.
1569 2810 1628 2830 om.
1655 2800 1716 2829 sibi
1742 2800 1809 2829 inu.
1837 2799 1904 2835 N,r.

79 2866 135 2906 18)
162 2865 269 2895 Altius
297 2883 336 2886 *-
363 2865 474 2903 populi
501 2873 560 2893 om.
587 2873 611 2904 γ.
678 2862 732 2900 19)
761 2863 843 2891 enim
869 2872 929 2891 om.
955 2860 1010 2904 ΥΟ.
1073 2863 1129 2900 20)
1156 2860 1319 2891 uincentem
1342 2860 1458 2888 lemma
1484 2858 1617 2894 interpo.
1643 2866 1669 2897 γ.
1707 2874 1735 2875 Π
1763 2855 1907 2885 iambicus

20 2931 21 2934 ’
75 2932 102 2965 γ.
125 2922 196 2953 Ηοθ
221 2923 319 2952 schol.
348 2921 376 2957 Q
402 2921 632 2959 interpolatum
658 2920 788 2949 iudicat.
856 2920 912 2958 21)
940 2919 1010 2958 quia
1034 2919 1106 2957 plus
1132 2918 1237 2947 XL’Q
1266 2916 1391 2946 laudari
1412 2924 1472 2953 pro
1498 2914 1648 2943 laudatur
1673 2922 1700 2954 γ.
1727 2922 1814 2951 qaam
1838 2913 1905 2941 lau-

22 3010 27 3018 ,
77 2980 173 3010 datur
185 2980 224 3010 N.
250 2980 318 3010 rell.
345 2988 440 3019 quam
463 2978 621 3008 laudetur.
653 2977 864 3006 r—Inuentum
890 2976 953 3019 ·(‚C.
981 2977 1046 3006 inu.
1074 2976 1115 3005 ad
1140 2986 1189 3005 res
1216 2972 1462 3004 conscribendas
1488 2970 1548 3012 Βφ.
1601 2970 1635 2999 Id
1659 2973 1709 3007 est,
1737 2970 1801 2998 inu.
1827 2968 1905 3005 th.

22 3037 27 3059 ἕ
77 3036 170 3067 Hanc
195 3037 238 3075 gl.
262 3035 482 3066 mittuntsNX
505 3035 602 3071 Med„
629 3043 714 3063 rvca.
740 3034 829 3064 More
855 3051 898 3055 -—
923 3034 1120 3064 comoediam
1145 3043 1204 3063 0111.
1244 3031 1342 3060 iidem
1366 3029 1453 3058 libri.
1492 3028 1529 3057 In
1555 3027 1631 3065 (om.
1658 3028 1687 3065 r)
1725 3026 1860 3065 agendis
1885 3026 1905 3054 i.

18 3106 27 3138 Ἰ·
79 3101 105 3123 e.
131 3093 194 3123 def.
221 3092 302 3131 (diff.
328 3093 413 3123 Med.
439 3093 469 3132 r)
494 3092 589 3122 rebus
614 3100 699 3121 rvca.
727 3101 750 3120 r.
801 3090 858 3129 24)
886 3090 1015 3120 laudari
1037 3091 1112 3132 ·f‚fh.
1138 3090 1209 3120 rell.
1237 3087 1378 3117 laudare.
1413 3104 1447 3106 νὴ
1469 3084 1678 3124 Olympiacos
1703 3082 1808 3113 vcafh.
1834 3082 1905 3112 rell.

19 3156 28 3189 ξ
81 3148 276 3190 Olympicoe.

1944 549 1962 577 5

1928 900 1965 931 10

1927 1288 1966 1319 15

1928 2028 1968 2058 25
