2148 3412
244 76 324 115 (348
884 83 989 115 ACR.
1015 82 1076 114 ET
1101 81 1268 114 PORPH.
1294 81 1442 114 COMM.

355 210 449 249 475.
483 208 673 263 adripuit.
733 205 893 248 Nactus
923 206 1060 247 fuerit.

352 282 448 321 476.
479 280 571 323 Non
602 282 777 321 missura
800 290 936 321 cutem.
995 278 1088 320 Non
1121 277 1359 328 dimissura,
1397 291 1490 319 cum
1522 276 1874 333 conprehenderit
1905 289 2070 331 corpus.

241 355 399 396 hirudo.
462 352 752 409 Sanguisugia
784 353 851 394 uel
883 352 1157 408 sanguisuga.
1218 350 1327 392 Nam
1351 352 1434 392 Alii
1461 350 1749 406 sanguisugia,
1769 348 1847 406 [et]
1867 349 1948 391 Alii
1975 363 2071 390 san-

242 428 422 483 guisuga
455 427 663 468 dixerunt.
727 425 887 482 [Distat
910 425 1067 482 autem]
1100 424 1217 466 Inter
1252 424 1545 473 harundinem,
1577 423 1846 465 hirundinem
1882 430 1921 463 et
1955 421 2072 463 hiru-

176 519 191 544 .·.
241 499 382 540 dinem
414 500 588 541 multum
621 499 811 542 interest:
845 500 1034 542 harundo
1066 513 1201 541 canna
1224 497 1339 554 [est]
1377 497 1553 539 hirundo
1584 495 1765 547 anicula,
1797 496 1944 538 hirudo
1975 510 2071 537 san-

244 574 439 629 guisuga.

242 719 295 772 Q.
315 719 543 762 HORAT.
576 719 666 761 FL.
700 719 783 760 DE
815 718 978 761 ARTE
1010 716 1284 761 POETICA
1314 716 1497 758 EXPL.
1529 714 1645 758 INC.
1676 713 1984 758 EPPODON.
2010 715 2072 770 (γ)

270 866 324 919 Q.
358 866 631 909 HORATII.
664 864 894 909 FLACCI
925 865 1011 907 DE
1043 864 1208 907 ARTE
1238 861 1513 907 POETICA
1543 860 1840 904 EXPLICIT
1872 855 2050 905 INCIP.

719 934 951 982 EIVSDE
980 937 1251 981 EPODON.
1288 935 1433 994 (EDB
1451 936 1597 991 Baro.)

262 1087 310 1129 F.
343 1086 606 1130 HORATII
637 1086 721 1128 DE
753 1085 918 1128 ARTE
950 1083 1224 1128 POETICA
1256 1084 1442 1126 LIBER.
1471 1081 1781 1125 EXPLICIT.
1818 1080 2046 1125 INCIPIT

720 1158 1023 1215 (EIVSDEM
1054 1158 1132 1207 Η.)
1168 1156 1437 1200 EPODON.
1472 1156 1599 1212 (φΗ.)

358 1357 390 1395 1)
416 1357 515 1394 arrip.
543 1356 626 1385 libri.
687 1356 722 1394 2)
748 1356 821 1385 Non
847 1355 923 1384 dim.
951 1353 1087 1393 NGQ).
1115 1353 1156 1383 C:
1184 1354 1267 1383 ‘Non
1293 1354 1368 1383 dim.
1396 1357 1512 1392 eutem,
1537 1352 1656 1392 quando
1681 1351 1920 1391 comprehendit
1945 1361 2070 1390 cor-pue,

242 1414 275 1443 id
301 1417 350 1443 est
375 1414 420 1442 sie
446 1413 607 1448 inhaeret,
634 1416 669 1442 ut
693 1412 828 1442 hirudo.y
856 1412 926 1441 Non
953 1412 984 1440 in
1011 1411 1110 1441 schol.
1137 1421 1198 1441 om.
1216 1420 1244 1452 γ.
1271 1411 1342 1440 Non
1369 1411 1446 1440 dim.
1473 1421 1533 1441 om.
1560 1419 1606 1439 ca.
1633 1413 1779 1440 extremo
1805 1409 1926 1439 scholio
1950 1419 2001 1447 po.
2028 1408 2073 1438 fh.

243 1470 277 1508 3)
303 1468 522 1508 Sanguisugia
548 1470 598 1498 uel
624 1478 649 1511 γ.
669 1469 738 1498 rell.
757 1479 816 1499 om.
846 1469 868 1498 i.
894 1468 1108 1506 sanguisugia
1125 1467 1155 1496 N
1174 1472 1214 1496 ,ηε
1239 1468 1441 1506 sanguisuga
1453 1467 1551 1503 Med.⁷
1575 1477 1606 1496 v.
1638 1466 1758 1496 hirudo.
1785 1467 1917 1504 sanguis
1936 1475 2016 1504 suga
2043 1466 2074 1494 in

241 1535 339 1563 marg.
366 1525 557 1555 HYRVDO.
584 1525 647 1569 Βφ.
679 1526 761 1555 Nam
786 1535 812 1566 γ.
838 1526 906 1555 rell.
927 1535 987 1554 om.
1003 1543 1044 1546 —
1060 1528 1091 1554 et
1116 1534 1176 1554 om.
1201 1534 1229 1566 γ.
1255 1525 1368 1561 uulgo:
1397 1523 1474 1554 ‘Alii
1501 1524 1738 1563 sanguisnyam,
1764 1527 1795 1552 et
1820 1523 1877 1552 alii
1902 1523 2074 1561 sanguisu-

242 1583 325 1621 giam
350 1584 516 1615 dixerunt.
544 1583 655 1613 Distat
669 1583 798 1613 autem?
849 1583 884 1621 5)
911 1582 1049 1612 multum
1075 1582 1211 1612 interest
1234 1591 1263 1623 γ.
1289 1581 1356 1611 rell.
1375 1591 1434 1611 om.
1472 1584 1519 1610 est
1545 1589 1604 1610 om.
1629 1579 1716 1620 ·[N‚r.
1741 1579 1866 1610 Arzmdo
1891 1588 1991 1609 canna
2016 1578 2074 1609 hir.

242 1641 324 1670 anic.
352 1640 442 1669 irudo
467 1649 512 1669 sa.
539 1650 562 1669 r.

242 1749 500 1805 Explanatio
531 1749 716 1791 Acronis
746 1749 797 1790 In
829 1756 917 1791 arte
948 1749 1115 1805 poetica
1144 1749 1323 1790 feliciter
1343 1747 1544 1802 Explicit.
1577 1748 1637 1802 (r)
1668 1746 1851 1789 Acronis
1889 1745 2072 1788 Comen-

417 1823 524 1864 taria
556 1823 599 1865 iu
630 1822 781 1876 Quinti
812 1822 983 1864 Horatii
1014 1822 1159 1865 Flacci
1192 1821 1444 1864 Sermonum
1476 1820 1633 1862 Libros
1664 1819 1797 1862 Duos.
1831 1821 1895 1875 (v)
