2148 3412
63 603 81 632 ἴ»

66 969 104 1000 10

67 1339 105 1369 15

133 165 214 203 442
764 173 868 205 aon.
895 173 954 204 ΕΤ
982 172 1146 204 PORPI-I.
1173 171 1321 203 ooMM.

132 297 225 338 aliis
256 302 482 351 comparat.
545 295 617 337 Sic
649 303 688 336 ct
718 295 835 337 illum
859 293 1051 350 Satyricc
1083 295 1327 351 interrogat,
1359 309 1466 350 quac
1497 309 1563 337 res
1593 302 1686 337 utra
1714 294 1831 350 peior
1861 295 1954 352 sit]:

131 385 295 411 onmem
327 369 538 410 homincm
570 369 766 410 uitiosum
797 369 1023 410 uoluntatis
1054 383 1152 410 suae
1183 368 1381 423 paenitet.

245 445 280 484 2.
313 443 534 484 habitatum
563 444 732 498 quinque
762 444 874 496 focis.
935 442 1135 497 Quinque
1165 441 1320 497 uillisr)
1351 456 1602 497 possessum.

241 518 279 557 3.
317 518 499 571 Quinque
530 516 649 558 honos
679 516 839 558 solitum
881 516 1049 556 Variam.
1127 514 1212 567 Qui
1243 515 1350 556 olem
1383 516 1569 570 quinque
1602 521 1838 556 senatorum
1869 515 1957 557 fuit.

139 591 251 631 l'art'a
282 596 419 630 autom
451 596 512 631 est
541 589 657 631 locus
687 590 729 630 in
763 588 935 631 Sabinis
965 588 1263 631 celeberrimus
1294 588 1533 643 aliquando.

241 665 279 703 4.
313 664 349 704 5.
387 663 600 712 Certemus,
633 665 768 719 spinas
787 672 891 704 —et
923 663 1062 704 melior
1093 664 1144 704 sit
1179 663 1374 703 Horatius
1404 678 1455 703 an
1486 677 1562 704 res.
1625 661 1759 703 Simul
1798 662 1957 717 (Certe-

128 751 229 778 mus.
262 735 410 777 Simul.
444 735 662 791 Conparat
693 737 792 790 QP)
825 743 1040 790 comparat
1072 750 1128 785 sc,
1174 742 1213 775 et
1244 735 1361 776 illum
1402 735 1568 776 satirice
1600 750 1821 789 quaerens,
1866 742 1959 776 uter

130 809 249 865 peior
280 810 344 852 sit.

243 885 280 925 5.
313 893 349 925 ec
378 884 516 925 melior
545 886 594 925 sc't
627 884 823 925 Horatius
855 898 909 924 an
940 897 1015 924 res.
1076 881 1210 923 Deest
1241 883 1416 924 Horati-i.

244 958 281 999 9.
314 966 349 999 et
370 966 479 999 amat
498 959 650 1014 spatiis.
710 956 760 997 Id
790 964 870 998 est:
904 962 1078 998 conatur
1109 970 1342 1010 erumpere,
1383 956 1501 997 uelut
1532 955 1785 1010 quibusdam
1818 970 1959 997 carce-

129 1031 246 1072 ribus
276 1031 544 1086 inpendentis
576 1030 928 1085 (inpedientibus)
960 1029 1088 1071 officii
1119 1030 1183 1071 sui
1214 1044 1379 1071 cursum
1422 1030 1476 1070 ad
1519 1030 1663 1071 uillam
1697 1030 1961 1072 confecturus

129 1104 355 1159 inuadat.†)

243 1179 394 1234 Spatz‘z's
424 1179 620 1220 obstantia
652 1179 843 1220 claustra.
905 1178 1093 1220 Claustra
1116 1177 1294 1234 [autem]
1319 1184 1415 1220 sunt
1448 1192 1651 1229 carceres,
1683 1184 1723 1219 et
1742 1185 1805 1219 est
1824 1184 1961 1219 trans-

130 1252 229 1293 latio
261 1252 313 1293 ab
345 1253 465 1306 equis
497 1250 772 1294 Circensibus
802 1253 926 1293 facta.

247 1328 311 1366 14.
342 1327 615 1368 mediastinus.
691 1325 837 1367 Incola
880 1326 1044 1367 mediae
1089 1324 1289 1374 ciuitatis3
1336 1340 1390 1366 an
1436 1325 1478 1365 in
1524 1325 1662 1367 officio
1707 1325 1961 1367 balneatoris

132 1400 436 1441 mediastinus?

246 1475 310 1515 16.
343 1489 402 1515 me
433 1483 617 1515 constare
647 1474 744 1514 mz‘lu'
771 1474 858 1514 seis.
917 1472 1014 1514 Hoc
1045 1480 1124 1514 est:
1159 1472 1338 1513 eundem
1370 1486 1459 1514 esse
1490 1487 1556 1513 me
1587 1473 1710 1523 nosti,
1741 1488 1808 1515 me
1839 1488 1961 1515 num-

131 1562 257 1603 quam
288 1547 340 1588 de
371 1562 498 1602 opere
530 1547 638 1588 ruris
669 1554 832 1588 mutare
864 1546 1125 1588 sententiam.

246 1623 310 1663 19.
344 1631 491 1678 tesqua.
552 1622 672 1663 Loca
703 1636 854 1676 aspera
884 1627 1010 1675 atque
1042 1619 1262 1661 siluestria.

132 1769 275 1806 paenitet
303 1767 387 1806 (pen.
413 1764 477 1806 R2)
503 1767 684 1796 uoluntatis
710 1775 786 1796 suae
813 1762 827 1807 Η
854 1765 946 1794 simul
972 1774 1156 1802 comparare
1186 1764 1398 1803 (comparatae
1424 1762 1471 1804 2.)
1498 1762 1522 1806 ll.
1550 1766 1595 1795 sic
1632 1769 1664 1795 et
1701 1765 1792 1794 illum
1829 1766 1962 1805 satyrice

133 1834 265 1863 querens
291 1828 361 1854 uter
386 1825 474 1862 peior
499 1825 542 1854 sit
568 1823 691 1853 MR2G.
718 1822 823 1852 Schol.
851 1823 883 1851 in
916 1822 968 1865 Βφ
1005 1822 1099 1860 plane
1136 1821 1246 1852 differt
1283 1823 1322 1851 ab
1358 1821 1492 1851 Aci-onis
1530 1826 1560 1851 et
1596 1822 1712 1859 Porph.
1751 1824 1960 1860 argumentis

134 1882 196 1911 ‘Ad
221 1882 277 1911 uil.
304 1891 351 1911 su.
378 1881 460 1910 hanc
487 1881 654 1918 epistulam
680 1880 809 1916 scribit3
837 1880 870 1909 in
896 1889 958 1917 qua
982 1878 1040 1908 ait:
1065 1888 1149 1908 omn.
1177 1879 1261 1908 hom.
1287 1879 1347 1908 uit.
1372 1889 1422 1908 uo.
1450 1887 1525 1908 suae
1542 1879 1700 1916 poenitet.
1750 1878 1853 1909 Simul
1878 1889 1962 1909 com-

134 1943 227 1977 parat
252 1948 285 1968 se
311 1942 342 1967 ct
367 1938 458 1967 illum
485 1938 615 1967 satirice
641 1946 797 1975 quaerens
823 1941 893 1966 uter
917 1937 1006 1974 peior
1031 1936 1095 1965 sit'.
1123 1936 1162 1973 Q„
1188 1936 1315 1966 dicens:
1356 1937 1430 1965 ‘Nos
1457 1936 1497 1965 ad
1522 1936 1613 1965 codd.
1640 1936 1849 1965 correximus.
1886 1936 1962 1966 For-

133 2000 218 2026 tasse
243 1996 317 2025 aliis
342 1996 521 2033 continget,
547 1999 582 2024 ut
609 1995 723 2023 melius
750 1993 972 2024 minstituant!
1000 1993 1070 2031 Ego
1097 2003 1152 2031 pro
1176 1991 1209 2022 iu
1233 2002 1291 2032 qua
1318 1994 1405 2031 posui
1430 1992 1566 2031 inquiens
1591 1996 1622 2021 et
1648 1993 1734 2022 inter
1750 1993 1829 2022 duas
1847 1993 1961 2023 scholii

134 2055 239 2089 partes
266 2052 381 2080 lemma
409 2050 554 2080 Certemus
574 2068 611 2071 »-
632 2060 671 2079 aa
695 2059 756 2086 res,
794 2050 833 2078 ad
860 2049 944 2087 quod
971 2050 1041 2079 sine
1066 2050 1162 2080 dubio
1189 2053 1312 2087 spectat
1338 2050 1512 2088 expositio,
1546 2053 1658 2087 utpote
1684 2058 1765 2088 quae
1796 2051 1835 2079 ab
1866 2060 1961 2088 argu-

133 2113 239 2138 mento
265 2109 372 2137 aliena
398 2111 456 2137 est.
505 2107 606 2142 Quem
631 2106 765 2136 offendit
791 2107 940 2136 iunctura
964 2107 1132 2136 uerborum
1149 2106 1245 2135 Simul
1268 2110 1416 2145 conparat
1437 2115 1479 2143 se,
1507 2106 1534 2135 is
1560 2115 1595 2135 ca
1613 2106 1798 2143 disiungens
1824 2107 1959 2136 scribat:

136 2164 293 2195 Certemus.
321 2164 434 2195 Simul.
462 2163 626 2202 Conparat
652 2173 685 2193 se
712 2167 772 2192 etc.
813 2164 864 2205 Βφ
890 2164 1009 2192 habent.
1034 2163 1191 2201 glossam:
1217 2167 1370 2193 certemus
1398 2173 1456 2201 ego
1483 2165 1513 2192 et
1539 2166 1583 2192 tu.
1611 2162 1692 2192 conf.
1719 2162 1852 2202 conloqui
1874 2162 1966 2193 simul

132 2219 239 2252 P'laut.
266 2222 384 2260 Amph.
409 2221 435 2259 Ι,
464 2223 491 2258 i,
519 2222 572 2252 69.
616 2221 683 2249 Hoc
709 2221 864 2256 scholion,
890 2220 974 2258 quod
998 2221 1101 2258 magis
1129 2230 1169 2250 ex
1195 2220 1326 2258 ingenio
1352 2229 1445 2258 quam
1473 2229 1512 2248 ex
1540 2220 1632 2249 libris
1658 2220 1854 2249 constituere
1879 2224 1959 2250 tem-

132 2280 233 2317 ptaui,
260 2280 391 2309 omnino
417 2288 458 2307 ex
484 2287 614 2307 numero
640 2276 859 2307 distic-iliorum
884 2277 1119 2316 Porphyrionis
1146 2280 1206 2306 est.

247 2336 281 2374 3)
309 2345 492 2374 possessum
517 2344 578 2364 om.
605 2334 671 2364 ath.
697 2334 748 2377 Βφ
773 2335 894 2363 habent
920 2334 1065 2371 glossas:
1092 2332 1276 2363 ‘habitatum
1304 2342 1497 2371 possessum.
1523 2332 1620 2372 focis.
1658 2334 1890 2363 mansionibus.
1930 2337 1961 2364 et

133 2393 293 2422 scholion:
320 2391 454 2431 quinque.
482 2393 558 2430 quia
584 2392 659 2420 olim
686 2392 825 2429 quinque
851 2393 1035 2420 senatorum
1060 2389 1122 2419 fuit
1160 2390 1247 2419 locus
1285 2391 1318 2419 in
1357 2391 1491 2419 sabinis.
1540 2390 1589 2420 Ad
1625 2382 1755 2419 Variam
1792 2390 1960 2420 ciuitatem

133 2450 220 2479 soliti
246 2453 339 2479 erant
367 2449 510 2478 transire
547 2449 587 2477 ad
625 2448 768 2486 agendas
805 2448 939 2477 causas.y
1004 2447 1038 2486 4)
1064 2446 1184 2476 buriam
1211 2465 1251 2468 -ψ
1277 2447 1361 2477 baria
1385 2458 1416 2477 v.
1482 2447 1516 2486 5)
1544 2448 1602 2477 cel.
1630 2447 1797 2486 aliquando
1821 2447 1892 2477 MR.
1919 2457 1961 2477 ex

133 2506 323 2544 compendio
349 2509 454 2536 ortum
480 2515 521 2534 ex
551 2506 607 2534 cel.
634 2514 709 2544 offro
734 2504 838 2542 (Agro
865 2504 908 2543 G)
935 2504 968 2533 in
993 2503 1081 2533 vassi.
1110 2504 1189 2534 conf.
1215 2503 1306 2533 Auct.
1334 2514 1362 2542 p.
1391 2505 1472 2533 693:
1499 2505 1556 2534 cel.
1583 2503 1660 2533 olim.
1717 2504 1752 2542 9)
1780 2504 1823 2533 Et
1848 2504 1961 2533 melior

132 2566 175 2591 est
197 2563 301 2591 horat.
327 2572 368 2592 an
393 2571 459 2601 syes
486 2561 563 2600 (sic)
590 2561 659 2591 MR.
678 2579 718 2582 ω-
735 2561 773 2591 G.
801 2561 893 2590 deest
917 2560 1030 2590 Horati
1054 2560 1158 2598 M<Q).
1178 2561 1266 2590 deest
1290 2560 1403 2590 horatii
1425 2560 1484 2590 R2.
1526 2561 1567 2589 Et
1590 2561 1682 2590 deest
1706 2560 1785 2590 Hor.
1813 2561 1834 2589 i.
1864 2560 1960 2590 Hora.

133 2628 172 2647 an
196 2619 333 2656 pecunia
355 2628 404 2648 res
428 2623 471 2647 est
493 2629 524 2647 v.
551 2619 569 2646 i.
595 2618 750 2648 Horatius
775 2627 815 2647 an
841 2618 975 2656 pecunia
1000 2618 1066 2646 afli.
1133 2617 1188 2655 10)
1215 2626 1294 2646 carc.
1321 2617 1525 2655 inpendentes
1549 2616 1625 2646 MG.
1653 2617 1671 2645 2
1698 2616 1816 2656 (imp).
1841 2617 1961 2655 impen-

134 2675 232 2705 dentis
248 2676 283 2705 R.
311 2676 380 2705 rell.
406 2675 639 2714 impedientibzw,
666 2675 751 2713 quod
776 2674 908 2704 facilius
935 2679 983 2704 est
1009 2678 1040 2703 et
1057 2674 1155 2703 uerba
1179 2673 1284 2711 spatiis
1299 2673 1445 2703 obstantia
1471 2674 1635 2712 explicare
1661 2674 1805 2710 uidetur3
1834 2673 1890 2702 sed
1914 2673 1960 2702 iu-

128 2732 286 2769 pendentis
309 2731 402 2771 Qffi'cii
425 2732 553 2761 defendi
580 2736 687 2770 potest
713 2731 779 2761 Cic.
805 2731 895 2761 Vel-r.
914 2731 950 2768 V,
978 2732 1028 2760 (30.
1055 2731 1160 2760 Plaut.
1187 2730 1246 2768 Ep.
1273 2731 1309 2768 V,
1331 2732 1381 2760 77.
1410 2730 1538 2760 Terent.
1565 2730 1690 2760 Phorm.
1716 2730 1740 2767 Ι,
1766 2730 1798 2767 4,
1824 2730 1853 2758 2.
1905 2729 1960 2768 11)

135 2788 233 2817 officii
258 2798 308 2818 sue
333 2799 363 2818 v.
390 2788 486 2818 officii
510 2793 543 2817 ut
566 2797 692 2818 cursum
717 2787 875 2817 MRAQG.
943 2789 997 2827 13)
1024 2787 1154 2816 Lemma
1179 2787 1264 2824 Spat.
1289 2787 1358 2817 obst.
1384 2787 1518 2817 claustra
1543 2797 1601 2817 om.
1628 2787 1672 2817 fh.
1712 2785 1849 2816 Claustra
1875 2789 1961 2816 recte

136 2846 264 2874 itm-anit
289 2856 318 2875 v.
345 2850 453 2876 autem
478 2846 523 2876 fh.
550 2846 619 2875 rell.
646 2855 705 2875 om.
734 2846 867 2875 inuadat
891 2845 1007 2883 spatiis
1033 2844 1192 2874 distantia.
1220 2843 1409 2881 (obstantia.
1427 2844 1475 2883 M)
1503 2843 1654 2874 Claustra
1678 2847 1751 2873 sunt
1775 2842 1847 2872 RM.
1873 2842 1958 2872 conf.

135 2901 202 2942 1323:
231 2902 383 2931 ‘clauso-a.
411 2906 552 2932 tractum
577 2906 623 2931 est
649 2903 688 2931 ob
708 2903 810 2940 equis.
837 2901 989 2931 Claustra
1014 2905 1088 2930 sunt
1114 2910 1255 2931 carceres
1282 2911 1443 2939 equorum.
1471 2901 1561 2930 Dicit
1587 2901 1671 2930 enim
1696 2901 1853 2930 horatius.
1878 2899 1960 2928 sicut

136 2958 207 2994 equi
245 2959 358 2988 uolunt
395 2969 557 2997 erumpere
594 2960 745 2994 claustra,
782 2962 817 2987 nt
842 2959 964 2996 possint
990 2958 1089 2987 exire.
1117 2959 1162 2988 ita
1186 2958 1331 2988 horatius
1357 2958 1395 2987 de
1421 2958 1569 2987 claustris
1593 2966 1699 2987 romae
1725 2960 1756 2987 et
1782 2957 1822 2986 ad
1847 2964 1959 2993 agrum

135 3015 294 3043 transire.q
347 3016 401 3053 16)
429 3016 634 3046 mediastinus
659 3025 740 3045 omn.
767 3015 852 3051 libri,
878 3015 964 3045 utin
990 3015 1149 3051 lemmate,
1175 3015 1229 3043 ubi
1256 3014 1284 3049 Q
1310 3014 1429 3052 recepit
1455 3014 1668 3044 mediastenus
1694 3023 1735 3042 ex
1759 3012 1804 3050 M,
1830 3013 1885 3050 qui
1910 3015 1960 3041 ta-

136 3080 220 3109 men,
246 3075 330 3101 teste
355 3073 451 3102 etiam
477 3073 618 3109 Halmio,
655 3077 691 3103 ut
716 3073 748 3102 in
775 3073 844 3110 ipso
869 3071 990 3101 scholio
1014 3072 1112 3101 habet
1138 3071 1360 3101 mediastinus.
1386 3071 1600 3101 Mediestinus
1625 3087 1666 3090 —-
1693 3069 1903 3099 mediastinus
1927 3078 1957 3097 v.

136 3128 358 3165 mediastynus
387 3128 469 3168 (bis)
494 3129 542 3158 fh.
610 3130 665 3168 19)
690 3133 717 3159 et
740 3130 817 3168 sylu.
844 3127 888 3158 fh.
915 3129 983 3157 rell.
1009 3132 1095 3167 atque
1120 3129 1192 3158 silu.
1218 3127 1316 3168 (sylu.
1342 3126 1432 3168 M,a).
1461 3128 1618 3158 siluestra
1642 3126 1713 3164 R‚v.
1740 3127 1773 3156 in
1796 3125 1875 3156 vafh
1899 3126 1960 3155 hoc

137 3185 280 3215 scholion
305 3186 450 3223 sequenti
476 3187 686 3224 postponitur.
737 3184 766 3224 *)
793 3185 827 3216 C.
846 3185 1020 3216 Hermann.
1049 3195 1106 3214 em.
1133 3186 1224 3215 uiris.
1272 3184 1303 3224 †)
1329 3184 1522 3224 impedientis
1548 3183 1583 3216 C.
1611 3183 1784 3214 Hermann.
