2148 3412
838 130 887 162 IN
914 130 1050 162 SERM.
1077 130 1120 169 11,
1146 104 1182 163 3.
1845 122 1923 162 271

206 254 272 296 37.
301 255 344 296 in
362 254 510 310 flumen
532 254 675 296 dexter
695 256 809 295 stetit.
872 255 1021 297 Deoeter
1051 262 1123 297 aut
1152 255 1324 296 dextera
1353 261 1487 311 parte,
1534 262 1605 298 aut
1634 256 1745 299 bono
1775 257 1927 298 omine.

95 328 150 370 Et
188 329 297 382 Verq.
329 327 389 369 sic
421 326 495 382 (A.
527 326 605 378 IV,
625 328 718 369 578.
753 329 875 384 579):
910 337 945 370 et
976 329 1108 370 sidera
1141 330 1251 371 caelo
1285 329 1443 371 Dextra
1472 330 1600 384 seras,
1633 337 1674 372 et
1703 332 1817 372 Pers.
1849 330 1926 387 (II,

98 403 161 443 11.
196 402 289 455 12):
324 402 469 442 dextro
504 401 691 451 Hercule,
724 416 801 456 pro
834 403 946 444 bono.

207 475 274 515 41.
308 475 493 516 Primum
514 489 608 516 nam
629 476 842 530 inquiram.
905 473 1116 525 Ostendit,
1138 476 1241 530 quid
1263 476 1315 517 sit
1335 477 1465 528 furor,
1497 484 1541 519 ut
1565 479 1745 521 Lucilius
1768 478 1927 525 (Testi-

95 548 234 591 monia
263 546 465 590 Veterum
501 562 540 603 p.
575 548 654 589 108
686 563 725 588 n.
751 550 803 589 10
826 546 977 604 Gerl.).

207 622 271 663 52.
308 622 393 672 Qui
419 629 453 662 te
484 621 644 668 deridet,
678 623 852 663 caudam
884 622 1031 663 trahat.
1104 621 1166 663 Ut
1210 636 1339 677 pecus
1384 623 1411 664 i.
1456 638 1491 665 e.
1538 624 1698 666 stultus.
1759 625 1847 667 Aut
1877 640 1928 667 ex

97 694 397 737 consuetudine
428 708 652 749 puerorum
684 702 894 750 sumptum
927 702 1001 746 est,
1034 710 1110 750 pro
1143 697 1360 743 deridetur,-
1396 697 1529 739 solent
1560 698 1671 740 enim
1703 699 1823 754 pueri
1855 699 1928 741 de-

96 768 278 810 ridentes
315 766 600 809 nescientibus
641 783 664 808 a
695 776 815 824 tergo
846 769 1023 810 caudam
1056 769 1326 825 suspendere,
1371 777 1416 812 ut
1445 771 1560 812 uelut
1591 786 1720 826 pecus
1751 772 1927 814 caudam

97 841 274 883 trahant.

207 915 272 956 56.
304 914 501 963 Alterum,
533 923 566 956 el
597 915 690 956 huic
722 928 881 957 uarum.
950 916 1112 967 Varum,
1158 917 1202 973 [i.
1235 917 1290 974 e.]
1339 917 1552 960 diuersum
1599 933 1648 960 ac
1693 919 1927 972 distortum,

96 1002 145 1030 ac
174 1002 251 1044 per
280 988 359 1030 hoc
390 1003 415 1029 a
445 1002 488 1029 re
520 988 747 1030 diuersum.

222 1063 287 1103 57.
321 1063 386 1104 58.
420 1063 561 1104 clamet
583 1064 725 1112 amica,
749 1063 883 1105 Mater
904 1063 1066 1105 honesta
1088 1079 1218 1106 soror.
1277 1064 1433 1107 Melius
1452 1066 1587 1122 (pot·)
1619 1074 1680 1109 est
1711 1068 1771 1109 sic
1793 1068 1929 1124 accipi

97 1136 226 1178 amica
257 1144 398 1184 mater,
430 1143 473 1177 ut
506 1136 556 1178 sit
589 1150 639 1177 ex
672 1134 840 1178 Graeco
871 1143 1070 1178 tractum:
1104 1137 1203 1192 φίλη
1239 1139 1383 1193 μήτηρ,
1416 1154 1543 1194 quam
1580 1155 1659 1197 per
1704 1157 1743 1183 se
1789 1145 1928 1194 amica,

97 1223 172 1266 per
203 1223 245 1250 se
275 1209 428 1250 deinde
460 1218 599 1260 inciter,
632 1210 734 1264 quia
764 1210 1019 1252 mentionem
1050 1211 1194 1253 uxoris
1224 1211 1325 1253 facit
1355 1212 1398 1253 in
1430 1214 1715 1267 sequentibus.

207 1283 297 1325 Non
327 1285 454 1338 maqis
486 1285 674 1325 audierit.
752 1283 848 1325 Hoc
879 1299 1003 1325 uersu
1035 1284 1320 1336 clamitabant,
1358 1287 1430 1341 qui
1461 1294 1520 1329 est
1554 1289 1731 1331 Pacuuii
1759 1290 1928 1346 (fragm.

100 1357 190 1399 197.
221 1356 470 1412 Ribbeck.):
504 1358 639 1400 Mater
671 1367 704 1399 te
735 1359 918 1415 adpellol
948 1367 990 1399 tu
1022 1372 1122 1414 quae
1154 1374 1297 1400 curam
1326 1374 1462 1402 somno
1494 1376 1729 1418 suspensam
1761 1364 1929 1419 leuas.*)

210 1431 274 1472 60.
305 1431 399 1473 Non
429 1433 556 1487 maqis
587 1432 682 1474 (md.
717 1447 837 1488 quam
872 1433 1015 1474 Fusius
1047 1433 1125 1474 ebr.
1158 1434 1208 1474 ol.
1285 1432 1372 1475 Hie
1404 1435 1552 1477 Fusius
1582 1434 1803 1478 Phocaeus
1834 1445 1927 1478 tra—

98 1504 343 1561 goediarum
375 1512 491 1547 actor
521 1505 611 1556 fuit,
644 1506 716 1561 qui
748 1520 842 1547 eum
873 1505 1001 1547 uellet
1020 1505 1201 1548 Ilionam
1223 1506 1500 1549 dormientem
1522 1509 1772 1563 exprimere,
1804 1517 1846 1551 nt
1878 1510 1931 1551 ad

97 1578 172 1619 filii
201 1577 403 1634 Polydori
434 1586 680 1636 exsurgeret
710 1594 870 1629 uocem,
902 1579 946 1620 in
978 1594 1103 1621 scena
1134 1579 1374 1622 obdormiit.
1434 1580 1491 1622 Et
1514 1583 1679 1624 edormi!
1700 1598 1777 1638 pro
1808 1599 1931 1639 prae-

98 1651 217 1694 terito
248 1652 397 1708 accipi,
431 1667 515 1695 non
545 1669 623 1709 pro
654 1654 866 1709 praesenti
898 1653 1035 1695 debet.

210 1726 275 1767 61.
312 1726 481 1768 Catienis
510 1727 615 1768 mille
647 1728 838 1769 ducemne.
903 1727 1069 1768 Catienis
1102 1727 1356 1778 cantoribus,
1387 1743 1412 1769 a
1445 1727 1636 1779 Catieno,
1668 1730 1799 1772 nobili
1832 1745 1931 1772 can-

99 1804 200 1851 tore,
231 1799 367 1842 dictis.

214 1874 278 1914 69.
311 1874 448 1916 Scribe
480 1875 612 1916 decem
644 1891 667 1916 α
698 1875 835 1918 Nerio.
912 1874 1098 1927 Quidam
1128 1875 1280 1917 Anat—io
1312 1875 1377 1930 ὑφ’
1410 1876 1451 1915 ἓν
1484 1876 1642 1932 legunt.
1702 1876 1862 1919 Verum
1894 1885 1933 1919 et

40 2000 41 2010 ἵ
99 1946 167 1988 hic
197 1955 237 1989 et
267 1946 417 1990 Cicuta
462 1948 565 1990 iuris
609 1949 778 1990 fuerunt
822 1948 1010 1998 studiosi,
1052 1962 1156 2002 quos
1201 1948 1321 2002 quasi
1367 1964 1519 1991 auaros
1564 1951 1713 2007 tangit.
1775 1951 1933 1994 Sensus

103 2020 222 2078 [cst]:
268 2022 449 2077 pecunia
488 2038 512 2063 a
541 2023 804 2065 foeneratore
845 2029 1032 2078 accepta,
1077 2021 1172 2076 lege
1209 2020 1314 2062 XII.
1346 2021 1622 2074 Tabularum,
1668 2039 1772 2079 quas
1804 2024 1932 2067 Nerio
1959 2037 1994 2065 ·.·

215 2235 248 2273 1)
275 2238 331 2266 aut
357 2236 493 2266 dextera
518 2234 678 2276 M2G(Q).
705 2240 761 2266 aut
785 2246 806 2266 α
829 2236 937 2265 dextra
963 2240 1053 2274 parte
1079 2236 1127 2265 fh.
1153 2235 1280 2265 Dexter
1305 2240 1436 2266 autema
1454 2236 1586 2267 dextera
1612 2247 1642 2276 p.
1668 2246 1719 2268 va.
1749 2238 1933 2276 (perperam

103 2294 175 2321 rett.
202 2291 256 2331 Q).
283 2310 319 2313 —
348 2293 433 2322 bono
458 2302 494 2322 ez
519 2294 624 2323 omine
649 2303 680 2323 v.
730 2294 764 2332 2)
792 2293 869 2323 “Sic
892 2292 996 2322 sidera
1021 2293 1067 2322 fh.
1096 2297 1127 2323 et
1150 2293 1220 2333 syd.
1248 2294 1310 2331 2,v.
1337 2294 1440 2323 locum
1466 2303 1526 2324 om.
1552 2294 1707 2324 Ribbeck.
1758 2295 1792 2334 3)
1819 2295 1934 2325 dextro

103 2347 229 2378 haerede
246 2348 314 2379 afh.
363 2350 399 2388 4)
427 2353 463 2380 ut
480 2350 625 2380 Lucilius
644 2361 705 2380 om.
726 2351 743 2379 2
762 2351 794 2380 h.
815 2351 834 2379 l.
854 2350 983 2380 caudam
1000 2354 1038 2379 tr.
1066 2350 1111 2379 Ut
1137 2350 1282 2380 Lucilius
1308 2351 1338 2379 2.
1389 2351 1423 2390 6)
1442 2350 1537 2380 trahit
1552 2351 1595 2382 M.
1645 2350 1678 2389 7)
1699 2354 1747 2380 est
1765 2361 1825 2380 oni.
1845 2351 1933 2380 vafh.

103 2405 306 2435 deridentibus
322 2406 531 2436 nescientibus
547 2407 590 2436 M.
615 2408 741 2446 aliquid
760 2408 983 2437 nescientibus
1001 2408 1031 2436 2.
1082 2408 1138 2447 8)a
1155 2411 1247 2445 tergo
1265 2408 1398 2437 caudam
1415 2417 1475 2437 om.
1494 2407 1588 2437 MR2.
1609 2417 1692 2436 man.
1714 2407 1731 2436 -2
1751 2408 1824 2436 add.
1844 2408 1876 2437 in
1895 2407 1933 2437 G.

103 2465 136 2492 at
151 2471 225 2501 ergo
250 2473 280 2492 v.
306 2464 506 2502 suppendere
523 2464 567 2493 M.
620 2465 675 2503 10)
701 2464 734 2494 id
760 2468 809 2494 est
834 2475 894 2494 om.
913 2463 1047 2500 MQG,x-.
1101 2464 1156 2502 12)
1184 2465 1211 2493 si
1236 2465 1336 2502 accipi
1355 2465 1399 2494 M.
1452 2462 1506 2502 15)
1532 2464 1601 2493 Hoc
1626 2474 1656 2497 u,
1682 2464 1773 2493 clam.
1800 2474 1860 2494 om.
1886 2463 1934 2501 fh,

104 2520 156 2558 qui
181 2520 317 2550 habent:
352 2520 447 2550 Verba
476 2520 609 2560 Tragici.
635 2521 739 2550 Mater
764 2526 795 2551 te
820 2522 957 2559 appello,
984 2524 1018 2550 tu
1043 2530 1124 2560 quae
1143 2530 1254 2551 somno
1273 2531 1360 2559 susp.
1379 2522 1478 2558 leuas,
1504 2531 1565 2550 om.
1583 2530 1697 2550 curam.
1724 2520 1831 2550 Verba
1855 2521 1934 2550 Tra-

105 2576 167 2614 gici
192 2581 224 2607 et
247 2577 316 2607 Hoc
339 2587 371 2606 u.
397 2578 489 2607 elam.
515 2588 576 2607 om.
602 2588 652 2607 va.
678 2578 805 2608 charam
829 2583 853 2607 t.
880 2588 986 2608 caram
1011 2578 1138 2616 A2G‚v.
1177 2582 1270 2617 tuque
1295 2588 1398 2608 eoram
1424 2578 1466 2607 M.
1504 2582 1538 2607 tu
1567 2587 1628 2616 que
1664 2587 1769 2607 curam
1806 2577 1844 2614 R,
1881 2579 1934 2617 qui

104 2633 209 2663 uerbis
233 2633 283 2672 qm·
305 2638 356 2669 est,
382 2643 418 2663 ac
444 2635 470 2664 si
498 2634 621 2664 Graeca
647 2639 767 2671 essent,
795 2639 877 2672 spat.
905 2645 974 2664 uac.
1002 2636 1146 2674 reliquit.
1162 2636 1271 2674 fflqui
1298 2640 1348 2665 est
1365 2633 1576 2673 MA2(G?Q).
1603 2634 1673 2663 rell.
1701 2645 1761 2664 om.
1786 2634 1934 2664 Pacuuii:

107 2688 190 2720 ιἔοι-ἵ.
215 2690 249 2719 in
272 2690 387 2721 Iliona'
413 2690 455 2720 A.
517 2692 572 2729 16)
599 2692 704 2730 apello
729 2691 774 2720 M.
837 2693 892 2731 17)
918 2691 1024 2722 fusius
1049 2691 1083 2720 M
1108 2693 1171 2729 bis,
1196 2696 1232 2721 ut
1257 2702 1340 2722 omn.
1367 2692 1440 2721 libri
1465 2691 1580 2729 Porph.
1607 2690 1692 2721 conf.
1720 2691 1793 2720 Aer.
1819 2691 1934 2721 melius

106 2745 138 2776 id
159 2751 201 2776 est
222 2748 267 2777 sic
292 2757 356 2777 acc.
382 2758 412 2778 v.
439 2749 553 2778 melius
579 2750 635 2787 pot
659 2758 686 2777 a.
713 2748 830 2778 melius
851 2752 954 2786 potest
981 2750 1026 2778 sic
1052 2758 1116 2778 acc.
1145 2748 1190 2778 fh.
1219 2749 1410 2788 &focaeus
1441 2748 1483 2777 Μ.
1497 2747 1611 2787 soccus
1636 2747 1672 2776 R.
1742 2747 1798 2785 18)
1825 2751 1936 2777 auctor

108 2801 191 2846 2Βφ.
217 2804 298 2834 conf.
322 2804 396 2834 Aer.
464 2806 518 2844 19)
543 2814 650 2844 exurg.
675 2805 710 2834 M
736 2809 767 2834 et
794 2815 875 2835 omn.
902 2806 984 2835 libri.
1011 2806 1166 2836 ultionem
1193 2807 1222 2835 2.
1248 2806 1317 2836 rell.
1343 2815 1461 2835 uocem.
1488 2806 1522 2834 in
1547 2813 1670 2833 scenam
1694 2803 1738 2832 M.
1766 2804 1798 2833 in
1823 2813 1936 2834 scaena

107 2867 157 2889 va.
183 2861 251 2890 rell.
276 2861 310 2890 in
334 2871 435 2891 scena.
461 2861 639 2892 obdormuz't
662 2862 740 2897 ΜΝ.
767 2862 937 2892 obdormiit
961 2864 990 2892 2.
1017 2862 1206 2892 obdormivit
1230 2862 1295 2892 afh.
1322 2862 1474 2891 obdormit
1497 2860 1566 2898 ΟΩ
1594 2860 1716 2898 (Hor).
1783 2860 1840 2899 20)
1868 2870 1935 2899 pre-

110 2916 190 2945 senti
215 2916 298 2946 dedz't
320 2918 363 2947 M.
428 2919 485 2958 21)
511 2919 646 2948 cacienis
672 2920 721 2949 bis
745 2919 788 2948 M.
816 2918 977 2949 Cacieniis
1002 2929 1034 2950 v.
1062 2920 1096 2949 in
1122 2921 1205 2957 lem.7
1243 2919 1386 2949 Catienis
1412 2918 1511 2948 schol.
1548 2934 1591 2938 —
1628 2917 1756 2947 cacieno
1781 2917 1823 2946 M.
1849 2917 1937 2947 dictis

110 2969 180 3000 MA.
206 2974 273 3003 rell.
299 2984 362 3004 om.
410 2975 468 3014 23)
494 2970 608 3006 YQJHN
635 2976 733 3005 habet
757 2976 800 3012 M,
824 2972 906 3019 ὑφὴν
931 2975 1014 3006 A2G
1039 2987 1096 3015 pro
1122 2973 1208 3020 ὑφ’ἓν
1236 2976 1309 3015 (Q).
1338 2986 1398 3006 om.
1424 2975 1531 3008 Rafh.
1563 2979 1645 3013 spat.
1671 2984 1739 3004 uae.
1766 2984 1795 3006 v.
1815 2993 1855 2995 —
1874 2975 1935 3003 Ve-

110 3036 176 3058 rum
201 3030 252 3059 hic
277 3030 343 3060 afh.
370 3032 436 3063 rell.
464 3032 582 3062 Verum
607 3037 633 3062 et
657 3033 719 3062 hic.
770 3034 827 3072 24)
854 3042 932 3071 quos
958 3035 1049 3072 quasi
1067 3033 1287 3072 MAR-2G(Q).
1314 3033 1398 3071 quod
1424 3031 1605 3069 (compend.
1633 3040 1697 3061 non
1722 3040 1794 3069 quos
1818 3035 1854 3060 ut
1879 3031 1935 3060 ref.

113 3082 156 3123 Q)
179 3086 230 3124 qui
251 3091 391 3117 stauaros
416 3098 447 3117 v.
473 3089 543 3118 rell.
570 3099 630 3118 om.
655 3098 726 3128 quos
749 3088 844 3128 quasi.
910 3090 968 3128 25>
996 3094 1044 3120 est
1070 3090 1115 3120 fh.
1141 3090 1210 3119 rell.
1237 3099 1297 3119 om.
1336 3107 1376 3109 -—
1415 3089 1546 3126 pecunia
1571 3092 1701 3126 accepta
1727 3088 1755 3117 2.
1783 3088 1852 3117 rell.
1880 3097 1935 3127 pe-

113 3141 234 3172 cuniam
257 3160 298 3165 ——
323 3147 494 3183 acceptam.
543 3144 578 3184 ss)
604 3154 759 3183 suspenso
783 3145 937 3176 Ribbeck.

1959 929 1996 961 10

1959 1298 1996 1328 15
