2148 3412
8 0 14 278 ἰ

16 2754 19 2789 u
13 2390 18 2405 ,.
13 2346 17 2366 -
13 2318 17 2325 ,
8 1698 17 2303 -.-..———„-.-.--.-.-‘.„..-—.--.-
10 1593 15 1677 —--.-
7 665 15 1412 ————..——..-—————————..—-

798 113 849 146 IN
874 113 1018 147 EP1sT.
1044 113 1089 153 11,
1116 117 1144 147 1.
1801 103 1883 145 543

169 235 263 276 230.
294 234 488 277 Αεάίίαοε
508 236 663 279 habeat.
723 237 1004 280 Enarratores
1025 244 1149 292 atque
1171 238 1345 280 indices.
1386 238 1552 281 Aeditui
1570 238 1682 280 enim
1703 239 1881 294 templo-

57 322 148 349 rum
179 322 229 348 ac
258 307 491 358 numinum,
525 309 676 363 quibus
708 310 955 362 inseruiunt,
988 327 1151 353 sacram
1183 312 1391 368 originem
1424 313 1599 354 aduenis
1621 320 1660 354 et
1681 313 1882 368 ignoran-

56 380 168 422 tibus
197 388 381 421 narrant.
441 380 573 422 ALII
604 384 781 425 aedfluos
812 399 888 439 pro
921 385 1143 426 clientibus
1174 401 1223 427 ac
1269 386 1547 427 familiaribus
1592 386 1676 427 dici
1721 392 1881 441 putant,

56 468 105 496 ac
133 468 211 510 per
239 454 318 495 hoc
349 454 587 497 laudatores
618 464 847 512 poetasque
879 458 1123 514 significari.

167 528 261 568 231.
300 528 434 569 Virtus
460 529 629 587 ¹inclz’qno
660 545 741 572 non
773 545 827 572 eo.
855 540 1002 587 poetae.
1076 531 1174 573 Hoc
1205 539 1278 582 est,
1311 532 1462 588 ingens
1493 540 1618 588 atque
1648 533 1880 588 praeclara.

56 597 281 656 Significat
311 608 449 642 autem
480 601 665 658 Augusti
697 618 764 644 res
795 612 946 659 gestas.

167 675 258 716 232.
294 675 450 717 Gratus
482 677 727 719 Alexandro.
796 676 1041 727 Praeclare3
1089 678 1300 734 significat
1331 679 1456 730 enim,
1490 677 1717 722 Caesarem
1748 680 1882 734 poetis

53 746 174 789 bonis
203 748 346 790 fauere
377 748 544 799 debere,
577 750 745 805 quando
777 751 946 805 quidem
968 750 1215 793 Alexander
1244 752 1427 794 Macedo
1459 751 1706 795 Choerilum
1736 754 1882 810 magni

53 820 152 863 fecit
180 821 338 863 malum
368 833 549 877 poetam.

165 895 258 936 233.
290 896 455 937 incultis
486 898 557 953 qul
582 898 776 939 uersibus.
837 897 986 952 Neque
1017 905 1104 940 arte
1135 914 1271 953 neque
1302 906 1453 941 natura
1483 915 1630 943 uersus
1661 901 1882 942 facientem

56 968 233 1010 ornauit.
293 968 349 1009 Et
381 969 497 1011 deest
521 985 614 1026 pro,
647 978 693 1011 ut
724 971 794 1012 sit:
826 986 904 1026 pro
934 972 1103 1014 incultis
1133 973 1338 1014 uersibus.

165 1042 258 1083 234,
289 1043 458 1085 Rettulit
503 1053 695 1101 acceptos,
743 1046 878 1100 reqale
922 1049 1129 1096 nomisma,
1175 1047 1390 1103 Philippos.
1467 1046 1583 1100 Quid
1627 1047 1881 1103 Philippos?

52 1112 280 1170 Ἐξήγησιςε
312 1117 447 1171 reqale
475 1119 878 1168 nomisma,-au1·eos.
938 1118 996 1159 Et
1026 1119 1130 1160 mire
1162 1122 1312 1162 rettulit
1344 1129 1537 1177 acceptos,
1570 1128 1785 1176 tamquam
1816 1120 1881 1161 di-

53 1195 185 1229 ceret:
216 1188 404 1246 legitime
434 1190 639 1232 uendidit.
698 1190 939 1247 Acceperat
969 1200 1107 1234 autem
1139 1208 1216 1249 pro
1248 1194 1429 1250 singulis
1460 1194 1652 1236 uersibus
1693 1194 1882 1250 singulos

52 1260 288 1317 Philippos.

164 1337 257 1378 235.
290 1338 384 1378 236.
416 1338 495 1379 Sed
523 1338 653 1379 ueluti
680 1346 852 1380 tractata
883 1347 962 1380 not.
994 1340 1044 1381 la.
1068 1342 1194 1381 remit.
1212 1340 1301 1382 Atr.
1363 1339 1591 1391 Contacta3
1625 1348 1665 1382 et
1695 1348 1755 1383 est
1787 1356 1882 1383 sen-

52 1424 137 1451 sus:
172 1408 540 1462 Quemadmodum
572 1418 804 1453 atramenta
834 1412 1035 1467 polluunt.
1070 1414 1363 1469 quodcumque
1395 1415 1662 1471 contigerint,
1694 1415 1752 1456 ita
1782 1415 1883 1456 mali

51 1490 198 1539 poetae
229 1500 295 1526 res
326 1485 689 1540 splendidissimas
721 1486 947 1528 obscurant
977 1487 1170 1529 sordibus
1202 1488 1364 1544 ingenii
1396 1489 1473 1530 sui.

162 1567 297 1600 notam
329 1560 530 1616 labemque
561 1562 773 1602 remittunt.
836 1560 1157 1611 Conmaculant,
1190 1562 1393 1617 quicquid
1425 1562 1666 1618 adtigerint.

163 1634 258 1674 237.
289 1633 382 1675 238.
414 1635 518 1675 z'clem
549 1649 625 1675 rex
653 1635 734 1684 ille,
773 1650 918 1690 poema
954 1636 1037 1686 Qui
1063 1643 1143 1676 tam
1173 1636 1390 1677 ridiculum
1432 1642 1472 1677 et
1509 1644 1684 1678 caetera.
1761 1635 1881 1678 Ordo

51 1712 130 1749 est:
160 1706 273 1748 idem
303 1722 378 1748 rex
408 1707 478 1748 ille
510 1708 646 1749 edicto
678 1708 821 1751 uetuit.
895 1707 1015 1749 Dicit
1046 1716 1198 1759 autem,
1244 1709 1286 1750 in
1318 1709 1453 1764 poetis
1484 1710 1773 1752 tantummodo
1805 1725 1882 1752 er-

51 1796 164 1823 rasse
195 1796 354 1836 regem,
388 1796 479 1822 cum
512 1781 556 1822 in
586 1781 820 1836 pictoribus
851 1790 890 1823 et
920 1782 1109 1836 plasticis
1140 1782 1490 1838 diligentissimus
1521 1784 1657 1825 fuerit.

163 1856 257 1897 238.
291 1864 371 1897 tam
402 1856 631 1898 ridiculum.
693 1855 860 1897 Emisse
891 1855 1051 1897 scilicet
1062 1871 1071 1905 3
1121 1865 1201 1898 lam
1233 1871 1343 1898 care:
1386 1863 1529 1912 utpote
1559 1857 1698 1899 numis
1729 1858 1881 1900 aureis.

158 1938 319 1985 praeter
351 1931 528 1986 Apellen.
590 1930 748 1986 Apelles
769 1930 906 1984 pictor
925 1929 1106 1985 inclytus
1140 1930 1230 1981 fuit,
1265 1931 1465 1988 Lysippus
1487 1931 1687 1973 aerarius.
1747 1930 1882 1973 Alex-

52 2002 183 2044 ander
215 2002 392 2060 [autem]
427 2003 516 2045 eius
547 2003 656 2046 solas
688 2011 844 2046 statuas
875 2003 1175 2045 admirabatur.

52 2161 159 2188 tamen
184 2159 318 2198 dignum
345 2164 393 2190 est
416 2164 452 2190 ut
478 2170 707 2199 cognoscamus
733 2161 955 2199 experimento
981 2161 1052 2198 quis
1078 2163 1243 2199 poetarum
1270 2161 1388 2199 dignus
1414 2162 1457 2191 sit
1482 2162 1680 2192 conscribere
1717 2165 1773 2191 tua
1802 2161 1880 2201 (sic)

53 2225 132 2254 quae
157 2226 221 2246 non
247 2220 322 2246 sunt
342 2216 443 2257 [esse]
472 2218 631 2247 mittenda
657 2218 742 2256 turpi
768 2218 902 2255 poetae.'

190 2275 222 2312 1)
248 2283 349 2303 enarr.
376 2272 590 2314 M2(G?Q)‚v.
616 2284 701 2304 narr.
728 2275 794 2303 afh.
820 2275 940 2304 indices
965 2273 1194 2313 MA2G(Q)‚v.
1229 2273 1395 2312 Suringar.
1423 2275 1481 2313 ΙΙΙ,
1509 2277 1560 2305 36.
1584 2275 1706 2305 iudices
1732 2275 1797 2305 afh.
1847 2275 1881 2313 2)

53 2339 158 2360 sacrae
182 2329 256 2360 MG.
284 2335 439 2360 sacrorum
464 2333 518 2368 2‚v
544 2330 726 2369 (perperam
752 2331 810 2361 ref.
831 2331 872 2369 Q)
900 2330 997 2366 ath.
1027 2331 1114 2361 Olim
1140 2332 1234 2369 posui
1259 2331 1343 2360 sacri
1367 2341 1422 2369 pro
1446 2341 1555 2361 sacrae
1579 2332 1671 2362 aedis.
1697 2333 1766 2375 Bp:
1792 2331 1883 2361 Aedi-

53 2390 125 2416 tuos.
145 2387 362 2425 descriptores
380 2391 502 2425 poetas,
553 2387 588 2426 3)
613 2387 688 2416 addi
707 2387 804 2426 (adici
823 2388 885 2425 leg.
906 2387 949 2425 Q)
976 2387 1019 2417 M.
1068 2388 1104 2427 4)
1131 2387 1314 2426 significari
1338 2398 1395 2418 em.
1422 2388 1579 2418 Di'mtzer.
1600 2389 1655 2425 IV⁷
1683 2389 1757 2419 324.
1783 2389 1882 2427 uulgo

54 2444 220 2482 significat.
246 2445 503 2483 Transponenda
527 2448 690 2483 postrema
715 2448 807 2482 putat
833 2444 881 2480 Q:
911 2448 1066 2482 ‘nm-rant,
1093 2455 1128 2474 ac
1154 2455 1210 2483 per
1235 2446 1293 2474 hoc
1319 2446 1338 2474 1.
1368 2455 1397 2483 p.
1427 2446 1611 2483 significan
1652 2446 1709 2475 alii
1734 2446 1882 2475 aedituos

53 2509 108 2539 pro
133 2502 170 2530 cl.
198 2511 233 2530 ac
257 2502 330 2531 fam.
358 2502 420 2531 diei
447 2502 583 2540 putant)
651 2500 685 2537 5)
711 2505 808 2540 atque
833 2500 876 2530 M.
903 2506 929 2530 et
954 2502 983 2530 2.
1015 2502 1084 2531 rell.
1112 2511 1158 2531 ac.
1227 2503 1260 2540 7)
1286 2502 1455 2531 Praeclara
1493 2502 1604 2540 signif.
1644 2502 1722 2541 (sie)
1760 2501 1884 2531 Caesar

52 2557 182 2595 poeticis
207 2557 341 2597 (poetis)
367 2559 460 2588 bonis
487 2559 612 2597 quando
636 2558 740 2597 quibas
764 2558 941 2587 alexander
966 2567 1043 2587 mac.
1068 2557 1143 2588 MG.
1205 2560 1240 2597 8)
1266 2559 1423 2588 caerillum
1448 2559 1490 2588 M.
1519 2559 1673 2588 coerillum
1700 2558 1738 2588 G.
1765 2559 1883 2588 choeri-

53 2614 117 2643 lum
142 2613 181 2651 A,
205 2619 240 2644 ut
264 2614 326 2657 Βφ.
354 2615 507 2644 cherilum
534 2615 596 2652 2,a,
622 2620 658 2644 ut
683 2615 778 2644 Bern.
807 2614 843 2644 B.
872 2613 1049 2643 Chaerilum
1073 2615 1155 2652 v,fh,
1181 2619 1216 2644 ut
1236 2615 1346 2644 Ambr.
1374 2615 1452 2651 Alii,
1480 2619 1516 2645 ut
1533 2616 1572 2652 E,
1600 2615 1763 2653 chosi-ilos,
1791 2616 1883 2645 choe-

53 2670 139 2700 rulus
164 2670 260 2700 Bern.
285 2671 326 2707 A,
353 2672 496 2701 cherulus
520 2671 639 2701 Bernn.
666 2671 722 2700 DF
750 2676 809 2701 etc.
878 2672 933 2709 10)
961 2676 1088 2707 natura,
1114 2681 1174 2701 om.
1200 2681 1324 2708 uersuS,
1354 2672 1495 2702 salientis
1519 2673 1635 2702 ornasti
1658 2673 1692 2701 M
1717 2672 1884 2712 (facientis

55 2727 155 2757 ornati
177 2728 239 2766 leg.
267 2728 322 2766 Q).
350 2727 512 2757 facientem
537 2728 655 2758 ornasti
679 2730 696 2758 2
736 2729 811 2766 (om.
838 2730 964 2766 uersus)
1002 2721 1164 2758 facientisn
1182 2728 1210 2758 G
1249 2729 1325 2767 (em.
1352 2738 1446 2767 supra
1471 2730 1526 2767 is).
1564 2738 1674 2758 uersus
1710 2729 1882 2759 facientem

54 2783 168 2819 vath.
220 2785 274 2822 13)
303 2786 450 2824 exegesis
474 2785 571 2820 M,va.
591 2803 630 2806 -—
659 2789 690 2814 et
716 2795 776 2815 om.
805 2786 834 2814 2.
887 2786 941 2824 15)
967 2786 1152 2823 Philippeos
1177 2786 1222 2814 fh.
1274 2786 1329 2824 16)
1356 2785 1485 2814 Lemma
1510 2786 1715 2823 amplificaui.
1743 2786 1804 2816 Sed
1829 2796 1884 2816 ue-

54 2840 115 2870 luti
141 2844 277 2871 tractata
301 2851 331 2870 n.
357 2841 399 2870 M.
427 2841 488 2871 Sed
514 2842 616 2871 ueluti
644 2843 706 2877 2,v.
734 2841 797 2871 Sed
821 2841 923 2871 ueluti
949 2846 1041 2872 tract.
1068 2842 1134 2872 afh.
1162 2841 1314 2872 Contacta
1339 2852 1399 2873 om.
1426 2843 1491 2871 afh.
1523 2846 1673 2872 contacta
1698 2843 1742 2881 gl.
1769 2843 1802 2872 in
1819 2843 1882 2886 Βφ.

55 2897 112 2936 20)
138 2897 271 2927 Lemma
308 2899 437 2928 breuius
474 2899 506 2928 in
542 2898 597 2927 fh.-
634 2898 714 2927 Idem
749 2907 814 2927 γεω.
881 2899 938 2937 21)
964 2908 1022 2928 rex
1048 2900 1065 2928 2
1092 2899 1164 2937 (ille
1189 2899 1275 2938 rex),
1310 2898 1356 2928 fh.
1384 2899 1487 2928 edicto
1511 2908 1571 2928 om.
1601 2900 1628 2928 2.
1693 2900 1750 2939 22)
1776 2899 1885 2938 plastis

55 2952 100 2983 fh.
126 2954 253 2992 plaustz's
277 2954 322 2984 M.
388 2955 445 2994 23)
471 2955 569 2984 haemi
593 2955 716 2985 scilicet
741 2955 784 2985 M.
823 2956 940 2985 emisse
965 2956 1036 2986 scil.
1063 2960 1128 2985 tam
1153 2966 1224 2986 care
1250 2955 1365 2993 2G‚va.
1392 2965 1452 2985 om.
1480 2956 1522 2984 fh.
1588 2956 1644 2995 24)
1672 2959 1799 2994 praeter
1822 2956 1882 2995 Ap.

57 3019 116 3040 om.
140 3010 269 3049 MG,va.
296 3012 435 3051 inclytus
461 3011 598 3049 M2‚afh.
626 3012 757 3042 inclitus
783 3012 843 3048 vQ.
864 3031 904 3033 —
922 3013 1090 3042 statuarius
1116 3014 1180 3042 afh.
1211 3014 1335 3051 grarius
1362 3012 1439 3050 (sie)
1467 3022 1496 3041 v.
1523 3013 1665 3042 aerarius
1691 3014 1800 3052 signif.
1827 3014 1882 3043 M2

57 3065 253 3108 (significat)
281 3067 321 3107 G,
358 3073 548 3108 pergentes:
587 3078 622 3098 ew
646 3068 677 3098 in
703 3070 787 3099 solas
815 3072 853 3100 st.
880 3071 1106 3100 admirabatur.
1133 3070 1255 3105 vath:
1294 3069 1389 3098 Alex.
1421 3072 1527 3099 autem
1554 3070 1619 3099 eius
1645 3079 1689 3100 so.
1716 3074 1755 3100 st.
1782 3071 1883 3100 admi-

57 3124 195 3156 rabatur.

1910 909 1948 940 10

1907 1276 1947 1307 15

1907 1644 1949 1676 20
