2148 3412
758 127 807 160 IN
831 128 974 162 EPIST.
999 129 1044 170 11,
1072 133 1100 162 1.
1797 122 1876 163 521

56 263 162 303 quae
191 248 275 289 iam
308 248 485 305 [omnia]
518 250 572 290 ad
602 252 886 305 spectaculum
917 252 1189 303 ducebantur,
1224 269 1351 297 naues
1382 270 1549 311 quoque
1581 255 1770 298 deuictae
1802 271 1878 312 per

55 321 257 372 Tiberim,
290 322 362 376 qui
391 337 475 363 non
495 323 622 379 longe
653 323 797 366 aberat
828 341 851 366 a
882 326 1055 368 theatro.

167 396 258 436 193.
309 396 418 451 Capt.
455 405 560 452 port.
603 398 713 438 ebur.
792 398 913 439 Ebur
958 414 1124 454 quoque
1169 401 1381 456 captiuum
1427 412 1465 443 et
1510 419 1610 445 uasa
1657 402 1878 445 Corinthia

55 467 232 523 captiua.
292 468 342 509 In
366 467 569 510 Corintho
590 470 720 510 multa
741 470 965 513 simulacra
987 480 1116 525 erant,
1147 488 1323 527 quorum
1354 477 1521 517 metalla
1551 477 1592 517 in
1623 493 1752 518 unum
1783 485 1878 519 sunt

52 541 236 591 reducta,
269 557 363 583 cum
394 556 486 582 eam
506 542 687 584 Romani
718 543 913 585 incendio
945 555 1214 596 cremassent,
1252 562 1302 588 ex
1333 563 1414 602 quo
1446 557 1588 603 postea
1625 551 1752 592 multa
1773 567 1875 593 uasa

52 614 256 657 fabricata
287 623 393 665 sunt,
438 623 482 656 ut
527 624 697 671 possent
740 618 918 667 transire
962 618 1006 658 in.
1050 633 1249 674 pompam
1294 621 1507 676 triumphi.
1561 632 1766 679 portatur.
1824 624 1876 665 In

51 688 258 729 theatrum
289 689 342 729 ad
372 689 614 730 uidendum.
680 690 904 732 Corinthus.
965 690 1082 746 Opes
1106 690 1314 743 Corinthi,
1347 709 1416 736 aes
1446 693 1711 738 Corinthium
1743 698 1875 753 signi-

51 761 158 811 ficat,
191 769 260 803 aut
290 770 506 818 praetexta
537 770 618 805 est:
653 771 900 818 argumenta
930 764 1086 806 habent
1116 766 1167 806 de
1199 767 1415 808 euersione
1448 766 1654 810 Corinthi.

165 837 256 877 194.
289 837 334 877 Sz‘
360 837 465 891 foret
484 838 526 878 in
548 839 679 885 terris,
712 839 790 878 rid.
811 838 993 879 Democr.
1054 836 1174 880 Ordo
1206 847 1267 881 est
1296 840 1542 882 uerborum:
1578 841 1625 883 Si
1656 844 1760 884 foret
1793 846 1873 885 De-

50 910 238 951 moeritus
268 909 311 950 in
342 910 477 958 terris,
521 898 678 951 ride—ret
712 926 783 952 seu
819 918 1078 952 conuerteret
1114 927 1188 953 ora
1219 913 1336 969 uulgi
1368 915 1568 968 panthera
1600 917 1772 958 confusa
1804 932 1873 959 ca-

49 983 158 1025 melo
186 983 398 1025 diuersum
420 998 574 1039 genus3
597 983 685 1026 siue
707 990 968 1025 conuerteret
988 999 1060 1026 ora
1091 985 1210 1041 uulgi
1241 986 1361 1028 albus
1393 988 1605 1042 elephans,
1639 997 1679 1030 et
1709 998 1875 1045 specta-

49 1063 112 1098 ret
155 1056 245 1111 ipse
286 1057 555 1098 Democritus
599 1057 803 1112 populum
847 1058 1055 1100 adtentius
1091 1058 1193 1112 ipsis
1239 1059 1370 1111 ludis,
1416 1061 1563 1112 idest,
1610 1063 1704 1117 plus
1749 1078 1875 1118 quam

49 1130 162 1186 ipsos
211 1130 344 1181 ludos,
408 1138 551 1186 utpote
597 1130 865 1185 praebentem
911 1131 991 1172 sibi
1036 1133 1278 1186 spectacula
1322 1134 1504 1187 plurima
1548 1136 1675 1177 mimo
1721 1137 1874 1192 aliquo.

51 1201 287 1258 Scriptores
318 1211 459 1245 autem
490 1211 655 1259 putaret
685 1219 857 1245 narrare
888 1204 1072 1245 fabulam
1105 1206 1233 1247 surdo
1265 1207 1406 1257 asello,
1453 1215 1491 1248 et
1523 1216 1582 1249 est
1624 1223 1792 1251 sensus:
1840 1211 1875 1252 si

50 1277 209 1319 adforet
239 1276 509 1318 Democritus
539 1291 752 1333 praesens,
785 1278 885 1318 dum
916 1278 1095 1333 populus
1127 1279 1314 1320 carmina
1346 1287 1647 1336 contempnens
1666 1283 1777 1324 ludis
1807 1284 1871 1324 in-

48 1351 191 1401 tendit,
227 1358 325 1392 tunc
355 1351 512 1392 rideret
541 1366 625 1392 non
655 1358 739 1391 tam
770 1350 965 1392 laudibus
996 1351 1172 1393 scenicis
1203 1352 1415 1395 delectans
1447 1354 1715 1411 (delectatus)
1748 1372 1874 1412 quam

48 1424 165 1466 istius
194 1425 341 1480 populi
361 1424 558 1475 uanitate,
590 1425 633 1464 in
665 1438 748 1478 qua
779 1424 892 1466 omni
924 1424 1051 1466 mimo
1083 1432 1123 1466 et
1153 1426 1322 1468 suauius
1353 1434 1393 1467 et
1422 1427 1556 1469 maius
1588 1430 1873 1484 spectaculum

48 1498 293 1553 repperiret.
328 1497 541 1539 Panthera
555 1497 970 1552 (camelopardalisP)
984 1505 1121 1538 autem
1140 1498 1300 1554 dispari
1318 1514 1418 1541 sexu
1435 1508 1679 1556 procreatur
1697 1517 1747 1544 ex
1764 1519 1870 1559 pan-

48 1571 166 1613 thera
197 1579 237 1613 et
267 1571 439 1621 camelo,
487 1572 594 1613 sicut
623 1571 848 1626 leopardus
889 1585 940 1612 ex
980 1572 1114 1626 parda
1159 1579 1199 1613 et
1229 1573 1362 1624 leone,
1410 1575 1521 1629 quod
1552 1583 1872 1626 monstruosum,

49 1645 154 1687 sicut
183 1653 223 1686 et
253 1645 517 1700 elephantem
548 1644 690 1686 album
720 1644 878 1694 uidere,
911 1659 1005 1686 cum
1036 1646 1283 1687 naturaliter
1325 1647 1448 1702 niger
1479 1649 1541 1689 sit.
1601 1649 1872 1693 Democritus

47 1719 319 1774 philosophus
350 1718 503 1769 omnia,
536 1733 642 1773 quae
672 1718 862 1759 homines
883 1718 1080 1768 facerent,
1115 1719 1273 1774 quippe
1296 1720 1502 1771 morituri,
1536 1722 1673 1764 ridere
1697 1738 1871 1766 consue-

47 1800 176 1834 uerat.
212 1780 417 1847 'Propter
448 1792 560 1846 quod
590 1791 759 1847 publice
791 1806 883 1832 cum
916 1805 965 1832 eo
996 1791 1245 1833 iniuriarum
1277 1802 1416 1835 actum
1448 1802 1519 1836 est.

158 1867 250 1908 202.
289 1867 528 1921 Garqcmwn
559 1867 723 1921 mthe're.
786 1863 982 1916 Quando,
1022 1865 1171 1920 inquit,
1217 1881 1344 1908 uoces
1374 1867 1495 1923 uulgi
1526 1868 1700 1910 uincunt
1744 1886 1871 1913 uoces

47 1939 311 1981 recitantium
340 1940 385 1980 in
415 1953 553 1989 scena,
597 1938 642 1979 fit
672 1945 810 1979 tantus
841 1939 1038 1993 strepitus
1068 1953 1145 1994 per
1174 1940 1348 1991 theatra,
1381 1949 1426 1982 ut
1456 1949 1590 1995 putes,
1622 1957 1698 1997 per
1728 1945 1872 2000 frago-

47 2028 135 2055 rem
169 2027 318 2055 sonare
361 2019 522 2054 montes
553 2010 738 2067 Apuliae
769 2018 809 2052 et
841 2010 1049 2067 Gargani,
1096 2012 1224 2055 siluas
1268 2020 1308 2055 et
1352 2029 1468 2056 mare
1513 2015 1712 2067 Tuscum,
1759 2018 1872 2073 quod
1922 2028 1934 2034 '

48 2087 149 2129 solet
178 2087 361 2128 ualidius
390 2086 482 2127 fieri
512 2100 654 2127 mense
686 2085 896 2127 Ianuario.

159 2162 252 2202 204.
284 2176 317 2217 q.
341 2162 483 2202 oblitus
506 2169 627 2201 actor.
687 2159 738 2200 Id
759 2165 840 2201 est:
873 2159 1058 2214 undique
1090 2174 1191 2201 sono
1222 2161 1416 2216 perfusus
1447 2168 1487 2203 et.
1516 2162 1694 2204 tumultu
1725 2169 1765 2204 et
1794 2164 1869 2204 ad-

47 2234 267 2276 miratione
299 2234 539 2276 bestiarum.

159 2309 251 2349 207.
283 2309 378 2349 lana
413 2308 641 2348 Tarentino.
704 2305 850 2347 Solum
881 2306 960 2348 hoc
989 2306 1138 2361 placet,
1185 2307 1312 2349 uestis
1349 2308 1508 2350 scilicet
1553 2309 1718 2360 actoris,
1766 2325 1869 2365 quo-

47 2380 173 2422 niamv
190 2381 370 2437 populus
401 2379 534 2422 uerba
564 2379 833 2434 contempnit.

184 2510 216 2549 1)
242 2510 305 2538 iam
330 2509 361 2538 b.
388 2508 458 2537 rell.
483 2507 599 2537 onmia.
627 2508 828 2537 ducebantur
852 2516 877 2548 γ.
904 2507 973 2537 rell.
999 2507 1111 2537 adduc.
1139 2526 1181 2528 —
1206 2508 1343 2538 deuictae
1366 2508 1436 2551 γΒφ
1462 2508 1517 2545 (de
1542 2510 1672 2539 uinctae
1697 2510 1744 2547 b).
1771 2515 1869 2548 recte,

47 2574 110 2596 non
133 2566 279 2603 deuectae,
304 2574 407 2603 neque
432 2568 540 2594 uectae.
568 2573 666 2594 naues
692 2564 820 2602 quidem
846 2568 948 2593 uectae
970 2573 1027 2602 per
1052 2573 1101 2593 va.
1127 2574 1225 2595 naues
1263 2566 1392 2604 quidem
1429 2570 1532 2594 ueclas
1567 2566 1631 2595 efh.
1670 2567 1708 2595 Et
1742 2568 1869 2604 quidem

48 2626 153 2652 uectae
179 2622 216 2658 Q,
242 2623 296 2660 qui
322 2622 418 2651 dicit:
443 2621 529 2650 Fort.
555 2621 596 2650 ad
622 2620 647 2650 C
672 2621 922 2650 restituendum:
963 2622 1026 2650 ‘aut
1047 2620 1077 2650 in
1096 2621 1231 2659 pictura,
1269 2626 1319 2651 ant
1342 2626 1375 2651 ut
1403 2623 1531 2659 quidam
1558 2626 1670 2651 uectae
1697 2624 1767 2652 θῒθ.7
1805 2622 1869 2653 Sed

48 2679 126 2709 haec
150 2680 184 2708 in
208 2689 279 2709 mea
303 2679 353 2708 ed.
382 2680 429 2708 sic
453 2679 623 2716 leguntur:
651 2680 717 2707 ‘aut
742 2678 773 2706 in
797 2678 933 2715 pictura,
960 2681 1015 2707 aut
1041 2678 1115 2707 dum
1139 2679 1312 2708 trahuntur
1336 2688 1392 2716 per
1410 2678 1564 2714 Tiberim,
1591 2680 1646 2716 qui
1671 2688 1733 2708 non
1758 2680 1870 2710 aberat

48 2736 155 2773 procul
175 2745 192 2765 a
216 2736 378 2765 Theatro'.
428 2735 464 2773 3)
490 2735 580 2764 Ebur
602 2743 711 2773 quoque
735 2735 783 2776 ‘fb-
810 2734 879 2763 rell.
906 2743 966 2764 om.
992 2743 1113 2772 quoque.
1141 2752 1183 2755 ›—
1208 2744 1287 2764 uasa
1311 2745 1374 2765 cor.
1402 2740 1484 2772 capt.
1510 2736 1558 2776 γὺ.
1585 2735 1654 2764 rell.
1682 2744 1760 2764 uasa
1785 2740 1869 2774 capt.

49 2800 108 2821 cor.
134 2796 261 2830 praeter
279 2791 316 2830 C,
342 2792 397 2830 qui
422 2792 535 2821 habet:
572 2792 729 2829 ‘portatum
756 2791 789 2820 in
813 2791 1039 2828 spectaculum.
1066 2795 1144 2829 capt.
1174 2789 1282 2820 Corint.
1309 2800 1383 2828 opes
1403 2790 1564 2827 Corinthi,
1590 2800 1668 2820 uasa
1686 2790 1870 2830 Corinthia,

50 2851 82 2878 et
106 2849 175 2887 ipsa
198 2850 272 2879 urbs
299 2849 439 2887 depicta.
467 2857 581 2878 sensus
606 2851 711 2877 autem
736 2847 795 2876 θεῖ’
823 2851 879 2876 etc.
941 2847 975 2884 6)
1001 2846 1038 2877 In
1064 2847 1110 2877 th.
1137 2848 1177 2876 ad
1202 2848 1268 2877 uid.
1293 2849 1342 2889 γὶ).
1369 2848 1438 2876 rell.
1464 2857 1524 2876 om.
1553 2847 1638 2885 Opes
1657 2865 1697 2869 —
1717 2847 1870 2879 Corinthi

49 2905 97 2947 γῐ).
115 2906 185 2935 rell.
205 2916 265 2935 om.
293 2906 443 2935 corinthi-i
467 2915 493 2947 γ.
521 2908 576 2934 aut,
602 2905 654 2942 qffi
680 2902 859 2943 (quoniam)
884 2908 984 2941 praet.
1010 2904 1039 2933 b.
1103 2904 1137 2942 9)
1167 2904 1253 2934 Ordo
1280 2922 1321 2925 »-
1347 2908 1394 2933 est
1420 2905 1468 2944 Tb.
1495 2905 1564 2933 rell.
1591 2914 1651 2934 om.
1713 2906 1771 2944 21)
1797 2915 1870 2944 pro-

49 2965 121 2999 pter
145 2962 201 3001 qui
223 2971 249 3005 γ.
313 2963 371 3001 23)
397 2962 533 2998 Quando
557 2978 601 2983 —-
626 2961 772 2990 ianuario
796 2969 822 3002 γ.
842 2961 911 2990 rell.
942 2970 1003 2990 om.
1068 2961 1124 2998 27)
1152 2960 1189 2989 Id
1215 2964 1264 2990 est
1289 2970 1347 2990 orn.
1374 2969 1399 3001 γ.
1425 2959 1529 2989 oblitus
1553 2965 1647 2990 actor.
1675 2961 1800 2991 inditus
1826 2962 1869 2991 al.

50 3019 189 3057 undique
213 3028 284 3049 sono
303 3028 489 3057 persususus
516 3016 594 3057 (sic)
618 3027 645 3059 γ.
675 3017 822 3055 perfusus
847 3026 918 3046 sono
944 3021 975 3047 et
988 3016 1052 3059 Βφ.
1078 3026 1182 3046 somno
1200 3015 1436 3055 (Q).pr0susus
1462 3016 1568 3045 vcafh.
1589 3018 1740 3055 perfusus
1767 3017 1794 3052 Q
1821 3018 1870 3047 di-

51 3084 139 3106 cens:
167 3075 351 3107 ‘Caeterum
375 3077 455 3105 haec
479 3078 628 3112 corrupta
652 3075 806 3104 uidentur
831 3074 920 3103 esse.⁷
954 3073 1037 3103 conf.
1065 3072 1106 3103 C:
1143 3072 1258 3102 oblitus.
1297 3073 1438 3109 indutus,
1477 3073 1568 3110 quasi
1604 3074 1801 3104 circumlitus
1839 3078 1870 3104 et

51 3133 321 3164 commaculatus.⁷
347 3132 401 3177 Βφ
426 3132 510 3163 nihil
534 3132 658 3162 habent
680 3132 763 3162 nisi:
789 3135 883 3162 actor.
909 3141 934 3162 s.
959 3130 1206 3162 comoediarum.
1255 3129 1313 3169 28)
1338 3129 1477 3160 auctoris
1502 3138 1529 3172 γ.

1924 560 1941 589 5

1900 926 1941 957 10

1899 1293 1940 1324 15
