2148 3412
257 98 337 137 612
885 100 991 132 ACR.
1021 100 1079 131 ET
1108 99 1272 132 PORPH.
1298 98 1445 131 COMM.

258 228 458 286 paulatim
491 226 639 267 dextra
669 224 873 279 laeuaque
903 222 1106 265 addentes
1136 221 1370 277 ponebant3
1424 222 1467 262 in
1497 221 1727 278 tragoediis
1771 220 1940 263 satirica
1984 220 2081 261 dra-

258 311 381 351 mata,
427 301 471 341 in
501 299 667 354 quibus,
713 298 830 340 salua
860 297 1077 339 maiestate
1118 295 1352 352 grauitatis,
1399 294 1513 337 iocos
1558 294 1807 336 exercebant
1853 293 2082 336 secundum

260 373 424 417 Cratini
456 372 771 414 institutionem.
851 370 892 412 Is
924 370 1034 412 enim
1071 369 1246 424 primus,
1292 368 1503 424 Dionysia
1532 369 1631 410 dum
1676 376 1825 418 essent,
1872 367 2082 409 satiricam

257 447 442 489 fabulam
474 445 656 494 induxit3
689 444 772 485 alia
793 450 930 485 autem
953 443 1081 485 satira
1103 449 1163 485 cst
1184 442 1257 484 illa
1278 443 1467 492 mordaX‚
1498 449 1543 483 ut
1562 441 1734 493 Lucilii,
1765 440 1948 491 Horatii,
1978 439 2084 481 Per-

191 535 208 561 5
258 521 321 568 sii,
353 519 581 561 quenalis.
642 517 737 559 Hae
770 524 908 558 autem
939 516 1105 558 fabulae
1137 515 1330 557 satiricae
1360 515 1569 565 dicuntur,
1608 523 1652 556 ut
1682 515 1868 570 tragicae
1901 520 1940 554 ct
1961 512 2085 555 comi·
2117 550 2120 554 .

258 609 343 636 cae.
406 593 568 635 Hdz'bus
600 598 739 633 autem
771 592 939 632 seueris:
972 589 1161 645 probatis
1191 589 1245 630 ad
1267 603 1386 630 sacra
1407 588 1677 638 necessariis3
1710 603 1808 628 nam
1828 601 1935 642 quae
1957 585 2086 628 sacris

258 666 580 715 adhibebantur,
621 679 705 706 non
736 669 853 705 erant
883 662 1009 713 fluxo,
1043 678 1124 717 quo
1172 662 1252 719 [ut]
1286 676 1397 704 nunc
1428 669 1521 703 sunt
1567 676 1682 712 sono,
1729 661 1815 711 sed,
1861 669 1905 702 ut
1950 667 2085 710 antea,

259 748 424 784 austero
457 746 495 781 et
527 737 724 794 simplici.

372 816 466 856 217.
500 813 599 854 tulit.
661 810 840 860 Adtulit,
874 810 942 851 uel
973 809 1157 864 protulit.

197 900 233 931 10
372 889 572 945 eloqw'wn
600 886 815 928 insolitum.
880 883 1139 940 [Insolitum]
1173 882 1224 924 Id
1255 890 1328 934 est,
1360 898 1516 925 nouum
1549 882 1776 936 eloquium,
1825 881 1887 938 [id
1919 888 1992 932 est,
2023 881 2089 922 in-

260 961 445 1017 solitam]
479 975 632 1002 nouam
664 958 959 1013 eloquentiam,
1006 958 1084 999 hoc
1115 965 1189 1007 est,
1235 957 1423 998 inflatam
1456 964 1496 997 et
1525 971 1609 998 non
1639 955 1869 1011 propriam.
1927 954 1978 995 Id
2009 960 2087 996 est:

260 1037 319 1078 sic
352 1034 430 1092 [et]
464 1033 662 1076 facundia
693 1033 860 1088 dilapsa
889 1038 951 1073 est
994 1031 1037 1072 in
1081 1031 1391 1086 loquacitatem,
1438 1036 1477 1071 et
1525 1029 1655 1086 [facta
1685 1036 1747 1071 est
1775 1028 1945 1086 uitiosa]
1992 1029 2091 1070 fecit

255 1110 525 1166 praecipitem,
558 1108 637 1149 hoc
668 1113 742 1157 est,
773 1106 982 1148 uitiosam.
1044 1104 1185 1161 [Tunc
1215 1104 1326 1146 enim
1372 1111 1600 1159 coeperunt
1643 1102 1822 1144 facunde
1868 1101 2007 1157 eloqui
2051 1109 2090 1143 et

260 1183 442 1238 amplius
463 1180 615 1238 solito]
655 1181 854 1235 facundia
872 1193 1077 1236 praeceps.
1111 1179 1333 1220 Facundia.
1358 1177 1458 1233 [est]
1481 1176 1669 1218 Iocunda
1690 1175 1947 1231 eloquentia3
1979 1175 2091 1217 unde

199 1268 234 1299 15
260 1257 468 1312 facundus
500 1256 586 1297 fatu
618 1254 835 1296 iocundus.
897 1251 984 1294 Sed
1013 1252 1210 1307 facundia
1234 1265 1430 1308 praeceps
1460 1257 1533 1298 est,
1579 1263 1870 1305 quaecumque
1902 1264 1997 1290 cum
2026 1249 2090 1290 in-

262 1330 378 1387 genti
409 1329 568 1383 impetu
598 1328 740 1369 fertur.
803 1325 1090 1383 [Eloquentia,
1123 1339 1230 1379 quae
1261 1331 1386 1365 antea
1416 1323 1655 1366 necessaria
1677 1330 1764 1364 erat
1785 1329 1823 1364 et
1843 1322 1958 1365 utilis
1980 1308 2093 1365 circa

261 1403 547 1460 prouisionem
577 1401 824 1449 futurorum,
857 1399 995 1455 coepit
1024 1398 1277 1440 furibundae
1308 1404 1346 1439 et
1368 1396 1606 1453 Delphicae
1634 1396 1783 1439 similis
1804 1411 1907 1447 esse,
1939 1396 2092 1439 amissa
2146 1399 2148 1438 j

261 1474 580 1531 moderatione]

375 1551 470 1592 218.
505 1549 740 1605 Utz'lz'umque
770 1562 911 1603 saqaoe.
974 1545 1045 1602 [Id
1074 1545 1153 1602 est]
1187 1544 1425 1600 perspicax,
1456 1544 1681 1586 inuentiix.
1740 1543 1923 1586 Utilium
1952 1558 2116 1586 rerum
2147 1564 2148 1582 3

195 1634 236 1666 20
263 1639 393 1679 sagax
424 1622 692 1678 philosophia
722 1620 963 1677 prouisione
997 1618 1284 1676 [philosophia
1313 1624 1485 1673 propter
1514 1617 1818 1675 prouisionem]
1860 1619 2115 1660 futurorum
2147 1636 2148 1659 1

261 1697 375 1740 utilis
407 1704 509 1747 erat,
547 1695 683 1750 coepit
714 1693 943 1737 furibunda
972 1692 1198 1747 Delphicis
1229 1691 1510 1747 (responsis?)
1542 1691 1692 1734 similis
1719 1706 1821 1733 esse.

377 1772 518 1812 diuina
546 1771 690 1824 futuri.
750 1767 801 1809 Id
833 1774 912 1810 est:
960 1781 1106 1823 gnara.
1181 1766 1457 1807 Prudentiam
1503 1765 1591 1807 siue
1636 1765 1947 1822 philosophiam
1992 1765 2094 1808 dicit

264 1844 461 1886 enituisse
493 1843 644 1893 studio,
676 1856 784 1898 quae
815 1841 874 1882 ita
903 1841 1043 1883 futura
1072 1839 1308 1895 praeuidet,
1338 1845 1381 1880 ut
1413 1839 1630 1881 diuinatio.
2112 1826 2114 1837 γ

381 2035 413 2073 1)
441 2034 602 2073 draymata
627 2041 643 2073 γ
668 2031 753 2062 Med.
803 2032 837 2070 2)
866 2031 899 2059 in
925 2039 984 2060 om.
1004 2029 1041 2059 G.
1091 2032 1126 2068 3)
1153 2030 1238 2059 dion.
1265 2030 1332 2058 ath.
1356 2038 1382 2070 γ.
1409 2029 1476 2059 rell.
1504 2029 1582 2059 Ath.
1609 2030 1778 2069 Dionysia.
1797 2046 1834 2050 ‹——-
1863 2029 1937 2059 dum
1963 2029 2116 2060 caneret!

264 2093 304 2122 N.
331 2092 400 2121 rell.
428 2091 459 2120 d.
487 2094 606 2120 essent.
657 2088 692 2127 4)
720 2088 826 2119 Oratii
852 2097 876 2129 γ.
899 2088 968 2117 rell.
988 2096 1047 2116 om.
1097 2087 1132 2125 5)
1159 2086 1229 2115 Hae
1253 2095 1370 2127 *s,rvca.
1398 2086 1466 2115 rell.
1494 2087 1583 2116 Ilaec.
1609 2090 1640 2116 ut
1664 2096 1743 2116 com.
1769 2086 1805 2122 Q.
1831 2090 1860 2116 et
1882 2096 1942 2116 om.
1967 2088 2007 2117 N.
2057 2058 2118 2126 6)ί

264 2149 399 2178 Fidibus
425 2166 463 2169 —
494 2147 635 2185 simplici
661 2155 721 2175 om.
748 2144 787 2175 G.
837 2145 871 2184 7)
898 2145 985 2173 fluxo
1010 2147 1037 2173 et
1059 2142 1141 2173 molli
1164 2142 1198 2173 C.
1225 2152 1286 2181 quo
1311 2152 1338 2184 γ.
1364 2143 1434 2172 rell.
1464 2146 1508 2173 ut.
1535 2143 1591 2172 sed
1615 2147 1650 2173 ut
1675 2153 1735 2173 om.
1760 2153 1787 2185 γ.
1814 2146 1863 2173 set
1888 2146 1971 2172 aust.
1995 2153 2022 2186 γ.
2048 2110 2119 2173 ‹tt—i

264 2214 318 2244 que
343 2205 435 2243 simp.
462 2202 497 2233 C.
563 2205 597 2241 9)
623 2202 749 2232 Attulit
773 2201 821 2231 uel
844 2204 925 2239 prot.
951 2199 1007 2242 γΟ.
1034 2200 1174 2230 Protulit
1198 2200 1228 2229 N
1251 2199 1336 2229 Med.
1364 2199 1491 2237 G,rvca.
1517 2200 1664 2237 Protulit,
1689 2200 1801 2230 attulit
1825 2198 1985 2239 th<G?).
2037 2199 2093 2240 10)
2110 2171 2121 2265 ἰ

264 2261 436 2292 Insolituin
460 2269 520 2290 om.
546 2269 572 2301 γ.
598 2259 635 2288 Id
661 2263 711 2288 est
736 2267 851 2288 nouam
877 2267 903 2299 γ.
929 2257 999 2287 rell.
1025 2267 1085 2287 om.
1108 2257 1195 2286 --id
1221 2260 1280 2294 est,
1307 2257 1472 2286 insolitam
1497 2266 1558 2286 om.
1583 2266 1610 2298 γ.
1636 2266 1752 2286 nouam
1776 2266 1804 2299 γ.
1831 2257 1899 2286 rell.
1925 2267 1985 2287 om.
2011 2257 2093 2287 conf.
2118 2278 2119 2281 η
2143 2271 2145 2276 «

266 2318 310 2347 C:
339 2316 505 2346 ‘insolitum
531 2325 647 2346 nouam
672 2315 902 2354 eloquentiam,
928 2314 1072 2343 inflatam
1098 2318 1130 2343 et
1154 2313 1369 2351 impropriam.
1389 2323 1547 2352 praeceps.
1574 2313 1671 2344 uelox
1689 2313 1730 2343 ad
1747 2314 1985 2344 inuentionem.’
2038 2314 2092 2353 11)

265 2383 329 2404 non
354 2373 470 2402 solitam
494 2372 534 2401 N.
572 2371 608 2401 Id
634 2375 683 2401 est
707 2381 733 2413 γ.
759 2371 829 2400 rell.
854 2380 913 2400 om.
952 2374 982 2400 et
1008 2380 1069 2400 om.
1096 2379 1123 2411 γ.
1191 2370 1246 2409 12)
1274 2370 1397 2408 dilapsa
1421 2379 1446 2412 γ.
1485 2370 1594 2408 elapsa
1618 2379 1684 2400 vca.
1710 2371 1954 2409 eloquacitatem
1978 2380 2025 2400 rv.
2052 2387 2093 2391 —-
2116 2383 2118 2386 >
2144 2386 2148 2387 ν

263 2430 350 2461 facta
376 2434 423 2460 est
448 2430 569 2459 uitiosa
594 2438 654 2459 om.
679 2438 707 2470 γ.
734 2431 783 2458 est
808 2437 866 2458 om.
894 2427 998 2457 vcafh.
1025 2428 1101 2457 fecit
1115 2428 1323 2456 ——uitiosam
1347 2436 1374 2468 γ.
1401 2427 1469 2456 rell.
1497 2437 1556 2456 om.
1582 2427 1673 2457 Tunc
1698 2445 1731 2447 -›
1751 2427 1847 2457 solito
1873 2437 1932 2456 om.
1959 2436 1984 2468 γ.
2037 2427 2091 2466 14)
2142 2449 2146 2453 ,

263 2487 430 2517 Facundia
455 2495 606 2524 praeceps
644 2495 708 2515 non
733 2485 849 2514 lemma
874 2488 923 2513 est
950 2485 981 2513 in
1007 2483 1091 2513 cafh.
1120 2501 1159 2504 ἢ
1186 2487 1233 2513 est
1258 2493 1318 2513 om.
1346 2492 1371 2525 γ.
1410 2485 1466 2513 loc.
1493 2481 1665 2526 -f,1·(G‘?Q).
1691 2484 1759 2513 rell.
1787 2484 1846 2513 iuc.
1916 2484 1970 2523 15)
1996 2493 2092 2523 quae·
2142 2499 2145 2504 ·

263 2552 384 2582 cumque
420 2552 490 2572 cum
515 2552 542 2584 γ.
569 2542 638 2571 rell.
676 2550 755 2580 quae
781 2550 863 2570 cum.
880 2557 920 2560 ψ
972 2541 1027 2578 16)
1054 2540 1250 2579 Eloquentia
1274 2558 1315 2561 -—
1342 2541 1565 2570 moderatione
1589 2550 1649 2571 om.
1674 2550 1701 2582 γ.
1740 2541 1832 2578 Eloq.
1870 2550 1950 2578 quae
1989 2539 2090 2579 G(Q).
2116 2546 2117 2550 ¹
2142 2556 2144 2560 ·

264 2600 359 2639 Eloq.
385 2608 497 2638 quoque
522 2607 602 2637 quae
628 2598 732 2635 N‚1·fh.
759 2597 850 2635 Eloq.
878 2606 1070 2635 quamquam
1095 2597 1191 2633 Med„
1229 2606 1410 2636 quanquam
1435 2606 1484 2626 va.
1522 2601 1590 2626 ante
1614 2607 1638 2626 r.
1663 2597 1732 2627 rell.
1769 2601 1866 2626 antea.
1935 2596 1990 2635 17)
2016 2597 2092 2626 furi-

264 2656 388 2686 bundae
414 2664 495 2685 omn.
523 2655 608 2684 libri.
636 2653 763 2690 delfieae
788 2663 811 2682 r.
837 2654 906 2683 rell.
933 2654 1039 2691 delph.
1093 2654 1148 2692 19)
1174 2654 1210 2683 Id
1237 2658 1284 2683 est
1310 2664 1372 2684 om.
1396 2664 1442 2696 ·(‚r
1468 2659 1500 2684 et
1524 2654 1560 2691 C,
1587 2655 1642 2692 qui
1667 2655 1784 2684 habet:
1821 2663 1926 2693 sayna).
1947 2653 2090 2692 prouida,
2107 2667 2113 2679 ν
2140 2670 2148 2675 -

265 2723 383 2752 persp„
422 2713 601 2742 inuentrix.
632 2729 667 2732 ——
696 2714 768 2749 post
805 2711 932 2749 glossas
966 2719 1069 2749 persp.
1106 2711 1166 2741 ima.
1194 2712 1308 2749 incipit
1346 2711 1491 2741 scholion
1516 2712 1548 2740 in
1572 2720 1599 2753 γ.
1630 2711 1700 2740 rell.
1726 2719 1789 2740 non
1815 2711 2032 2749 distinguunt.
2056 2720 2090 2740 r:

264 2771 401 2800 Utilium
427 2778 532 2808 sagax
557 2769 728 2799 inuentrix
754 2767 797 2798 Et
822 2769 936 2797 diuina
960 2767 1061 2797 futuri
1088 2769 1165 2806 phia
1189 2778 1269 2807 quae
1294 2785 1335 2789 -—
1362 2768 1531 2797 diuinatio.
1556 2777 1634 2797 vca:
1673 2767 1703 2796 ⁴i.
1735 2768 1901 2797 inuentrix
1935 2776 2036 2807 quara
2060 2770 2092 2796 et.

265 2827 374 2856 diuina
398 2825 457 2856 fut.
484 2827 553 2855 siue
581 2826 679 2864 (sicut
704 2826 754 2864 ca)
780 2824 986 2863 philosophia
1010 2834 1090 2863 quae
1121 2842 1156 2846 -—
1184 2826 1366 2855 diuinatio.'
1402 2824 1481 2859 th:
1509 2833 1613 2862 persp.
1641 2824 1807 2853 inuentrix
1831 2824 1902 2853 util.
1928 2833 1988 2853 rer.
2013 2823 2090 2862 phil·
2118 2811 2119 2814 Ἰ

266 2887 393 2920 propter
433 2883 650 2920 prouisionem
686 2881 876 2911 futurorum.
915 2881 1019 2910 diuina
1044 2880 1153 2919 futuri
1177 2899 1216 2902 —
1243 2886 1278 2911 ut
1307 2882 1477 2911 diuinatio.
1541 2881 1599 2920 20)
1625 2889 1692 2918 sag.
1728 2881 1809 2919 phil.
1847 2880 2030 2918 prouisione
2063 2888 2089 2921 γ.
2140 2888 2143 2913 i

267 2938 335 2967 rell.
354 2948 414 2967 om.
441 2940 529 2968 utilis
547 2938 588 2967 acl
604 2938 780 2968 futurorum
805 2938 1022 2976 prouisionem
1041 2937 1076 2967 C.
1107 2938 1185 2976 phil.
1213 2942 1342 2977 propter
1367 2938 1583 2976 prouisionem
1608 2937 1797 2967 futurorum.
1823 2933 1981 2976 th(G‘?).
2032 2935 2089 2974 21)
2141 2957 2145 2971 ·.

267 2995 356 3023 utilis
384 3004 410 3023 e.
438 3006 463 3023 c.
489 2995 661 3025 furibunda
686 2994 840 3033 delphicis
865 2995 978 3024 similis
1005 3003 1072 3023 esse
1098 3004 1122 3036 γ.
1150 2995 1219 3024 rell.
1247 3005 1309 3025 om.
1349 2995 1474 3024 seruaui
1500 2993 1665 3031 Delphicis
1682 2993 1804 3022 addens
1821 2992 1981 3030 responsis.
2007 2990 2089 3022 conf.
2139 3001 2148 3027 :i

267 3051 337 3093 Βφε
364 3051 533 3090 ‘Sortilessis
557 3051 639 3090 deffis
664 3052 743 3081 dicit
775 3052 925 3090 apollinis
953 3051 1125 3090 responsis)
1164 3051 1247 3082 conf.
1275 3052 1312 3081 C:
1350 3050 1484 3090 Delphis.
1508 3050 1700 3088 Apollineis,
1725 3048 1907 3087 Delphicis.
1972 3049 2028 3087 22)
2055 3047 2090 3078 Id
2139 3064 2148 3069 =

269 3111 317 3136 est
343 3124 383 3127 —
408 3112 439 3136 ut
462 3108 620 3138 diuinatio
644 3108 752 3149 ⁴s,th.
803 3109 859 3147 23)
878 3108 1034 3146 prouidet
1059 3107 1130 3137 NG.
1157 3109 1225 3137 rell.
1252 3117 1358 3145 prcceu.
1382 3107 1462 3137 sicut
1488 3115 1572 3136 rvca.
