2148 3412
226 897 268 930 10

227 1265 267 1296 15

225 1633 244 1662 2
248 1632 266 1663 Ο

295 99 375 139 636
931 108 1036 141 Aen.
1062 109 1120 141 ΕΤ
1145 108 1313 142 PORPH.
1340 108 1489 142 COMM.

294 231 485 279 sectione,
522 245 606 272 non
643 230 794 286 placet,
835 231 924 272 sine
962 247 1043 286 quo
1082 239 1273 286 poemate
1311 246 1377 274 res
1417 232 1631 274 hominum
1672 238 1866 287 poterant
1903 232 2117 287 explicari.

294 305 308 359 11
340 303 708 356 Quemadmodum
739 304 847 345 inter
877 305 1092 359 opulentia
1124 305 1170 359 (l.
1192 304 1410 360 opulenta)
1441 314 1481 345 et
1511 305 1690 346 iocunda
1722 306 1917 347 conuiuia
1947 305 2121 346 offendit

292 384 363 418 aut
401 391 588 418 crassum
627 384 901 432 unguentum,
938 385 1007 418 aut
1048 378 1181 419 malus
1224 385 1381 428 cantor,
1422 385 1493 419 aut
1522 379 1634 419 mala
1664 378 1871 433 placenta,
1909 378 1967 420 ita
1996 393 2148 421 nemo

293 449 448 505 patitur
486 450 642 491 malum
679 457 859 505 poetam,
900 451 1001 505 quia
1031 465 1178 506 poema
1215 458 1360 492 natum
1399 458 1461 493 est
1490 452 1544 492 ad
1574 451 1842 493 delectandos
1871 451 2072 493 homines.
2106 449 2148 508 11

293 524 529 579 symphonia
566 524 728 566 discors.
788 524 838 565 Id
878 531 951 575 est,
989 524 1090 566 mali
1129 531 1343 574 cantores3
1381 525 1632 580 symphonia
1662 532 1722 566 est
1754 532 1980 568 concentus
2011 514 2148 588 can-i

293 605 440 638 torum.
2146 652 2148 664 A

406 672 500 712 375.
534 670 752 726 [crassum.
811 670 918 712 Mali
948 671 1107 720 odoris3
1150 687 1249 713 nam
1278 678 1323 713 ut
1353 672 1489 713 lenem
1521 672 1692 714 odorem
1724 672 1902 714 dicimus
1934 686 2118 723 suauem,
2146 671 2148 730 1

292 744 350 785 ita
386 750 424 785 et
462 758 649 786 crassum
688 744 876 801 malum]
946 746 1091 787 Sardo.
1153 744 1398 802 [Sardiaco]
1441 744 1554 797 Quia
1596 744 1779 787 Sardum
1823 745 1999 802 [autem]
2038 735 2148 815 ηἶέ11

292 833 482 859 amarum
514 826 587 860 est.
650 820 835 875 Papauer
865 826 1001 860 autem
1033 819 1172 875 posuit
1203 833 1279 874 pro
1310 820 1517 875 placenta.

406 893 500 933 376.
533 891 636 948 [sine
683 894 782 934 istis.
843 890 946 934 Sine
977 892 1161 934 discordi
1192 893 1443 948 symphonia
1473 900 1514 934 et
1544 892 1634 934 sine
1665 907 1805 935 crasso
1835 900 2051 948 unguento
2081 901 2122 934 et

292 965 538 1022 papauere]

405 1040 500 1079 377.
531 1040 734 1081 iuucmdis.
765 1038 1056 1082 Delectandis.

405 1113 500 1153 378.
533 1113 580 1154 δι’
600 1113 776 1168 paulum
807 1128 959 1155 summo
983 1115 1155 1156 decessit.
1217 1112 1265 1155 Si
1296 1113 1508 1155 modicum
1541 1128 1565 1154 a
1600 1112 1857 1168 perfectione
1887 1113 2120 1164 recesserit,

292 1186 336 1226 fit
366 1200 517 1242 poema
547 1187 788 1242 pessimum,
821 1187 864 1228 id
896 1195 979 1229 est:
1027 1187 1062 1229 si
1092 1187 1292 1242 exiguum
1323 1187 1540 1228 recesserit
1572 1201 1596 1228 a
1627 1186 1877 1237 summitate,
1908 1187 2047 1243 uergit
2076 1188 2119 1228 in

293 1259 454 1300 uitium.
515 1262 646 1314 uerqz‘t
675 1268 827 1311 autem,
859 1260 902 1301 id
934 1268 1008 1310 est,
1040 1261 1150 1316 perit
1181 1260 1429 1316 (displicet).

406 1334 499 1375 379.
537 1335 690 1376 Ludere
720 1336 790 1390 qui
816 1336 951 1377 nescit.
993 1333 1185 1387 Quilibet
1204 1334 1410 1389 inperitus
1440 1333 1704 1375 uerecundus
1735 1334 1872 1389 magis
1903 1340 1965 1375 est
1994 1348 2140 1388 quam=

292 1413 427 1461 poeta.

405 1481 499 1522 380.
533 1481 720 1522 trech-lue.
782 1480 986 1539 [Troclea]
1009 1481 1059 1522 Id
1081 1489 1154 1532 est,
1188 1480 1444 1535 quaternarii
1453 1497 1462 1530 ;
1488 1496 1586 1522 nam
1609 1481 1767 1523 trochos
1787 1488 1939 1522 uocant
1963 1479 2120 1523 Graeci

292 1554 595 1608 quaternarios,
626 1561 693 1596 aut
726 1555 864 1603 trochi,
910 1555 954 1596 id
984 1562 1058 1604 est,
1102 1561 1231 1606 rotae,
1278 1569 1404 1609 quam
1435 1554 1641 1596 currendo
1672 1554 1791 1610 pueri
1826 1554 2002 1611 [scutica
2031 1555 2118 1612 uel]

292 1627 417 1683 uirga
447 1635 612 1684 regunt.

404 1702 499 1743 381.
531 1702 590 1744 Ne
605 1703 754 1758 spissae
769 1703 900 1744 risum
916 1703 1061 1744 tollant
1075 1704 1225 1759 inpune
1242 1716 1424 1745 coronae.
1493 1701 1558 1743 Ne
1590 1702 1725 1743 rideat
1756 1708 1895 1744 coetus
1926 1709 2119 1757 spectan-

291 1775 408 1825 tium,
445 1775 517 1829 qui
537 1775 581 1815 in
603 1774 921 1817 similitudinem
944 1790 1122 1818 coronae
1141 1776 1420 1833 [ludentibus]
1441 1775 1734 1817 circumdatur.
1808 1775 1873 1817 Ne
1890 1802 1943 1805 —
1959 1778 2118 1833 inpune.

291 1847 377 1890 Pro
407 1848 568 1897 merito,
598 1848 644 1890 id
674 1856 757 1891 est:
789 1848 979 1905 Populus
1010 1850 1045 1891 is
1075 1849 1233 1905 inpune
1263 1849 1384 1900 ridet,
1417 1849 1489 1904 qui
1519 1857 1631 1891 recte
1661 1856 1852 1891 mouetur
1882 1849 1936 1891 ad.
1974 1849 2116 1892 risum.

432 1983 464 2021 1)
490 1983 560 2012 sine
588 2000 627 2004 —
654 1983 812 2021 explicari
838 1993 896 2013 om.
923 1983 1015 2026 Boc.
1042 2002 1084 2004 >—
1110 1987 1235 2021 poterat
1259 1983 1415 2021 explicari
1442 1992 1509 2011 vca.
1539 1982 1653 2020 poterit
1676 1983 1836 2021 explicare
1861 1983 1901 2015 N.
1951 1985 1985 2022 5)
2011 1983 2047 2013 Id
2072 1987 2120 2014 est

291 2048 317 2081 γ.
342 2039 411 2069 rell.
437 2048 496 2068 om.
517 2056 556 2060 —
576 2039 759 2078 Symphonia
784 2041 987 2076 uocabulum,
1014 2041 1064 2069 cui
1089 2045 1216 2078 praeter
1240 2040 1413 2069 Horatium
1438 2044 1470 2068 et
1495 2038 1604 2068 Cicero
1630 2043 1661 2068 et
1686 2039 1811 2068 Plinius
1838 2040 1958 2078 aliique
1983 2041 2119 2079 scripto-

292 2105 343 2125 res
369 2095 477 2124 Latini
504 2096 669 2125 ciuitatem
695 2096 865 2132 dederunt,
893 2096 920 2131 Q
947 2097 977 2125 h.
1005 2097 1023 2125 l.
1051 2097 1201 2127 inmerito
1227 2097 1328 2126 literis
1356 2095 1487 2125 Graecis
1514 2097 1648 2126 seribere
1674 2096 1798 2133 maluit,
1824 2096 1857 2125 in
1884 2096 2005 2127 scholio
2030 2097 2072 2126 ad
2088 2106 2118 2126 u.
2146 2104 2148 2123 1

294 2153 356 2181 376
384 2152 521 2182 Latinis.
549 2156 725 2182 conuentus
750 2162 776 2195 γ.
816 2156 990 2182 concentus
1016 2157 1185 2183 cantorum
1210 2152 1329 2191 N,th.
1351 2151 1446 2182 conc.
1473 2156 1617 2182 cantuum
1642 2152 1727 2181 Med.
1765 2156 1911 2182 contemta¹
1938 2153 2016 2191 (sic)
2044 2162 2117 2183 can-

291 2213 398 2239 torum
423 2219 447 2238 r.
474 2213 646 2239 concentus
671 2213 779 2239 cantor
802 2219 833 2238 v.
860 2208 1046 2247 Concenlor,
1073 2214 1181 2239 cantor
1206 2219 1252 2239 ca.
1280 2210 1360 2239 conf.
1388 2208 1431 2239 C:
1468 2208 1653 2247 symphonia.
1681 2208 1800 2238 dicitur
1825 2211 2052 2247 consonantia3
2076 2210 2118 2239 si-

292 2269 346 2295 cut
370 2270 481 2296 contra
505 2263 659 2308 διαφωνία
678 2265 758 2303 (uox
778 2276 841 2296 non
859 2266 947 2306 Lat.)
966 2267 1178 2297 dissonantia.
1227 2267 1261 2306 7)
1287 2276 1477 2296 crassum——
1497 2266 1616 2295 malum
1641 2274 1700 2295 om.
1726 2273 1752 2306 γ.
1779 2266 1861 2294 conf.
1889 2265 1932 2296 C:
1960 2268 2115 2296 ‘cras-sum.
2145 2274 2148 2296 i

291 2323 366 2351 mali
392 2323 517 2352 odoris:
546 2331 619 2352 nani
643 2326 680 2352 ut
703 2323 775 2352 lene
801 2323 937 2353 dicimus
963 2324 1047 2361 quod
1065 2333 1162 2353 suaue
1181 2328 1239 2359 est,
1267 2333 1284 2352 a
1300 2323 1461 2359 leniendo,
1488 2323 1534 2351 ita
1551 2331 1693 2352 erassum
1711 2323 1876 2360 ingratum
1894 2323 2116 2352 nominamus)
2145 2330 2148 2355 1

293 2380 328 2418 8)
355 2379 465 2408 Sardo.
491 2378 562 2416 quia
586 2379 714 2408 sardum
740 2379 803 2408 mel
828 2388 968 2408 amarum
995 2383 1044 2408 est
1069 2388 1095 2421 γ,
1123 2390 1182 2410 om.
1212 2379 1360 2409 Sal-diaco
1387 2379 1601 2418 (adiectiuum
1627 2388 1689 2408 non
1707 2379 1810 2416 magis
1830 2378 1899 2408 Lat.
1926 2389 2019 2418 quam
2045 2379 2117 2409 Sar·
2146 2377 2148 2416 j

292 2434 377 2464 (laico
403 2436 435 2464 in
458 2434 522 2475 fh).
561 2436 635 2473 quia
659 2445 686 2477 γ.
714 2435 784 2464 rell.
810 2445 869 2464 om.
897 2440 1003 2466 autem
1029 2446 1087 2465 om.
1113 2445 1139 2478 γ.
1166 2436 1301 2466 Sardum
1317 2454 1355 2457 μ
1372 2441 1419 2465 est
1444 2446 1503 2465 om.
1529 2435 1614 2465 Med.
1642 2435 1800 2471 NG,rvca.
1826 2436 1906 2466 conf.
1935 2435 1977 2466 C:
2004 2435 2115 2466 Sardo.
2146 2425 2148 2430 Ι

292 2492 408 2520 amaro‘
436 2496 494 2521 etc.
546 2492 602 2530 10)
631 2492 929 2530 sine—papauere
954 2502 1012 2522 om.
1039 2502 1064 2533 γ.
1092 2493 1162 2522 sine
1187 2493 1288 2523 cordis
1313 2493 1440 2532 symph.
1467 2493 1506 2522 N.
1558 2492 1612 2530 14)
1639 2493 1659 2522 i.
1686 2502 1712 2534 γ.
1730 2493 1799 2522 rell.
1818 2502 1879 2522 om.
1931 2492 1985 2531 15)
2011 2497 2116 2523 autem
2146 2522 2148 2527 ,

293 2549 312 2577 i.
339 2557 366 2589 γ.
386 2548 455 2577 rell.
473 2557 534 2578 om.
561 2549 711 2586 displicet
737 2547 782 2578 fh.
808 2549 878 2578 rell.
904 2559 964 2579 om.
990 2567 1019 2569 ᾉ-
1042 2548 1079 2577 In
1105 2558 1121 2590 γ
1150 2551 1162 2578 1
1190 2559 1231 2578 m.
1260 2550 1390 2587 insuper
1416 2549 1518 2578 adscr.
1545 2549 1701 2587 glossam:
1729 2550 1836 2587 uergit
1861 2548 1957 2587 (corr.
1982 2550 2114 2588 uerget).
2145 2550 2148 2579 Ι

292 2604 477 2642 displicebit.
530 2605 585 2643 16)
612 2606 715 2644 magis
741 2610 789 2635 est
814 2614 839 2646 γ.
865 2605 935 2634 rell.
962 2610 1009 2635 est
1035 2615 1095 2635 ma.
1148 2608 1202 2646 18)
1229 2607 1249 2636 i.
1277 2607 1472 2645 quaternarii
1488 2625 1527 2628 —
1543 2610 1598 2636 aut
1624 2606 1728 2636 trochi
1745 2616 1773 2648 γ.
1800 2615 1872 2636 nam
1891 2607 1926 2636 ti.
1953 2616 2001 2645 gr.
2027 2610 2114 2646 quat.
2144 2616 2148 2641 ¹.

292 2670 360 2690 uoc.
386 2664 440 2689 aut
465 2660 551 2690 Med.
577 2660 736 2699 NG,rvca.
762 2671 822 2691 om.
848 2661 923 2697 th.
954 2662 1175 2695 Quaternarius
1199 2672 1255 2701 pro
1281 2660 1499 2704 τετράκναμος
1522 2659 1650 2706 τροχός,
1688 2663 1719 2691 id
1746 2666 1806 2699 est,
1837 2667 1906 2692 rota
1931 2663 1988 2693 illa
2013 2664 2115 2693 ferrea
2143 2651 2148 2692 1

292 2727 363 2746 cum
389 2721 538 2755 quattuor
562 2718 663 2747 radiis
689 2719 758 2747 siue
783 2718 888 2747 anulis
915 2718 1072 2756 (Martial.
1090 2719 1173 2753 XIV,
1196 2720 1274 2758 169)
1292 2719 1351 2749 hac
1376 2720 1561 2758 acceptione
1586 2729 1754 2757 nusquam,
1785 2723 1941 2757 quantum
1967 2721 2114 2758 equidem
2142 2710 2148 2750 1

293 2775 369 2809 scio,
397 2774 430 2802 in
457 2774 663 2812 scriptoribus
689 2773 816 2803 Latinis
843 2775 993 2813 occurrit,
1027 2777 1101 2813 quia
1125 2786 1192 2806 mos
1218 2780 1286 2805 erat
1311 2777 1508 2814 peregrinus.
1558 2776 1643 2804 Hinc
1668 2775 1823 2805 Horatius
1849 2775 1882 2805 C.
1910 2776 1967 2813 111,
1995 2777 2047 2814 24,
2074 2777 2114 2806 57
2143 2763 2148 2814 1

297 2830 443 2859 Graec-mn
468 2831 556 2860 dixit
581 2831 722 2860 troc-Imm.
771 2831 901 2869 Spectat
929 2836 1035 2861 autem
1071 2833 1111 2861 ad
1146 2833 1257 2862 ludum
1283 2832 1475 2862 Graecorum
1510 2841 1690 2869 puerorum,
1727 2834 1781 2870 qui
1806 2829 1996 2874 ἰρι-Ληλασία
2021 2842 2114 2862 uoea-
2143 2821 2148 2862 1

294 2887 396 2915 batur.
422 2887 667 2917 cf.Winckel1n.
693 2887 781 2917 Mon.
808 2888 893 2917 ined.
908 2888 942 2916 P.
957 2888 1009 2925 IV,
1027 2898 1053 2926 p.
1071 2889 1144 2918 257.
1171 2889 1253 2919 Mus.
1280 2888 1415 2927 Gregor.
1441 2888 1478 2917 T.
1504 2888 1588 2917 XIV.
1614 2888 1667 2917 Ex
1692 2888 1837 2926 longiore
1863 2889 1985 2919 scholio
2001 2888 2042 2919 C:
2062 2890 2114 2910 ‘—
2144 2887 2148 2937 1

294 2945 349 2971 aut
375 2946 423 2972 est
448 2947 529 2980 rota,
555 2953 649 2981 quam
674 2944 829 2974 currendo
854 2945 942 2981 pueri
968 2945 1058 2982 uirga
1084 2949 1208 2982 tegunt,
1235 2949 1267 2974 et
1292 2943 1408 2988 τρόχος
1433 2945 1553 2974 Graece
1578 2945 1705 2979 dicitur,
1744 2945 1776 2973 id
1803 2948 1862 2981 est,
1892 2945 2113 2983 quaternarius,
2142 2942 2148 2987 1

294 2999 348 3035 qui
375 3002 433 3034 est,
459 2999 509 3027 uel
534 2998 762 3042 τετράκνημος,
788 3001 821 3029 id
848 3005 907 3035 est,
933 3001 1098 3038 quaternis
1117 3004 1265 3030 constans
1282 3002 1390 3037 radiis,
1419 3002 1469 3030 uel
1487 2997 1675 3043 ἑξάκνημος,
1701 3001 1752 3029 uel
1778 2996 1990 3043 ὂκτάκνημος’
2006 3019 2043 3022 ε
2061 3018 2112 3031 —-.
2145 3002 2148 3039 1

297 3052 353 3092 19)
379 3058 459 3083 scut.
488 3055 537 3083 uel
564 3065 624 3084 om.
648 3065 675 3097 γ.
740 3056 799 3094 21)
825 3056 872 3085 Ne
896 3056 991 3094 spisse
1016 3057 1076 3085 rid.
1102 3065 1127 3097 γ.
1191 3057 1249 3096 22)
1275 3066 1334 3095 quo
1360 3056 1396 3086 C.
1423 3057 1634 3087 similitudine
1658 3056 1750 3098 ·[N,v.
1777 3074 1815 3077 μ
1843 3057 2028 3088 ludentibus
2053 3066 2112 3087 om.
2143 3042 2148 3090 1

295 3107 433 3139 G.veaC.
462 3127 475 3129 >
493 3128 500 3130 —
530 3111 647 3149 inpune
675 3130 709 3133 -s
740 3113 837 3142 risum
863 3122 923 3142 om.
951 3112 1035 3142 Med.
1061 3111 1221 3147 NG,rvca.
2145 3107 2148 3143 1
