2148 3412
184 585 203 615 0'!

189 951 229 983 10

191 1317 232 1349 15

193 1684 235 1716 20

249 148 302 188 90
884 152 988 185 Aen.
1013 151 1074 183 ET
1099 149 1264 182 PORPH.
1290 148 1437 181 COMM.

359 282 427 321 49.
460 278 565 335 quod
593 278 798 319 meretrice
827 291 947 332 nepos
983 276 1152 317 insanus
1188 273 1316 314 amica
1352 272 1493 313 Filius.
1566 268 1729 310 Bellam
1776 267 2072 309 obscuritatem

250 353 476 396 adfectauit
504 367 624 408 nepos
656 349 778 407 [non]
814 375 864 379 <-
893 350 1000 405 filius
1032 347 1225 396 dicendo,
1272 345 1345 387 sed
1374 360 1495 400 nepos
1525 343 1594 384 hic
1627 340 1904 399 [luxuriosus]
1943 354 2074 381 uorax

250 435 373 483 atque
404 425 607 482 prodigus
638 422 945 479 intellegendus
978 420 1092 478 [est]

363 502 428 542 51.
463 500 606 540 Ebrius
637 506 673 539 et
701 511 893 552 moytiam
923 495 1029 551 quod
1059 495 1240 543 dedecus,
1274 492 1454 533 ambulat
1483 499 1574 532 ame
1597 491 1758 533 Noctem
1789 503 1880 531 cum
1908 488 2076 542 facibus.¹
2111 529 2113 535 .

253 573 396 632 [Ordo
426 580 506 613 est:
538 571 651 626 quod
682 569 822 612 ebrius
853 568 1040 610 ambulet
1069 575 1164 609 ante
1195 573 1359 608 noctem
1391 580 1485 606 cum
1516 562 1713 620 facibus]
1774 560 1902 615 Quod
1931 560 2076 616 magni

252 645 470 689 dedecoris
504 643 608 701 [res]
642 651 715 686 est.

366 721 431 762 52.
465 719 671 775 Numquid
693 718 935 773 Pomponius
955 717 1040 758 istis
1062 716 1166 757 And.
1190 715 1265 756 leu.
1325 711 1441 753 Mira
1461 710 1698 752 urbanitate
1730 716 1770 751 θῖ
1799 707 2079 750 amaritudine
2120 759 2122 762 y

252 793 480 850 Pomponii
509 807 690 848 persona
720 791 874 833 abusus
904 796 978 840 est,
1011 788 1130 844 quasi
1161 785 1399 842 argumenti
1428 785 1519 826 loco
1548 791 1595 825 nt
1623 798 1718 825 eum
1750 788 1930 838 caperet.

367 868 433 909 55.
466 868 530 909 56.
563 880 676 922 quem
705 867 741 906 si
767 865 930 906 dissolu.
962 863 1093 919 quiuis
1124 860 1314 903 stomach.
1348 859 1494 908 eodem,
1532 858 1620 908 Quo
1648 864 1890 913 personatus
1915 870 1984 911 po.
2010 870 2080 911 pu.
2112 876 2116 927 Ι

256 941 394 994 Quem
424 954 593 982 uersum
625 939 659 981 si
690 938 909 987 dissoluas,
942 935 1090 990 inquit,
1122 949 1171 976 ea
1201 933 1332 975 uerba
1362 932 1423 974 ibi
1452 930 1657 981 inuenies,
1689 929 1842 985 quibus
1863 929 2001 984 quiuis
2031 929 2082 970 de
2112 929 2119 963 l*

255 1015 384 1071 uulgo
414 1014 599 1055 irascens
628 1012 715 1054 filio
746 1027 819 1054 suo
854 1010 995 1052 utitur.
1068 1008 1256 1050 Venuste
1301 1012 1439 1048 autem
1482 1013 1740 1060 personatum
1781 1011 1935 1060 patrem
1979 1001 2084 1043 dixit
2111 969 2121 1064 ἓῑ

257 1103 398 1130 senem
429 1087 481 1128 de
512 1086 741 1128 comoedia.
2116 1128 2117 1133 Ἰ

369 1163 435 1204 57.
465 1161 553 1209 His,
599 1175 666 1215 eqo
712 1173 813 1216 quae
856 1172 985 1205 nun&
1034 1157 1137 1199 Olim
1182 1169 1278 1211 quae
1321 1155 1460 1209 scrips.
1498 1153 1622 1194 Lucil.
1682 1151 1751 1192 Ex
1771 1165 1834 1201 eo,
1881 1149 1993 1205 quod
2024 1138 2119 1205 esti

257 1236 431 1292 scripsit,
465 1235 596 1276 scribo
627 1232 933 1274 adsumendum
964 1238 1020 1273 est
1051 1245 1128 1285 per
1158 1227 1386 1284 syllepsim.
1462 1226 1616 1268 Totum
1647 1224 1757 1266 enim
1790 1224 1872 1265 tale
1902 1223 1966 1264 fit:
2013 1224 2085 1266 His
2104 1206 2116 1258 -i

259 1324 340 1364 eqo,
373 1323 473 1365 quae
501 1322 611 1350 mmo
631 1308 772 1356 scribo,
805 1312 844 1347 et
873 1305 972 1347 olim
994 1319 1095 1361 quoe
1112 1303 1294 1344 Lucil-ius
1314 1301 1483 1357 scripsit,
1515 1306 1553 1340 et
1575 1305 1637 1340 est
1656 1313 1822 1340 sensus:
1857 1296 1906 1340 Si
1936 1296 2085 1339 dissol-
2112 1261 2116 1346 1

257 1398 332 1424 nas
362 1396 508 1424 uersus
537 1380 605 1422 uel
634 1392 750 1422 meos
779 1379 847 1421 uel
877 1377 1048 1428 Lucilii,
1093 1390 1177 1418 non
1208 1375 1355 1416 eadem
1385 1373 1517 1415 uerba
1546 1372 1749 1422 inuenies,
1782 1385 1889 1427 quae
1919 1378 2015 1413 sunt
2043 1370 2107 1412 in·

257 1455 467 1497 Ennianis
496 1453 701 1503 uersibus,
736 1453 808 1508 qui
834 1466 989 1508 magno
1021 1450 1181 1492 scilicet
1211 1448 1360 1503 spiritu
1392 1454 1429 1489 et
1459 1446 1601 1488 uerbis
1632 1445 1850 1488 altioribus
1881 1444 2108 1500 conpositi}

259 1536 366 1580 sunt,
397 1528 512 1570 uelut
541 1527 585 1569 hi
615 1534 710 1569 sunt
740 1525 892 1580 (Ennii
922 1523 1079 1565 Annal.
1110 1525 1261 1579 fragm.
1285 1523 1378 1564 270.
1409 1521 1616 1576 Vahlen):
1642 1528 1856 1578 postquam
1886 1519 2086 1562 discordia
2104 1512 2117 1556 ι’

262 1612 363 1645 tetro
396 1603 500 1644 Belli
527 1602 704 1656 serratos
731 1610 863 1656 postes
886 1607 1106 1655 portasque
1136 1597 1309 1651 refreqit.
2120 1587 2121 1590 '

375 1677 439 1717 62.
472 1676 664 1716 [naenias
696 1675 812 1715 etiam
835 1673 988 1714 disiecti
1002 1671 1139 1713 memb.
1159 1679 1309 1727 poetae.
1368 1668 1601 1724 Eleganter
1621 1667 1736 1708 nulla
1757 1667 1880 1723 signa
1900 1666 2088 1723 poeticae
2106 1683 2122 1692 ·’

260 1748 444 1791 inueniri
473 1748 531 1789 ait
560 1747 605 1788 in
634 1746 776 1788 uerbis
806 1760 1003 1788 uersuum
1035 1759 1203 1787 suornm
1225 1743 1293 1786 uel
1313 1742 1486 1793 Lucilii,
1518 1741 1552 1783 si
1576 1741 1859 1784 dissoluantur
1880 1757 1952 1782 —:
1976 1739 2123 1794 Quia1·

262 1823 314 1865 de
345 1835 537 1865 sermone
569 1820 780 1863 communi
811 1826 918 1862 sunt.

378 1972 412 2012 1)
437 1971 542 2002 eillam
566 1971 600 2000 M
624 1970 715 2000 ellam
740 1969 844 2008 ΕΘΝ.
871 1979 931 1999 0111.
958 1970 987 1998 2.
1015 1969 1083 1998 rell.
1110 1967 1241 1997 Bellum.
1302 1966 1338 2006 2)
1364 1966 1427 1995 adf.
1455 1965 1496 1994 M.
1523 1975 1587 1995 11011
1612 1975 1670 1996 0111.
1699 1964 1945 2004 MR2G(Q),va.
1973 1983 2013 1986 —-
2039 1965 2090 1994 hic
2116 1959 2123 1972 ¹

263 2028 363 2058 MRA.
390 2028 461 2057 rell.
488 2038 548 2058 om.
574 2036 675 2057 uorax
699 2026 801 2056 MRA.
828 2026 1016 2055 luxuriosus
1042 2024 1162 2060 vath.
1188 2025 1256 2053 lux.
1282 2034 1342 2053 om.
1369 2022 1430 2052 2G.
1496 2021 1531 2059 3)
1557 2027 1607 2052 est
1632 2032 1693 2052 om.
1719 2022 1812 2054 MRQ.
1864 2022 1950 2053 Ordo
1977 2040 2018 2044 »-
2042 2022 2090 2052 fa-

263 2086 353 2115 cibus
379 2094 440 2114 om.
467 2084 551 2113 MR2
577 2087 608 2113 et
634 2092 717 2113 omn.
745 2083 816 2112 edd.
843 2085 979 2119 praeter⁷
1006 2081 1033 2117 Q
1058 2082 1111 2119 qui
1138 2090 1180 2110 ex
1206 2079 1233 2109 G
1260 2090 1296 2109 ea
1321 2080 1466 2109 tradidit.
1517 2079 1552 2118 5)
1580 2078 1668 2108 Ordo
1684 2097 1720 2100 —
1737 2078 1862 2109 facibus
1878 2078 1980 2118 G(Q).
2007 2077 2091 2109 conf.

263 2141 340 2172 Acr.
366 2142 435 2170 rell.
464 2150 523 2170 om.
573 2140 608 2179 6)
634 2148 684 2169 res
710 2149 770 2168 om.
795 2138 903 2175 P.‚afh.
930 2137 1043 2176 magni
1066 2138 1201 2166 dedecus
1225 2145 1280 2166 rea¹
1306 2140 1354 2165 est
1378 2145 1409 2165 v.
1460 2136 1495 2174 8)
1521 2135 1678 2173 Pomponi
1692 2134 1767 2165 MG.
1786 2154 1823 2156 —
1840 2140 1966 2174 caperet
1984 2135 2089 2174 ΜΒΝ.

264 2200 359 2226 recte.
385 2197 453 2226 rell.
480 2206 564 2226 omn.
591 2199 750 2233 carperet.
777 2195 882 2224 minus
906 2198 1002 2224 recte.
1029 2203 1099 2223 nam
1129 2194 1324 2231 Pomponius
1352 2192 1492 2230 exempli
1518 2193 1585 2222 loco
1617 2193 1801 2227 adhibetur,
1834 2192 1977 2231 eligitur.
2008 2191 2089 2223 conf.

263 2252 328 2282 Cic.
354 2252 443 2281 Verr.
468 2252 509 2289 ΙΙ,
537 2253 588 2282 51.
615 2252 688 2281 Ter.
714 2251 832 2281 Heaut.
859 2250 915 2287 ΙΙΙ,
947 2252 973 2287 1,
1001 2252 1053 2280 94.
1079 2251 1185 2279 Plaut.
1212 2249 1308 2279 Most.
1334 2248 1390 2285 III.
1413 2251 1438 2285 1,
1465 2250 1519 2278 20.
1572 2249 1627 2288 10)
1653 2249 1756 2287 quiuis
1781 2248 2001 2288 MRG(Q),va.
2026 2248 2090 2288 quis

264 2309 308 2339 fh.
335 2308 367 2338 in
390 2309 457 2339 filio
482 2312 556 2347 post
581 2308 771 2338 Ascensium
796 2307 890 2337 Fabr.
918 2306 1028 2346 (afh)
1092 2307 1148 2345 13)
1174 2306 1221 2336 hic
1245 2306 1281 2342 Q.
1308 2306 1420 2343 corrig.
1484 2306 1539 2345 14)
1565 2305 1684 2335 adsum.
1711 2305 1853 2344 MG(Q).
1881 2306 1950 2335 rell.
1977 2314 2089 2335 assum.
2115 2314 2117 2316 ·

266 2382 303 2389 --
331 2375 387 2404 per
412 2364 588 2404 syllempsis
612 2364 646 2393 M
671 2361 795 2404 (Halm.
823 2364 992 2403 sylempsis
1019 2362 1055 2398 Q.
1082 2363 1101 2391 l.
1120 2362 1157 2401 1.)
1184 2372 1240 2400 per
1263 2362 1422 2401 syllepsin
1449 2363 1478 2391 2.
1506 2371 1562 2400 per
1586 2362 1708 2401 sylepsi
1732 2372 1762 2391 v.
1789 2371 1846 2400 per
1872 2362 1986 2401 syllep.
2014 2361 2090 2402 (sic)

263 2431 291 2452 a.
317 2419 402 2452 κατὰ
426 2418 579 2464 σύλληψιν
605 2418 736 2459 fh(R‘.>).
804 2419 859 2459 15)
885 2424 911 2449 et
934 2420 1011 2450 olim
1034 2418 1139 2448 MRA.
1164 2419 1234 2448 rell.
1260 2428 1321 2449 om.
1348 2422 1379 2448 et
1404 2419 1536 2457 olimque
1569 2417 1629 2448 2G.
1661 2419 1729 2447 rell.
1766 2419 1841 2448 olim
1877 2428 1961 2457 quae.
2000 2418 2049 2457 (et
2071 2428 2092 2449 v

265 2478 368 2516 plene,
395 2487 458 2507 11011
484 2478 626 2516 olimque,
653 2482 689 2507 ut
714 2476 769 2506 ref.
787 2476 840 2516 Q).
893 2475 947 2515 16)
973 2476 1084 2505 eadem
1109 2476 1208 2504 uerba
1232 2475 1299 2504 inu.
1328 2475 1357 2504 2.
1386 2493 1425 2495 —
1453 2478 1527 2504 sunt
1554 2475 1712 2511 ennianis,
1740 2484 1800 2504 om.
1826 2474 1867 2511 in,
1893 2475 1928 2504 M
1953 2474 2090 2514 (Halm).

268 2536 324 2574 17)
350 2533 520 2572 conpositis
544 2533 588 2563 M.
616 2533 738 2571 (Halm.
764 2532 921 2571 conpositi
945 2532 983 2568 Q.
1010 2533 1031 2561 l.
1058 2532 1078 2561 l.
1105 2531 1179 2561 fort.
1198 2532 1295 2561 habet
1311 2531 1515 2570 conpositis).
1582 2532 1637 2571 18)
1662 2531 1712 2560 De
1729 2541 1759 2560 u.
1778 2531 1879 2561 Ennii
1897 2532 1978 2562 conf.
1995 2532 2091 2570 Verg.
2122 2555 2123 2558 ,

265 2591 306 2621 Α.
331 2590 403 2627 VII,
431 2590 494 2620 622
532 2591 640 2628 ibique
666 2590 820 2619 Seruium.
886 2589 943 2628 20)
969 2587 1134 2626 discerpta,
1172 2589 1254 2626 quod
1292 2591 1393 2618 metro
1429 2591 1599 2626 repugnat,
1637 2588 1754 2626 recepit
1789 2598 1829 2618 ex
1856 2587 1883 2618 G
1910 2589 1941 2617 in
1978 2588 2092 2619 lemma

267 2647 377 2676 Editor
401 2646 583 2684 pragensis,
610 2656 674 2676 non
701 2646 862 2684 corrigens
888 2655 918 2683 p.
933 2645 1111 2681 XXXVIII,
1137 2654 1303 2682 perperam
1329 2645 1430 2674 denuo
1455 2645 1588 2674 eandem
1614 2645 1783 2674 lectionem
1809 2645 1948 2674 referens
1975 2655 2016 2675 ex
2040 2645 2089 2674 ed.

266 2704 400 2741 Veneta,
426 2712 507 2742 quae
532 2702 684 2741 discerpti
707 2702 814 2739 habet,
839 2706 876 2731 ut
899 2701 972 2730 MR.
1002 2701 1090 2731 Haec
1115 2702 1211 2731 lectio
1237 2711 1277 2731 ex
1303 2700 1393 2739 S.11‚
1413 2702 1444 2737 8,
1463 2702 1521 2731 86:
1547 2700 1746 2739 discerpta
1760 2700 1899 2740 ferentes
1923 2701 2091 2731 Membra

265 2759 350 2799 yruz's
375 2763 445 2789 orta
468 2759 548 2788 mihi
574 2759 704 2788 uidetur
729 2759 893 2796 multoque
918 2758 1046 2787 inferior
1072 2766 1118 2795 ea,
1145 2767 1238 2796 quam
1264 2758 1303 2786 ad
1328 2767 1427 2787 unum
1453 2766 1561 2787 omnes
1587 2757 1676 2787 codd.
1709 2758 1837 2787 Horatii
1861 2759 1943 2788 miro
1960 2762 2092 2788 tuentur

268 2825 435 2845 consensu.
462 2815 526 2844 Cic.
555 2816 616 2844 dic.
644 2815 736 2844 Tusc.
763 2815 787 2851 1,
805 2816 863 2844 29:
890 2814 1006 2843 anonas
1031 2823 1084 2843 nec
1107 2813 1225 2843 secerni
1246 2824 1299 2843 -nec
1324 2814 1420 2843 diuidi
1442 2824 1495 2843 nec
1520 2813 1652 2851 disca-pi
1673 2823 1726 2843 nec
1751 2814 1848 2844 diuidi
1864 2818 1970 2852 potest,
1996 2815 2034 2844 N.
2048 2814 2097 2854 D.
2124 2812 2128 2838 ἶ

268 2928 471 2964 alienumque
496 2928 582 2956 inest
608 2927 716 2956 uerbis
742 2925 886 2964 discerpti
908 2925 1038 2955 membra
1063 2930 1186 2963 poetae,
1218 2927 1304 2955 alind
1330 2930 1379 2956 est
1404 2925 1519 2955 disiecit
1542 2927 1655 2955 memb.
1675 2944 1712 2946 ---›
1735 2927 1858 2964 poetice
1876 2927 1909 2955 M
1929 2927 2028 2966 (negl.
2048 2925 2089 2965 Q)

267 2983 306 3013 R.
332 2984 475 3020 poeticae
499 2983 538 3012 Α.
565 2987 689 3020 poetae.
726 2982 861 3011 Disiecti.
888 2982 1028 3020 uestigia
1052 2981 1187 3011 dissoluti
1209 2986 1235 3011 et
1259 2982 1384 3011 lacerat.
1412 2986 1524 3020 poetae
1550 2983 1570 3011 i.
1602 2991 1712 3011 uersus
1737 2982 1886 3012 Enniani.
1912 2987 1998 3012 recte
2021 2982 2088 3012 rell.

267 3039 402 3076 poetica.
429 3039 509 3068 ‹-0nf.
538 3038 621 3067 Plin.
641 3038 678 3067 E.
697 3038 766 3074 VII,
787 3039 816 3067 4.
842 3038 923 3076 Nep.
947 3038 1016 3067 Att.
1048 3039 1097 3067 18.
1146 3036 1205 3077 21)
1230 3037 1340 3067 inueni
1363 3037 1402 3067 G.
1425 3056 1453 3058 —
1475 3039 1693 3068 disseruantur
1717 3038 1751 3067 M
1774 3038 1916 3078 (Halm.)
1935 3056 1972 3059 ———
1989 3039 2090 3068 disse-

267 3091 403 3124 cantur?
436 3111 474 3113 —
507 3094 718 3124 dissoluuntur
740 3094 810 3124 vfh.
837 3094 1054 3124 dissoluantur
1078 3092 1287 3134 MRA2G(Q)
1314 3098 1345 3124 et
1369 3103 1398 3123 a.
1426 3095 1453 3124 si
1479 3104 1540 3124 om.
1566 3093 1612 3124 fh.
1650 3112 1690 3115 ——
1727 3094 1782 3133 quz'
1806 3094 1843 3124 G.
1870 3094 1925 3133 qui
1947 3104 1987 3125 an
2012 3092 2092 3134 quod
2130 3105 2131 3108 ¹

268 2871 292 2909 1,
322 2873 378 2900 11:
405 2871 491 2900 <team
515 2871 645 2909 discerpi
668 2874 695 2899 et
718 2870 860 2907 lacerari,
887 2874 983 2908 atque
1010 2871 1122 2899 ctiam:
1150 2879 1199 2899 res
1223 2870 1310 2908 qtcasi
1332 2870 1363 2899 in
1387 2870 1518 2900 membra
1543 2870 1724 2908 discerpitur
1749 2871 1825 2908 Top.
1852 2871 1890 2907 V,
1923 2871 1979 2900 sed
2004 2870 2090 2900 aliud
2109 2864 2128 2887 ⁹

269 3150 303 3179 in
329 3149 346 3178 2
373 3150 567 3188 ambiguum.
2107 2880 2113 3196 i
