2148 3412
174 934 213 965 10

238 125 317 167 106
870 130 976 164 ACR.
1002 129 1063 162 ΕΤ
1087 127 1256 161 PORPH.
1284 126 1432 160 coMM.

349 259 414 299 12.
446 257 524 298 huc
554 255 733 311 adpelle!
761 262 954 296 trecentos
985 253 1140 295 inseris.
1200 249 1346 292 Verba
1376 256 1471 291 sunt
1500 254 1653 290 nautae
1682 245 1913 296 irascentis,
1953 245 2064 301 quod

235 332 357 387 plura
386 330 486 372 naui
516 330 703 384 inponat,
741 343 865 383 quam
897 326 1121 382 pepigerat
1150 325 1177 365 i.
1200 338 1234 366 e.
1266 329 1414 379 pactus
1443 323 1591 364 fuerat.

350 406 414 446 13.
447 405 542 445 dum
571 418 635 444 aes
667 404 850 458 eoeiqitur‚
883 402 978 442 dum
1008 400 1118 441 mula
1150 399 1216 453 My.
1275 396 1550 438 Manifestum
1582 403 1656 445 est,
1691 394 1775 435 illis
1805 392 2065 448 temporibus
2118 403 2121 416 '¹

236 494 312 535 per
341 477 517 534 paludes
546 475 796 531 Pomptinas
826 490 910 516 non
941 474 1068 514 talem
1097 472 1212 513 uiam
1242 470 1383 521 fuisse,
1419 476 1463 511 ut
1483 468 1678 511 uehicula
1698 468 1771 509 illa
1791 467 1853 508 ire
1873 473 2064 522 possent3

236 554 376 608 itaque
406 566 558 592 nauem
592 549 735 592 solitos
766 548 1048 591 conscendere
1078 545 1276 595 uiatores,
1323 558 1449 599 quam
1479 542 1711 584 iumentum
1755 540 1927 596 aliquod
1957 554 2066 581 con-
2114 583 2116 585 ,

239 627 404 668 ducere.

350 699 414 740 15.
447 698 645 739 absentem
675 705 721 738 ut
751 704 889 738 cantat
919 695 1090 736 amicam
1120 692 1253 735 Multa
1281 691 1385 747 prol.
1417 705 1458 731 u.
1499 704 1538 731 n.
1579 697 1696 744 atque
1730 702 1771 729 u.
1852 685 1927 729 Sic
1957 685 2069 728 enim
2114 705 2118 718 ε

236 772 350 814 leues
380 786 429 813 ac
457 770 657 826 uulgares
686 769 878 811 homines
907 767 1042 809 noctis
1086 765 1236 808 solatia
1265 763 1509 820 uigiliarum
1541 776 1741 817 quaerere
1772 760 1918 811 solent,
1960 775 2069 802 can—

237 846 320 887 tica
351 844 556 886 amatoria
587 849 814 885 cantantes.

352 920 415 961 18.
448 919 514 959 19.
546 932 594 959 ac
622 918 744 959 missa
770 924 932 972 pastum
961 914 1185 956 retinacula
1204 913 1337 954 mulae
1358 912 1497 955 Naum
1524 911 1605 967 piq.
1636 924 1693 952 sa.
1724 909 1836 964 reliq.
1894 907 2070 949 Postea-
2125 922 2129 928 ·

239 1008 365 1048 quam
395 991 700 1033 abdormierint
728 989 924 1039 uiatores,
971 988 1074 1029 dicit
1102 993 1274 1033 nautam
1304 985 1461 1026 mulam
1497 984 1750 1025 disiunctam
1786 988 1953 1038 pastum
1989 982 2070 1023 mi·
2118 1038 2121 1059 ὃ

240 1065 341 1108 sisse
371 1065 475 1121 (etP)
506 1064 628 1105 nauis
658 1062 890 1104 retinacula
919 1061 973 1102 ad
1005 1076 1151 1103 saxum
1180 1060 1325 1116 ligata.

353 1141 418 1180 24.
458 1139 546 1181 Ora
565 1151 786 1192 manusque
807 1144 877 1178 tua
899 1137 1087 1183 lauimus,
1111 1135 1296 1182 Feronia,
1326 1133 1501 1190 lympha.
1560 1130 1837 1172 Tarracinam
1860 1144 1903 1172 se
1924 1135 2072 1185 quarta

239 1214 343 1255 hora
372 1212 542 1253 tandem
572 1217 817 1266 peruectum
847 1224 938 1251 esse
968 1209 1083 1250 dicit.
1143 1207 1369 1262 Hodieque
1400 1213 1539 1247 autem
1569 1205 1742 1260 paulum
1779 1201 1899 1246 citra‘
1914 1203 2071 1245 Tarra-

241 1287 379 1328 cinam
409 1286 502 1328 fons
532 1284 741 1327 Feroniae
773 1290 845 1326 est.

354 1361 419 1402 25.
452 1361 518 1400 26.
565 1359 680 1402 Milia
726 1367 808 1400 tum
836 1359 989 1414 pransi
1021 1357 1100 1398 tria
1137 1356 1313 1411 repimus
1354 1362 1470 1409 atque
1508 1354 1688 1395 subimus
1732 1353 1847 1409 Inpo.
1894 1369 1951 1395 sa.
1998 1354 2072 1394 lale

242 1434 357 1475 cand.
390 1434 552 1475 Anxur.
614 1430 737 1484 Quae
766 1446 879 1472 nunc
909 1429 1144 1471 Tarracina
1175 1428 1341 1478 dicitur,
1373 1427 1473 1468 olim
1506 1429 1656 1469 Anxur
1687 1426 1925 1476 dicebatur3
1961 1426 2073 1468 unde
2114 1426 2118 1433 ’

240 1507 386 1549 Iouem
415 1505 636 1548 Anxurem
668 1505 873 1555 colebant,
921 1505 1038 1546 cuius
1070 1510 1109 1544 et
1146 1502 1341 1557 Verqilius
1377 1500 1580 1551 meminit,
1627 1515 1722 1542 cum
1763 1501 1821 1542 ait
1858 1499 1933 1556 (A.
1972 1499 2072 1550 VII,
2116 1492 2122 1552 ⁵}

243 1583 367 1637 799):
407 1581 587 1638 Iuppiter
618 1581 809 1622 Anoeuris
840 1580 953 1620 aruis
986 1577 1202 1619 Praesidet.
1260 1575 1417 1616 Merito
1449 1582 1586 1616 autem
1631 1577 1810 1632 repimus
1854 1574 1992 1629 inquit
2034 1580 2074 1615 et
2118 1594 2120 1604 ν

242 1657 460 1712 inpositum
490 1656 604 1697 saccis
634 1655 798 1701 Anxur,
831 1652 1029 1707 quoniam
1060 1650 1144 1691 illis
1174 1648 1434 1704 temporibus
1465 1648 1603 1690 adhuc
1624 1648 1946 1690 Tarracinensis
1973 1647 2073 1689 urbs
2116 1643 2120 1667 ³

241 1729 285 1769 in
316 1728 519 1770 altissimo
549 1734 689 1770 monte
719 1733 821 1777 erat,
867 1725 979 1767 unde
1009 1731 1155 1780 postea
1189 1723 1233 1764 in
1271 1722 1512 1777 aequiorem
1549 1722 1688 1764 locum
1726 1722 1917 1778 deposita
1956 1723 2072 1778 est*),

241 1808 286 1842 ut
315 1816 400 1844 non
429 1802 562 1844 solum
595 1801 677 1843 sint
705 1800 843 1842 adhuc
871 1798 1053 1854 uestigia
1084 1796 1371 1839 aedificiorum
1401 1796 1445 1837 in
1474 1802 1628 1847 monte,
1673 1796 1748 1838 sed
1778 1802 1818 1838 et
1847 1811 2073 1839 murorum.
2126 1842 2127 1846 Ἰ

244 1953 327 1983 conf.
352 1952 431 1982 Hor.
459 1952 490 1983 S.
517 1952 558 1990 ΙΙ,
586 1953 615 1989 8,
643 1953 685 1981 44
711 1951 895 1990 (muraena)
922 1953 954 1980 et
978 1950 1062 1979 Plin.
1088 1948 1204 1985 XXXI,
1236 1949 1274 1977 10
1304 1947 1480 1986 (obsonia),
1507 1956 1543 1977 ac
1568 1950 1673 1977 tutum
1698 1947 1894 1978 auctoritate
1919 1947 2072 1978 librorum
2116 1925 2121 1975 1]

244 2010 320 2039 Hor.
349 2014 381 2039 et
404 2009 524 2047 Porph.
587 2009 643 2048 24)
668 2008 810 2038 uoluisse
834 2016 969 2042 necesse,
997 2016 1057 2036 om.
1082 2015 1129 2043 ne,
1154 2005 1197 2034 M.
1224 2014 1290 2034 cum
1314 2013 1444 2033 necesse
1469 2004 1505 2033 R.

359 2066 392 2105 1)
418 2065 531 2105 infleris
556 2064 592 2094 fh
618 2066 651 2094 in
676 2065 761 2101 lem.,
798 2064 907 2093 inseris
934 2064 967 2092 in
992 2062 1069 2092 Hor.
1096 2062 1202 2090 nullus
1228 2060 1296 2090 cod.
1323 2060 1401 2090 Hor.
1434 2061 1509 2090 hab.
1541 2059 1662 2100 inqeris,
1700 2061 1785 2099 quod
1815 2065 1920 2091 ortum
1950 2065 2000 2091 est
2033 2070 2075 2091 ex
2124 2063 2129 2094 ’,

243 2123 384 2161 Ingserere
408 2123 441 2151 in
467 2122 576 2151 eodem
599 2130 706 2150 uersu.
731 2120 832 2159 apelle
856 2119 900 2148 M.
927 2129 1002 2157 quos
1026 2119 1119 2157 plura
1144 2127 1195 2147 na.
1222 2118 1404 2155 imponatur
1421 2127 1450 2149 v,
1481 2127 1547 2147 cum
1570 2117 1677 2156 plures
1695 2119 1770 2148 naui
1789 2119 1993 2156 imponantur
2009 2117 2072 2148 afh.

242 2179 321 2218 quod
345 2180 373 2208 2.
397 2178 476 2218 quod
498 2179 594 2217 plura
618 2178 692 2207 naui
717 2177 847 2215 inponat
868 2176 931 2205 MR
956 2175 1171 2216 (imponatur)
1198 2173 1266 2210 GQ.
1317 2175 1351 2213 2)
1377 2174 1479 2203 fuerat
1501 2174 1545 2203 M.
1572 2175 1641 2204 rell.
1670 2179 1744 2204 erat.
1770 2174 1932 2213 pepigerit
1959 2176 1988 2205 2.
2038 2175 2073 2215 4)

242 2237 356 2276 Pompe.
383 2236 423 2266 cf.
449 2245 555 2274 supra.
580 2253 624 2256 —
648 2234 813 2265 uehiculas
836 2234 880 2264 M.
907 2234 979 2263 illac
1005 2234 1034 2262 2.
1089 2233 1124 2272 5)
1149 2231 1236 2271 quasi
1259 2232 1326 2261 afh.
1351 2231 1421 2260 rell.
1446 2241 1544 2269 quam.
1570 2249 1612 2252 —
1639 2232 1812 2262 conducere
1841 2228 1970 2261 MR2B¹2
2001 2241 2074 2262 con-

243 2293 338 2322 ducet
360 2303 391 2322 v.
418 2293 630 2322 conducerent
652 2291 719 2321 afh.
747 2291 938 2321 conduceret
962 2288 1081 2329 (G?)Q.
1131 2290 1166 2328 8)
1195 2289 1293 2319 noctis
1316 2286 1537 2325 MR23'1G‚va.
1565 2293 1652 2319 nocte
1675 2289 1751 2324 th.
1782 2289 1882 2319 noctis
1914 2299 1976 2319 non
2008 2298 2072 2318 acc.

243 2360 299 2388 pro
325 2353 427 2386 noctu,
466 2348 548 2378 conf.
573 2351 660 2378 noctu
684 2347 827 2377 concubia
851 2347 935 2376 Enn.
962 2356 1013 2384 ap.
1040 2346 1181 2376 Macrob.
1209 2346 1238 2375 S.
1263 2345 1289 2383 I,
1316 2347 1346 2383 4,
1374 2346 1448 2375 sed:
1484 2345 1659 2385 uigiliarum
1681 2349 1906 2384 nocturnarum,
1942 2349 1978 2375 ut
2003 2345 2073 2375 Liu.
2119 2379 2125 2384 ,

242 2405 389 2443 XXXIX,
419 2406 468 2435 16.
507 2404 561 2434 Sic
598 2405 805 2443 supersedere
841 2413 1008 2442 possumus
1045 2403 1186 2442 perbona
1223 2403 1346 2432 emend.
1372 2402 1518 2432 Ascensii
1556 2402 1650 2432 noctis
1675 2403 1790 2433 solatia
1814 2406 1842 2431 et
1863 2403 1929 2441 uig.
1957 2407 1989 2432 et
2010 2403 2074 2433 lec·
2123 2406 2128 2431 f<

242 2464 329 2492 tione
354 2462 493 2491 Fabricii
513 2459 597 2501 (fh):
624 2465 728 2497 nocte,
756 2461 872 2490 solatia
888 2461 1088 2498 uigiliarum,
1115 2470 1143 2498 q.
1164 2470 1188 2489 s.
1207 2471 1232 2489 c.
1251 2460 1418 2497 amatoria,
1446 2470 1505 2489 om.
1525 2463 1705 2491 cantantes,
1756 2460 1811 2498 11)
1838 2459 2075 2489 obdormierunt
2120 2471 2125 2502 ‘A

243 2519 361 2557 P.‚vafh
389 2518 425 2549 C.
452 2520 523 2548 rell.
550 2518 787 2548 obdormierint.
814 2536 855 2538 —
881 2517 958 2547 (licit
985 2521 1109 2546 nautam
1133 2515 1278 2546 MRABb.
1304 2517 1373 2546 rell.
1400 2516 1484 2546 ducit
1507 2520 1614 2546 nauta.
1664 2517 1721 2556 12)
1747 2515 1836 2546 misse
1857 2514 1944 2545 MBb.
1963 2517 2074 2546 missae
2120 2515 2125 2523 “

244 2576 282 2605 Α.
309 2577 453 2605 misisset
479 2576 507 2614 (t
532 2585 627 2613 expu.
660 2577 674 2604 1
691 2575 761 2613 ni)
787 2579 883 2604 recte.
908 2575 978 2603 rell.
1006 2575 1155 2603 missam..
1182 2574 1257 2603 naui
1272 2570 1390 2603 MABb.
1417 2574 1487 2604 rell.
1514 2573 1611 2603 nauis.
1639 2574 1672 2602 in
1698 2572 1978 2603 naui—ducebat
2001 2572 2073 2603 Acr.
2120 2572 2127 2614 j

243 2644 272 2663 u.
291 2635 340 2663 16.
357 2651 396 2654 -
412 2634 516 2671 ligata
540 2633 603 2662 MR
628 2631 795 2672 (ligatam)
821 2631 892 2661 AG.
919 2632 1057 2669 religata
1074 2628 1125 2660 Bb.
1144 2631 1212 2660 rell.
1239 2632 1331 2669 ligat.
1358 2640 1376 2660 a
1405 2640 1549 2660 conseru.
1575 2631 1672 2668 ligata
1696 2630 1834 2668 interpo.
1861 2634 1895 2659 et.
1946 2629 2003 2670 13)
2027 2629 2073 2660 fe·
2118 2655 2120 2658 .

242 2692 339 2719 nenia
354 2690 389 2719 M
413 2688 498 2729 (H).
526 2690 559 2719 in
584 2689 683 2718 schol.
701 2688 826 2718 ferenie.
879 2687 936 2725 14)
962 2691 1152 2726 peruentum
1177 2688 1211 2717 R.
1264 2689 1319 2727 16)
1346 2687 1500 2726 repsimus
1527 2686 1590 2724 G‚v
1615 2690 1647 2716 et
1672 2686 1709 2724 Q,
1736 2687 1790 2725 qui
1816 2687 1850 2716 in
1875 2686 1948 2716 Aer.
1974 2687 2073 2716 habet

242 2748 393 2785 repimus.
419 2756 483 2784 rep.
509 2756 536 2776 a.
562 2747 649 2776 breu.
677 2745 793 2775 lemma
817 2744 921 2774 Millz'a
945 2749 1003 2774 tum
1023 2745 1134 2784 pransi
1157 2745 1230 2775 hab.
1256 2745 1303 2775 fh.
1356 2745 1411 2784 17)
1437 2745 1564 2774 Tarrac.
1581 2740 1689 2773 MBb2.
1716 2740 1803 2773 Τὲιϊ.
1831 2743 1860 2773 Α
1878 2744 1942 2773 ein
1960 2753 1980 2773 a
1996 2745 2072 2773 mut.

245 2802 313 2838 GQ.
339 2803 426 2832 Terr.
450 2803 486 2832 R.
514 2821 553 2824 —-
579 2802 658 2841 olym
681 2811 818 2831 manxur
842 2802 885 2830 M.
912 2801 1030 2830 Anxur
1055 2802 1117 2831 A2.
1149 2811 1247 2831 ansul·
1271 2798 1322 2830 Bb.
1390 2803 1445 2841 13)
1471 2801 1584 2831 anxirc
1607 2801 1650 2829 M.
1684 2799 1821 2829 Anxuri}
1844 2799 1872 2829 A
1898 2801 1928 2830 2.
1961 2808 2073 2830 ansure

244 2857 294 2888 W.
320 2861 488 2899 querebant
515 2861 543 2889 2.
559 2869 684 2889 ——cum
710 2860 754 2889 ait
780 2856 952 2895 MRA213‘>‚
991 2869 1050 2888 om.
1078 2857 1180 2898 G(Q).
1248 2859 1303 2898 19)
1331 2858 1454 2888 anxiris
1478 2857 1520 2887 M.
1557 2856 1672 2886 ansiris
1700 2853 1751 2886 Bb.
1777 2856 1911 2886 anxuris
1947 2855 2071 2896 2G(Q).

244 2917 393 2946 Amwrus
417 2917 455 2952 A,
481 2920 515 2946 ut
542 2917 658 2946 Medic.
685 2921 717 2946 et
741 2916 834 2946 Ribb.
860 2917 914 2954 qui
941 2920 1086 2945 nostrum
1111 2916 1216 2945 locum
1242 2916 1424 2953 ignorabat,
1462 2915 1537 2953 quia
1565 2914 1636 2944 edd.
1675 2924 1735 2943 om.
1772 2917 1898 2951 partem
1935 2914 2072 2951 priorem

245 2973 358 3001 scholii
389 2973 470 3006 Quae
495 2991 536 2994 —
561 2973 707 3011 qnoniam.
735 2991 774 2994 —
800 2972 951 3010 repsimus
976 2971 1161 3011 RA‘ZG(Q,).
1189 2973 1300 3010 inquid
1326 2972 1370 3000 M.
1435 2972 1491 3010 ΞΟ)
1515 2971 1598 3009 inpo.
1635 2970 1678 2999 M.
1714 2970 1854 3009 quoniam
1888 2970 1950 2999 MR
1987 2969 2070 3009 (qr-ri)

245 3026 447 3067 AB¹*2G(Q).
475 3029 547 3066 qnia
571 3029 659 3058 vassi.
684 3029 758 3058 inde
785 3028 852 3058 afh.
902 3029 959 3067 21)
985 3038 1027 3066 eq.
1056 3033 1087 3058 et
1112 3028 1180 3057 eclif.
1206 3028 1249 3057 M.
1276 3032 1311 3057 ut
1335 3033 1412 3066 sunt,
1438 3028 1509 3065 MR,
1536 3037 1595 3057 om.
1621 3037 1685 3057 non
1712 3028 1824 3057 solum.
1850 3031 1878 3056 et
1892 3037 1954 3057 non
1970 3027 2069 3056 sulum

245 3089 322 3115 sunt
347 3086 377 3114 2.
402 3088 437 3114 ut
463 3095 526 3114 non
553 3086 656 3115 solum
680 3085 739 3115 sint
761 3085 850 3116 vafh.
898 3085 956 3124 22)
984 3085 1039 3114 sed
1064 3085 1151 3114 eciam
1176 3086 1206 3115 2.

336 3140 371 3181 *)
397 3140 478 3171 Cum
504 3142 563 3171 hoc
588 3143 685 3172 uerbo
710 3143 751 3172 ad
776 3142 945 3173 Sermones
971 3142 1041 3171 exit
1066 3142 1134 3171 cod.
1161 3138 1203 3170 Bb
1227 3156 1271 3170 Ξ
1296 3141 1368 3172 Par.
1395 3143 1493 3172 7987.
1520 3141 1588 3171 foll.
1614 3142 1745 3171 membr.
1776 3142 1849 3171 126.
1877 3150 1958 3171 saec.
1983 3140 2053 3170 XV.

2109 3174 2114 3256 i

2110 3259 2114 3324 f
