2148 3412
182 937 220 969 10

182 1676 188 1686 ‘
250 1664 526 1707 Sarmentius.

246 136 325 178 108
874 142 979 175 Aca.
1004 141 1066 174 ET
1090 140 1258 174 PORPH.
1285 140 1433 173 COMM.

245 270 344 311 dum
374 274 414 311 et
442 266 697 309 audiendum
728 265 987 307 extrinsecus
1016 264 1193 306 uerbum
1215 272 1282 313 est,
1315 263 1414 318 quia
1434 262 1604 318 plenum
1637 262 1697 303 sic
1716 262 1783 302 fit:
1816 259 1938 313 Quae
1967 262 2069 304 uilla

244 342 437 398 proxima
467 347 528 382 est
558 339 675 394 ponti
708 337 929 394 Campano
951 345 1104 380 tectum
1125 337 1330 392 praebuit.
1392 335 1616 392 Significat
1645 342 1782 377 autem
1818 335 1934 376 iuxta
1963 350 2068 390 pon-

244 424 327 457 tem
359 413 639 469 Campanum,
671 412 743 467 qui
774 419 836 454 est
866 412 970 454 citra
1001 418 1163 454 sextum
1185 410 1395 452 decimum
1415 409 1644 451 miliarium
1664 424 1689 450 a
1711 407 1874 464 Capua,
1905 409 1949 450 in
1969 409 2071 452 uilla

245 504 288 532 se
319 488 533 530 mansisse.

357 563 423 603 46.
456 569 491 603 et
515 560 692 616 parochi
718 574 818 616 quae
849 560 932 601 deb.
965 560 1074 614 liqna
1104 560 1313 615 salemque.
1372 556 1441 598 Ex
1472 556 1602 598 uerbo
1626 556 1828 613 praebuit,
1868 556 1981 611 quod
2011 562 2072 598 est

244 636 287 677 in
318 633 529 690 principio
558 647 719 684 uersus,
743 634 1025 690 praebuerunt
1053 632 1135 673 huc
1166 631 1472 673 adsumendum
1503 636 1576 672 est.
1637 630 1819 672 Parocki
1841 636 1981 671 autem
2002 644 2071 672 co-
2106 686 2108 699 Ι

244 708 370 764 piarii
401 707 597 749 dicuntur
629 706 707 747 ἀπὸ
738 709 810 747 τοῦ
841 705 1053 761 παρέχειν,
1090 705 1143 747 ab
1175 706 1366 754 exhibere,
1412 703 1621 758 hodieque
1651 709 1790 744 autem
1820 718 1846 745 a
1876 703 2074 759 copiariis
2108 717 2111 720 ‘

244 788 511 838 praestantur
540 781 644 822 haec
673 779 739 830 iis,
770 779 843 834 qui
872 779 1131 834 reipublicae
1161 793 1287 821 causa
1316 778 1396 819 iter
1424 778 1596 819 faciunt.

357 856 424 897 49.
456 855 594 910 Namq.
619 854 707 910 pila
753 854 870 909 lippis
913 854 1020 894 inim.
1066 861 1100 894 et
1144 853 1227 894 lud.
1273 853 1423 894 crudis.
1486 849 1543 893 Se
1571 851 1736 906 lippum
1766 850 1941 899 dixerat,
1973 865 2074 907 ergo
2111 851 2121 910 '¹-

247 929 422 971 crudum
452 927 692 983 Vergilium
722 926 1030 982 intellegamus,
1077 926 1177 981 quia
1205 925 1372 967 uidetur
1402 924 1570 981 singula
1600 924 1779 980 singulis
1816 924 2074 981 adsignasse.
2112 958 2114 989 ;

249 1001 423 1060 [Lippis
453 1001 583 1058 igitur
612 1000 844 1050 inimicum,
875 1006 919 1041 ut
948 999 1065 1050 mihi,
1099 999 1252 1049 crudis,
1284 1006 1329 1040 ut
1358 997 1587 1055 Vergilio]
2109 1063 2112 1069 Ι

360 1077 426 1118 51.
459 1075 571 1125 Quae
592 1081 773 1130 superest
797 1074 926 1115 Caudi
953 1088 1167 1130 cauponas.
1226 1072 1270 1113 A
1293 1070 1444 1128 Capua
1474 1073 1686 1128 profectus
1715 1073 1759 1113 in
1781 1070 1937 1115 Coccei
1966 1072 2075 1115 Ner·
2112 1075 2115 1081 “

246 1164 324 1192 uae
353 1149 455 1190 uilla
484 1147 688 1189 mansisse
719 1161 762 1188 se
792 1146 964 1197 indicat,
996 1161 1103 1201 quae
1133 1153 1195 1188 est
1225 1161 1353 1202 supra
1382 1145 1579 1187 tabernas
1611 1144 1767 1188 Caudii
1796 1147 1957 1203 oppidi.

361 1224 425 1265 51.
459 1224 524 1264 52.
555 1236 664 1263 nunc
693 1221 792 1262 milii
812 1222 956 1277 paucis
987 1221 1194 1262 Sarmenti
1218 1235 1326 1262 seur.
1350 1236 1476 1277 puyn.
1509 1222 1705 1277 Messique
1741 1221 1898 1272 Cicirri,
1940 1223 2074 1273 Musa,
2112 1277 2116 1290 ]

248 1299 368 1339 uelim
398 1311 510 1338 mem.
571 1294 782 1345 Ostendit,
815 1309 859 1336 se
888 1294 1117 1336 relaturum
1149 1294 1471 1345 contentionem,
1503 1309 1629 1350 quam
1660 1295 1770 1337 inter
1799 1310 1843 1337 se
1875 1294 2075 1337 Sarmen-
2114 1303 2116 1308 ’

2110 1338 2114 1379 1
2122 1374 2123 1377 ,

247 1371 328 1413 tius
359 1377 400 1412 et
430 1368 637 1412 Cicirrius
667 1369 902 1410 habuerint.
976 1367 1118 1410 Ambo
1149 1375 1190 1410 et
1218 1368 1457 1411 urbanitate
1487 1376 1528 1411 et
1557 1369 1735 1412 audacia
1769 1370 1871 1421 noti,
1917 1370 2076 1426 equites
2110 1382 2123 1415 i

247 1455 388 1487 tamen
417 1443 612 1486 Romani.

361 1520 427 1560 54.
458 1519 586 1561 Messi
613 1518 710 1559 clar.
739 1532 826 1572 qen.
861 1518 968 1560 Osci.
1028 1515 1235 1573 Figurata
1266 1518 1465 1560 elocutio:
1499 1519 1624 1561 Messi
1647 1533 1772 1574 qenus
1807 1519 1906 1562 Osci
1930 1527 2034 1561 sunt.

361 1592 428 1633 55.
459 1592 660 1633 Sarmenti
692 1592 849 1633 domina
884 1599 1027 1633 exstat.
1088 1589 1162 1633 Sic
1192 1591 1271 1633 hoc
1311 1591 1477 1642 dicitur,
1525 1591 1645 1647 quasi
1688 1592 1910 1635 libertinae
1953 1593 2078 1635 fuerit

363 1740 429 1789 61,
461 1739 573 1780 laeui
598 1740 722 1793 front.
754 1746 860 1795 turp.
893 1740 981 1780 oris.
1043 1737 1242 1780 Adtende
1281 1738 1570 1781 elocutionem.
1646 1741 1772 1783 Laeui
1797 1743 1878 1783 oris
1906 1743 2077 1797 frontem

248 1827 345 1868 pro:
375 1812 540 1853 laeuam
560 1818 722 1867 partem
744 1811 863 1867 ponit
892 1811 936 1852 in
965 1812 1114 1854 fronte.
2122 1861 2125 1870 f

362 1887 428 1927 62.
465 1886 714 1943 Campanum
743 1887 784 1927 in
814 1886 939 1928 morb.
999 1884 1224 1941 Campani,
1256 1885 1328 1941 qui
1359 1885 1469 1928 Osci
1494 1886 1755 1937 dicebantur,
1786 1903 1858 1931 ore
1886 1889 2078 1932 inmundi
2118 1878 2125 1926 s

248 1959 382 2001 habiti
412 1967 519 2009 sunt,
550 1959 662 2001 unde
692 1959 819 2001 etiam
849 1961 1035 2002 obscenos
1067 1960 1199 2002 dictos
1229 1966 1390 2015 putant,
1422 1961 1543 2015 quasi
1576 1962 1761 2005 Oscenos.

362 2133 397 2172 3)
423 2133 507 2162 circa
532 2132 568 2162 R.
595 2132 664 2162 rell.
690 2133 778 2162 eitra.
804 2132 963 2171 septimum
988 2133 1055 2163 dec.
1083 2134 1112 2162 2.
1138 2133 1207 2163 rell.
1233 2138 1347 2163 sextum
1372 2134 1439 2164 dec.
1466 2133 1651 2175 MR(G?Q),
1690 2137 1741 2166 uel
1765 2137 1839 2167 XVI
1865 2147 1915 2177 va,
1957 2140 2008 2169 16.
2031 2139 2076 2170 fh.
2120 2127 2129 2178 ξ

250 2208 290 2211 -ή
317 2191 355 2219 ab
380 2189 453 2219 urbe
477 2188 587 2227 Capua
612 2189 642 2218 2.
669 2190 737 2218 rell.
764 2199 824 2219 om.
850 2190 940 2219 urbe.
1005 2188 1040 2229 6)
1065 2191 1132 2219 ads.
1158 2190 1202 2219 M.
1268 2191 1301 2230 7)
1327 2191 1461 2229 cupisti-ii
1488 2190 1549 2221 2G.
1576 2192 1640 2222 litt.
1679 2203 1784 2231 graec.
1815 2199 1898 2233 spat.
1924 2206 1994 2225 uac.
2019 2196 2077 2227 rel.
2121 2219 2127 2243 ;

249 2248 283 2276 in
296 2246 332 2276 R.
359 2247 403 2275 eis
421 2247 482 2275 inc.
502 2245 540 2281 Q.
558 2245 605 2275 kz‘s
621 2245 658 2275 R.
679 2246 748 2275 rell.
765 2245 812 2276 iis.
861 2243 895 2287 8)
920 2246 1129 2278 interfaciunt
1154 2247 1197 2276 M.
1246 2248 1281 2286 9)
1302 2247 1391 2286 phila
1415 2248 1486 2286 lipp.
1512 2248 1546 2277 M
1571 2249 1605 2278 in
1630 2249 1715 2287 lem.⁷
1741 2250 1866 2290 lyppum
1893 2253 1927 2281 in
1944 2253 2076 2284 scholio.
2122 2255 2124 2274 '1

251 2304 306 2341 10)
331 2302 460 2340 adsign.
487 2302 531 2331 Μ.
595 2302 650 2341 11)
678 2306 713 2332 ut
737 2303 816 2332 mihi
842 2303 961 2341 erudis,
987 2303 1033 2333 fh.
1058 2304 1171 2342 Lippis
1197 2321 1239 2325 —-
1263 2304 1408 2343 Vergilio
1433 2315 1492 2335 om.
1518 2304 1702 2345 MG(Q)va.
1766 2308 1821 2347 12)
1848 2308 1951 2339 claudi
1976 2309 2019 2339 M.
2045 2310 2075 2340 in
2116 2296 2124 2310 μ

248 2360 335 2397 lem„
359 2360 451 2389 caudi
477 2360 510 2389 in
534 2359 668 2389 scholio.
694 2360 764 2389 rell.
790 2360 883 2389 caudi
911 2359 953 2398 (c.
971 2360 1018 2399 a).
1038 2361 1123 2391 conf.
1150 2361 1224 2391 Aer.
1240 2362 1455 2400 -profectus
1479 2363 1506 2392 si
1532 2372 1602 2393 sese
1628 2363 1706 2402 (sic)
1733 2364 1856 2394 indicat
1873 2365 1908 2394 M
1924 2364 2075 2406 (Halm),
2123 2402 2126 2403 ⁷

249 2427 309 2447 om.
335 2417 461 2446 iusisse.
527 2416 583 2455 13)
607 2416 719 2446 uillam
741 2426 838 2446 mans.
867 2418 896 2447 2.
922 2435 965 2438 —
991 2427 1088 2456 supra
1112 2428 1193 2448 omn.
1220 2419 1304 2448 libri.
1331 2419 1413 2450 conf.
1440 2419 1514 2449 Aer.
1541 2420 1569 2456 Q
1594 2421 1691 2450 tacite
1725 2431 1767 2451 ex
1804 2423 1934 2460 ingenio
1968 2424 2077 2462 posuit

247 2483 337 2511 super
362 2472 483 2512 (Hor)
508 2473 576 2503 scil.
602 2474 754 2512 quoniam
778 2474 834 2503 illa
852 2478 883 2504 et
898 2475 1000 2512 poetis
1020 2478 1051 2504 et
1067 2476 1272 2513 pedestribus
1290 2477 1500 2514 scriptoribus
1518 2478 1733 2508 usitatissima
1751 2480 1951 2518 praepositio
1969 2482 2076 2519 ‘supra
2124 2471 2127 2473 Δ

248 2531 352 2567 caput'
389 2530 521 2559 adstitit
555 2530 625 2560 uiro
649 2529 882 2573 κριτικωτάτῳ,
919 2535 955 2560 ut
981 2532 1082 2561 imber
1105 2533 1188 2570 apud
1215 2532 1308 2571 Verg.
1333 2533 1371 2562 A.
1398 2530 1462 2571 ΙΙΙ.
1485 2535 1556 2564 194.
1595 2535 1677 2564 conf.
1704 2534 1771 2565 Cic.
1798 2535 1834 2572 Q.
1860 2535 1910 2566 Fr.
1935 2521 2018 2574 1‚*2‚
2046 2537 2074 2567 2.
2125 2559 2128 2562 Δ

249 2586 326 2615 Sili.
346 2585 418 2616 Cat.
438 2587 489 2616 52.
510 2586 581 2616 Liu..
598 2586 656 2618 III.
678 2588 717 2617 17
737 2591 795 2617 ete.
844 2605 888 2608 —-
927 2587 1280 2628 caudiMG2(G‘?Q)‚v.
1299 2590 1371 2619 rell.
1392 2589 1516 2620 Caudii.
1568 2592 1624 2631 15)
1651 2590 1850 2622 Sarmentius
1868 2590 2075 2633 MRA2(G?),

249 2647 279 2672 ct
305 2642 400 2672 infra.
425 2644 603 2673 samentius
627 2653 657 2673 v.
683 2644 753 2673 rell.
780 2643 970 2674 Sarmentus
997 2646 1136 2675 ciciirius
1159 2645 1404 2676 M2.eieerri11s
1429 2646 1465 2676 R.
1492 2648 1674 2678 ciceriusv.
1697 2647 1899 2679 Ciceriusfh.
1926 2649 2077 2680 Cicerrus
2117 2641 2134 2684 Ξ

248 2708 276 2728 a.
303 2698 446 2729 Cicirrus
471 2699 508 2734 Q.
533 2699 703 2729 habuerint
725 2699 768 2729 Μ.
795 2701 864 2730 rell.
891 2702 1076 2732 habueiunt.
1143 2703 1198 2742 16)
1223 2703 1365 2741 aequites
1390 2703 1434 2733 Μ.
1500 2703 1556 2742 18)
1583 2704 1646 2734 orti
1667 2705 1701 2734 M
1725 2704 1810 2746 (Hm)
1837 2706 1907 2736 rell.
1933 2706 2004 2744 osci,
2040 2708 2076 2735 ut

249 2764 332 2784 omn.
358 2756 450 2785 codd.
476 2755 615 2785 Horatii.
644 2757 779 2794 figurate
803 2757 846 2786 M.
874 2775 914 2778 —
939 2758 1036 2788 Messi
1057 2759 1086 2788 si
1108 2760 1138 2788 h.
1164 2759 1233 2789 Hoc
1259 2760 1324 2789 sch.
1351 2764 1476 2798 postpo.
1503 2764 1553 2790 est
1579 2763 1726 2800 sequenti
1754 2763 1786 2792 in
1812 2763 1904 2792 codd.
1932 2766 1963 2792 et
1987 2763 2074 2792 v.afh

252 2812 307 2848 19)
333 2811 384 2840 hie
408 2811 455 2842 fh.
482 2812 552 2841 rell.
579 2813 646 2842 hoc.
675 2813 711 2842 Si
734 2814 794 2843 hoe
819 2823 848 2843 v.
869 2831 908 2835 —-
927 2815 1072 2844 liber-tine
1096 2815 1131 2844 M
1156 2815 1229 2854 (H).
1256 2816 1425 2846 libertinae
1438 2817 1473 2846 R.
1499 2818 1569 2847 rell.
1596 2819 1767 2849 libertinus.
1796 2820 1923 2849 libertus
1947 2818 1982 2849 C.
1999 2819 2074 2849 Aer.
2120 2847 2121 2850 ,

249 2866 383 2897 Seruaui
410 2869 585 2907 libertinae,
612 2879 655 2899 sc.
681 2870 779 2907 filius,
805 2871 890 2908 quod
913 2872 1105 2901 uocabulum
1130 2881 1190 2901 non
1217 2881 1285 2902 raro
1311 2874 1480 2903 omittitur.
1508 2874 1580 2903 Liu.
1604 2874 1736 2911 XXVII,
1764 2876 1816 2906 20.
1849 2875 1995 2913 XXVIII,
2024 2876 2073 2905 12.

249 2923 338 2952 Pers.
362 2924 414 2959 IV,
434 2925 486 2956 20.
515 2925 566 2968 Βφ
591 2926 622 2955 in
647 2927 751 2956 medio
777 2927 912 2965 longiori
938 2928 1076 2958 scholio:
1103 2927 1290 2958 Sarmentus
1316 2930 1485 2960 libertinus
1511 2934 1578 2960 erat
1602 2931 1768 2961 cuiusdam
1792 2936 1968 2963 matronae.
2016 2931 2073 2971 21)

249 2981 310 3010 leui
335 2980 369 3010 M
393 2981 427 3010 in
451 2982 522 3011 lem.
551 2987 581 3012 et
606 2984 640 3012 in
666 2984 765 3013 schol.
790 2987 826 3013 ut
852 2984 963 3027 EBch
989 2985 1081 3014 Baro.
1108 2985 1204 3016 Bern.
1224 2986 1251 3014 A
1269 2987 1309 3015 al.
1360 2988 1416 3026 22)
1443 2997 1498 3025 pro
1523 2988 1594 3017 lena
1617 2991 1705 3025 parte
1721 2988 1756 3018 R.
1807 2989 1865 3028 23)
1891 2990 1944 3027 qui
1970 2999 2020 3019 om
2035 2984 2084 3019 R.'
2117 2962 2122 3012 l

250 3055 291 3057 „—
318 3047 371 3067 ore
395 3037 538 3067 ‘inmundi
564 3039 630 3068 M2.
657 3039 718 3069 oris
741 3041 861 3070 imundi
886 3041 921 3070 R.
948 3041 1018 3070 rell.
1043 3051 1094 3071 ore
1119 3043 1206 3071 imm.
1263 3043 1319 3080 24)
1346 3045 1501 3074 obscenos
1525 3043 1744 3084 MRA2G(Q).
1776 3045 1847 3076 Aer.
1880 3049 1908 3074 et
1937 3055 2023 3075 oscos
2053 3054 2074 3075 v
2117 3014 2121 3055 1

250 3090 300 3133 (ew
324 3094 406 3132 osc.)
433 3095 497 3123 ath.
522 3096 591 3124 rell.
616 3096 704 3125 etlam
728 3106 755 3126 0.
781 3114 820 3117 —-
847 3097 1009 3127 obscoenos
1039 3097 1177 3136 (obscen.
1202 3099 1248 3138 v.)
1274 3099 1363 3128 vafh.
1389 3101 1458 3130 rell.
1484 3110 1618 3131 oscenos.
1656 3102 1771 3140 scripsi
1795 3111 1922 3132 oseenos
1945 3105 2073 3141 propter
2133 3111 2137 3125 ⁶

250 3149 324 3179 add.
349 3150 437 3189 quasi
460 3151 480 3180 i.
506 3161 531 3181 e.
559 3156 686 3190 propter
710 3153 914 3184 adlusionem
939 3155 1078 3184 nominis
1105 3155 1171 3185 osci
1198 3158 1229 3185 et
1256 3157 1397 3186 obsceni.
2118 3157 2122 3222 1,

2128 2713 2132 2732 J
