2148 3412
868 128 917 160 IN
944 127 1080 161 SERM.
1108 129 1152 169 11,
1179 134 1210 161 3.
1872 124 1952 164 259

235 249 329 291 232.
361 274 413 278 -—
443 250 511 291 uel
542 264 646 292 eras.
705 249 827 293 Leno
857 251 911 293 ad
942 250 1265 295 Nomentanum.

237 323 331 364 233.
363 323 522 379 Accipe.
580 321 709 365 Audi.

233 395 326 436 233.
357 397 513 438 iuuenis
543 411 646 452 resp.
679 411 841 452 aequus.
914 399 1003 439 Aut
1048 400 1266 455 proprium
1310 416 1464 444 nomen
1509 404 1685 461 Aequus,
1732 412 1802 447 aut
1850 405 1949 463 [est]

123 468 309 525 εἰρωνεία
330 471 348 524 Η
376 485 386 519 ;
421 469 641 524 εἰρωνικῶς
661 472 677 524 Η
699 502 709 520 ,
743 470 841 525 quia
871 470 1050 526 singulis
1080 473 1207 514 dabat
1238 489 1314 529 pro
1345 476 1517 519 meritis.

232 544 324 584 234.
359 543 406 584 In
436 544 531 585 m'ue
564 544 734 585 Lucana.
794 543 999 586 Venatori
1030 545 1143 587 dicit.
1203 546 1413 603 Ineptiam
1443 557 1557 592 notat
1588 551 1805 602 luxuriosi,
1838 552 1950 607 quia,

120 631 213 659 cum
232 615 327 657 leno
348 616 600 671 loqueretur,
636 616 843 672 [uenatori
866 618 924 674 et]
949 618 1146 672 piscatori
1170 622 1408 676 respondet.
1469 633 1659 667 ocreatus.
1720 625 1948 668 Luxuriosi

118 689 248 732 uerba
278 689 331 730 ad
363 689 691 745 ‘cupidinarios.'

228 763 321 804 235.
353 762 517 804 hiberno
555 778 608 804 em
646 778 816 819 aequore
856 765 985 806 «mellis.
1046 765 1160 807 Alii
1205 770 1351 817 uerrz's,
1397 769 1440 810 id
1471 777 1546 821 est,
1592 771 1734 814 trahis.
1796 771 1882 815 Sed
1914 774 1948 815 si

116 836 243 884 uenis,
275 850 368 878 cum
400 836 643 878 difficultate
674 837 818 887 trahis,
850 838 918 879 uel
950 839 1090 894 capis3
1123 840 1157 881 si
1189 843 1337 892 werris,
1370 843 1513 884 trahis.

227 911 321 951 237.
354 910 425 951 tibi
453 910 711 952 tantumdem.
772 909 812 951 O
845 912 1051 966 piscator!

226 985 298 1026 tibi
315 984 474 1040 triplex.
539 984 627 1025 Tibi
653 991 804 1034 autem,
841 985 994 1035 olene,
1028 987 1187 1043 triplex.
1248 989 1327 1030 tibi.
1360 989 1540 1031 Lenoni.

229 1057 321 1099 238.
357 1058 479 1099 Umle.
540 1056 582 1097 A
614 1072 708 1112 quo.

226 1145 335 1172 uxor
364 1132 494 1173 media
527 1145 637 1173 eurr.
670 1132 717 1172 de
737 1140 850 1173 nocte
870 1142 1027 1174 uocata.
1090 1135 1212 1176 Umor.
1255 1136 1367 1177 Velut
1388 1151 1497 1178 uxor
1518 1137 1722 1179 accersita
1753 1138 1804 1179 de
1826 1148 1947 1181 nocte

115 1204 240 1246 uenit.
299 1203 359 1246 Ut
381 1204 586 1246 cariorem
608 1205 871 1246 meretricem
895 1206 1063 1258 faceret,
1095 1208 1226 1259 tinxit,
1249 1223 1401 1250 nomen
1423 1212 1579 1252 umoris.

226 1279 318 1320 239.
353 1279 481 1320 Filius
518 1280 671 1335 Aesopi.
731 1279 912 1335 Aesopus
934 1280 1106 1334 quidam
1129 1290 1245 1323 actor
1266 1283 1581 1339 tragoediarum
1602 1284 1680 1325 fuit
1701 1284 1945 1337 ditissimus,

114 1352 185 1408 qui
213 1352 323 1394 hunc
353 1351 615 1394 luxuriosum
645 1351 776 1393 filium
809 1352 989 1407 reliquit.
1050 1353 1136 1397 Hic
1166 1355 1379 1408 Metellae,
1427 1371 1533 1412 quae
1571 1372 1665 1398 eum
1711 1358 1944 1414 deperibat,

113 1425 296 1468 ablatum
326 1426 522 1468 unionem
553 1434 593 1467 et
624 1434 742 1467 aceto
773 1426 952 1468 dilutum
985 1428 1157 1479 sorbuit,
1194 1429 1383 1487 [Alias]
1404 1438 1448 1472 ut
1479 1432 1695 1473 nominata
1725 1447 1792 1474 res
1823 1441 1944 1484 esset,

114 1501 235 1542 decies
265 1500 448 1555 aliquem
481 1500 607 1542 semel
638 1500 838 1542 hausisse.
907 1501 1008 1544 Ideo
1040 1502 1144 1543 (lixit
1176 1504 1362 1555 solidum,
1408 1505 1450 1545 id
1483 1513 1556 1555 est,
1603 1520 1686 1546 uno
1732 1506 1817 1547 ictu
1861 1521 1945 1548 non

111 1574 305 1623 diuisum,
336 1589 434 1615 num
458 1574 493 1615 is
515 1590 598 1616 non
620 1575 758 1616 minus
789 1575 943 1624 sanior,
975 1575 1123 1631 inquit,
1156 1592 1281 1632 quam
1314 1578 1347 1619 si
1379 1577 1484 1620 illud
1504 1579 1643 1634 ipsum
1665 1579 1804 1621 decies
1827 1579 1943 1621 abie-

112 1648 233 1690 cisset
262 1648 305 1688 in
327 1647 526 1690 cloacam.
586 1649 781 1692 Metellae.
844 1647 1034 1691 Caecilia
1063 1649 1251 1702 Metella,
1284 1651 1448 1693 Metelli
1484 1652 1583 1703 filia,
1615 1652 1835 1709 Aesopum
1867 1654 1942 1694 ad·
1970 1668 1976 1677 ·

111 1721 284 1763 amauit:
317 1721 406 1763 eius
436 1722 579 1764 uxoris
611 1737 660 1764 ac
690 1723 850 1777 Aesopi
884 1723 993 1765 filius
1024 1723 1142 1766 diues
1174 1732 1212 1766 et
1243 1726 1482 1767 luxuriosus
1515 1726 1604 1776 fuit,
1637 1727 1709 1782 qui
1731 1742 1942 1783 gemmam

110 1795 224 1837 triuit
253 1802 291 1836 et
322 1795 435 1837 misit
465 1796 507 1837 in
540 1796 752 1851 poculum,
799 1806 841 1837 ut
874 1797 1089 1839 uideretur
1119 1798 1264 1840 decem
1296 1799 1413 1840 milia
1449 1799 1668 1850 deuorare,
1718 1815 1799 1855 quo
1845 1816 1942 1843 suas

111 1875 247 1926 posset
277 1884 479 1925 superare
515 1870 699 1912 diuitias.

220 1944 335 1985 solid.
380 1945 622 1986 eoesorberet.
699 1943 834 1997 Quasi
866 1944 1043 1987 multum
1076 1946 1118 1986 in
1160 1946 1238 1987 hoc
1283 1945 1455 1996 ualeret,
1503 1946 1615 2008 quod
1660 1960 1809 1989 census
1854 1947 1943 1989 eius

110 2030 191 2059 non
220 2017 490 2059 minueretur.

220 2100 266 2134 ut
294 2092 417 2134 decies
446 2092 559 2134 solid.
593 2093 747 2134 eoesorb.
808 2091 869 2134 Ut
899 2105 943 2134 se
974 2092 1161 2134 iactaret.

246 2285 278 2325 1)
306 2285 394 2316 Leno
418 2287 459 2315 ad
482 2285 576 2316 Nom.
602 2295 629 2328 γ.
655 2286 725 2316 rell.
752 2295 812 2316 om.
862 2286 897 2325 2)
924 2286 1011 2317 Audi
1037 2296 1063 2328 γ.
1090 2287 1160 2316 rell.
1187 2297 1246 2317 om.
1295 2287 1331 2327 4)
1359 2293 1414 2319 aut
1439 2289 1588 2328 hyronia.
1616 2288 1787 2328 hyronicos
1814 2291 1889 2328 quia
1913 2300 1940 2331 γ.

110 2351 170 2372 om.
196 2346 245 2372 est
269 2343 339 2372 rell.
364 2352 424 2372 om.
450 2342 589 2372 ironicos.
616 2342 699 2373 conf.
725 2343 845 2382 Porph.
912 2343 946 2381 5)
974 2344 1009 2373 In
1033 2344 1109 2373 niue
1135 2353 1216 2374 omn.
1243 2345 1315 2375 libr.
1341 2347 1413 2381 mei,
1449 2346 1559 2375 nullus
1591 2346 1633 2375 Tu
1656 2345 1724 2375 m'ue
1748 2347 1799 2376 uel
1841 2346 1885 2375 Tu
1909 2346 1940 2376 in

109 2399 182 2428 niue
207 2398 329 2437 (Bentl.
356 2398 472 2439 Garg.)
506 2400 647 2429 Venatori
670 2400 750 2430 dicit
774 2410 800 2442 γ.
831 2400 900 2430 rell.
927 2409 989 2430 om.
1040 2399 1074 2439 6)
1101 2400 1239 2439 loquitur
1263 2412 1289 2444 γ.
1311 2419 1350 2422 —
1370 2404 1518 2432 uenatori
1545 2407 1576 2432 et
1602 2413 1662 2433 om.
1688 2412 1715 2445 γ.
1743 2420 1785 2423 —
1810 2411 1940 2441 respon-

110 2455 155 2484 dit
175 2465 201 2497 γ.
251 2457 284 2495 7)
310 2461 447 2486 ocreatus
472 2474 513 2477 -—
540 2456 757 2494 cupidinei-ios
782 2467 809 2499 γ.
836 2457 905 2486 rell.
932 2466 993 2486 om.
1019 2457 1262 2495 cupidinarios3
1289 2459 1481 2489 uocabulum
1506 2468 1623 2489 nouum
1650 2459 1671 2489 i.
1701 2468 1727 2489 e.
1755 2458 1940 2490 nebulones·

111 2511 146 2550 8)
173 2512 263 2542 uellis
287 2523 315 2555 γ,
352 2517 387 2542 ut
413 2513 439 2542 E
467 2517 497 2543 et
524 2514 655 2552 plurimi
680 2514 769 2543 Parr.
796 2513 823 2543 R
848 2524 918 2543 cuni
944 2514 1053 2552 glossa
1089 2514 1195 2544 trahis.
1231 2514 1343 2545 Ambr.
1381 2515 1474 2545 Baro.
1512 2515 1630 2545 Bernn.
1668 2514 1750 2545 ACF
1789 2519 1941 2554 quattuor

109 2568 210 2600 Harll.
236 2570 292 2599 alii
316 2569 426 2607 uerris,
463 2575 518 2601 aut
543 2580 630 2608 pure!
668 2575 704 2600 ut
728 2569 806 2614 cha
832 2574 891 2600 etc.
917 2570 1050 2609 Magdd.
1079 2572 1093 2600 1
1121 2575 1153 2601 et
1181 2572 1198 2601 2
1224 2572 1320 2603 Bern.
1348 2572 1375 2601 D
1402 2582 1471 2603 cum
1497 2572 1608 2611 glossa
1643 2571 1738 2610 capis,
1777 2576 1833 2602 aut
1870 2581 1939 2601 cum

109 2626 226 2656 rasuris
251 2630 283 2657 et
306 2636 389 2656 uarr.
414 2627 504 2658 lectt.
538 2627 636 2657 Vellis
662 2627 703 2657 al.
728 2628 834 2656 ueri-is
859 2636 877 2656 a
907 2628 920 2656 1
948 2637 988 2656 m.
1026 2628 1147 2658 habent
1170 2628 1258 2658 Parr.
1284 2629 1304 2657 k
1330 2627 1452 2659 Genou.
1480 2634 1511 2659 et
1546 2628 1639 2658 Harl.
1677 2625 1705 2670 β.
1742 2627 1780 2657 In
1818 2628 1940 2658 scholio

112 2684 245 2715 exhibet
268 2693 285 2727 γ
308 2684 364 2714 aliz·
385 2694 490 2714 uerres
515 2688 545 2715 et
564 2685 665 2715 infra:
690 2684 718 2714 si
740 2684 851 2714 uerri&
878 2684 911 2714 id
936 2688 986 2715 est
1011 2685 1113 2715 trahis
1137 2695 1163 2727 γ.
1189 2686 1259 2715 rell.
1286 2695 1346 2715 oin.
1402 2686 1437 2724 9)
1465 2686 1517 2715 uel
1543 2686 1629 2724 capis
1655 2685 1681 2714 si
1708 2686 1811 2714 uerris
1837 2685 1939 2714 trahis

109 2749 136 2782 γ.
160 2741 227 2771 rell.
254 2751 313 2771 om.
365 2743 420 2781 13)
446 2743 581 2772 acet-sita
605 2752 631 2784 Y·
656 2746 764 2772 uocata
787 2750 871 2772 omn.
896 2742 959 2771 mei
985 2742 1075 2772 codd.
1094 2742 1173 2772 Hor.
1192 2746 1225 2773 et
1241 2742 1313 2772 Aer.
1339 2742 1434 2772 citata
1458 2742 1576 2781 Regin.
1603 2745 1687 2772 teste
1712 2741 1938 2780 Babingtone:

111 2797 178 2834 ‘pro
201 2807 231 2827 v.
262 2799 301 2827 l.’
338 2798 421 2829 conf.
446 2798 563 2837 Porph.
604 2798 734 2829 Lemma
758 2807 835 2828 uxor
860 2816 899 2819 ——
925 2802 1033 2828 uocata
1056 2799 1246 2837 interposui.
1296 2799 1449 2829 Scholion
1475 2799 1547 2829 Tibi
1572 2802 1678 2829 autem
1718 2816 1759 2819 —
1796 2800 1887 2829 uenit
1912 2808 1939 2841 γ.

110 2853 177 2883 rell.
202 2864 262 2884 om.
300 2872 340 2876 —
372 2856 549 2894 interposui
586 2856 702 2886 lemma
737 2864 824 2885 uxor.
859 2855 957 2885 uerba
993 2855 1084 2886 velut
1121 2873 1160 2877 —
1197 2856 1301 2893 uenit,
1338 2865 1417 2894 quae
1444 2865 1504 2885 01n.
1532 2854 1569 2891 C⁷
1607 2855 1646 2884 ab
1671 2854 1858 2894 Hoenigero
1883 2852 1937 2896 (h)

111 2912 271 2948 tamquam
287 2921 398 2942 uersus
423 2912 532 2941 adlata
549 2917 632 2942 sunt.
651 2913 797 2942 accessita
814 2912 955 2942 Braunh.
972 2912 1071 2942 Velut
1090 2930 1127 2933 -—
1141 2914 1254 2942 uxoris
1273 2922 1332 2942 om.
1352 2922 1435 2942 mva.
1490 2913 1543 2951 15)
1571 2917 1679 2942 auctor
1696 2922 1756 2954 *ffl'r
1781 2916 1817 2942 ut
1843 2922 1939 2952 supra

111 2975 141 2996 u.
167 2968 218 2997 60.
242 2968 304 2998 suit
331 2969 389 2999 dit.
425 2979 453 3011 γ.
479 2970 548 2999 rell.
586 2970 647 3000 dit.
684 2969 758 2999 fuit.
810 2969 865 3008 16)
890 2969 966 3000 Post
990 2969 1111 3009 reliquit
1132 2979 1149 3011 γ
1174 2970 1289 2999 habet:
1316 2969 1477 2999 Undecies
1502 2973 1638 2999 centena
1662 2969 1755 2998 milia
1781 2964 1855 2999 seir}
1880 2968 1939 3011 (z

112 3023 164 3054 HS
188 3025 209 3054 i.
235 3027 397 3064 sestertia,
424 3027 625 3066 sestertium)
651 3027 780 3065 integra
805 3027 838 3056 in
863 3027 998 3065 prandio
1024 3031 1180 3066 erogaret.
1206 3027 1259 3055 hic
1284 3031 1358 3056 met.
1386 3030 1445 3056 etc.
1498 3026 1553 3065 17)
1579 3026 1682 3055 ablato
1706 3026 1819 3055 unione
1842 3035 1869 3068 γ.
1897 3043 1937 3046 -—

112 3078 201 3111 Alias
225 3091 284 3112 om.
309 3092 337 3124 γ,
364 3083 498 3121 addens,
524 3084 748 3122 qualicumque
774 3089 865 3114 sunt:
892 3088 928 3114 ut
954 3101 995 3104 —
1021 3085 1170 3114 cloacam.
1199 3084 1266 3113 rell.
1293 3093 1353 3113 om.
1421 3083 1477 3121 20)
1506 3082 1641 3112 Metellae
1667 3092 1708 3112 ex
1733 3082 1811 3112 Hor.
1840 3084 1939 3113 inter-

112 3138 211 3174 posui.
227 3156 265 3159 —-
279 3137 357 3170 Met.
387 3139 453 3170 filia
476 3149 502 3182 γ.
521 3141 588 3170 rell.
615 3141 659 3170 fil.
684 3140 763 3171 Met.
823 3140 881 3180 21)
907 3140 975 3171 eius
993 3128 1023 3170 131
1049 3140 1127 3181 (sic)
1145 3141 1258 3171 uxoris
1277 3136 1301 3171 Υ
1319 3140 1386 3180 sopi
1405 3143 1465 3170 etc.
1527 3137 1585 3178 25)
1611 3139 1685 3169 libri
1710 3139 1786 3170 Hor.
1814 3140 1937 3170 uariant

1614 3205 1662 3229 Π*

1975 930 2016 961 10

1974 1297 2013 1328 15
