2148 3412
808 175 855 206 IN
882 175 1016 207 sssssM.
1043 176 1068 213 Ι,
1095 181 1124 207 4.
1827 168 1879 208 75

168 305 264 338 erat.
297 295 430 338 Deest
461 305 603 339 tamen.
635 298 742 353 quod
772 298 907 340 tollere
936 299 1068 340 uelles
1131 297 1257 351 Quod
1289 314 1452 342 sumere
1482 308 1663 356 optares.
1736 300 1879 342 Etiam

0 390 4 425 J
56 369 222 425 quando
252 384 423 425 asperos
453 370 635 411 faciebat
665 385 823 420 uersus,
856 379 957 422 erat,
991 370 1169 429 [tamen]
1204 373 1316 427 quod
1336 373 1466 416 uelles
1487 374 1656 424 imitari,
1688 374 1768 416 hoc
1798 382 1878 416 est:

12 453 18 584 J
167 518 231 557 12.
261 517 468 572 qarrulus.
530 515 789 573 Superfluus.

2 587 18 629 1
165 599 242 646 atq.
269 592 395 646 piyer.
455 589 570 643 Quia
599 605 682 632 non
714 591 965 633 emendabat
994 607 1100 648 opus
1131 608 1263 634 suum.
1928 604 1946 634 5

2 630 18 748 JJ
165 664 277 705 scrib.
306 664 370 718 sei
373 677 415 705 re
437 664 550 706 labor
554 679 622 705 em.
684 662 912 720 Corrigere
931 680 1037 721 opus
1054 681 1186 708 suum.
1246 667 1459 708 Scri¹bende
1477 677 1580 710 recte
1601 682 1686 709 non
1719 668 1881 710 ferebat

2 733 10 794 J
52 736 258 786 labolem3
289 752 386 778 nam
418 736 602 779 scribere
631 736 865 788 laborabat,
897 753 1162 794 quocumque
1192 739 1415 781 feiebatur.

4 830 7 914 J
166 811 231 851 13
263 819 308 851 ut
336 811 518 852 multum.
578 809 729 851 Nam
719 826 762 851 m
784 811 959 852 multum
991 811 1212 855 scribendo
1243 828 1327 855 non
1349 813 1530 855 diffiteor
1551 814 1717 856 facilem
1739 814 1878 856 fuisse.

163 884 223 925 m'l
250 898 400 926 moror.
472 883 570 926 Non
601 899 747 926 recuso
778 884 804 925 i.
835 899 869 926 e.
907 885 1106 936 concedo,
1153 887 1325 928 multum
1362 886 1558 936 scribere,
1604 902 1714 943 nego
1754 897 1879 935 recte,·

3 944 9 1014 J
51 972 134 999 non
165 972 325 1007 recuso,
357 965 402 998 ut
439 958 551 1013 Verq.
585 956 659 1013 (A.
692 957 746 1008 V,
778 959 902 1014 400):
933 974 1006 1000 nec
1037 960 1142 1001 dona
1173 975 1321 1002 moror.
1906 969 1947 1001 10

4 1018 7 1020 ¹
165 1032 229 1072 14.
261 1046 346 1072 ecce
381 1031 591 1088 Crispinus
621 1032 786 1074 minimo
817 1047 878 1073 me
905 1041 1115 1088 prouocat.
1176 1032 1317 1074 Huius
1350 1030 1540 1088 Crispini
1571 1033 1697 1075 etiam
1735 1033 1778 1074 in
1810 1049 1878 1076 su·-

4 1103 287 1173 Jperioribus
325 1104 516 1146 meminit
546 1103 1000 1161 <S.I‚1‚120):ne
1029 1121 1089 1148 me
1125 1106 1299 1163 Crispini
1324 1108 1476 1149 scrinia
1514 1108 1615 1163 lippa·
1651 1107 1880 1164 Conpilasse

4 1155 171 1235 J.putes
230 1177 317 1220 Hic
347 1177 551 1228 similitm,
591 1185 636 1219 ut
665 1177 871 1229 Lucilius,
911 1179 1062 1220 multos
1094 1179 1167 1221 sed
1198 1179 1330 1221 malos
1360 1194 1506 1222 uersus
1535 1180 1729 1222 faciebat.
1791 1182 1879 1224 Mi·-

51 1254 158 1294 nimo
179 1259 317 1293 autem
338 1253 457 1307 digito
479 1251 612 1293 solent
643 1266 887 1307 prouocare,
924 1252 997 1307 qui
1027 1253 1174 1294 uolunt
1203 1253 1435 1303 ostendere,
1481 1253 1575 1308 plus
1605 1268 1695 1295 esse
1726 1254 1880 1296 uirium

52 1324 96 1366 in
125 1340 199 1367 suo
229 1324 404 1366 minimo
435 1324 568 1380 digito
600 1340 726 1380 quam
756 1326 800 1366 in
830 1325 1001 1367 alterius
1023 1332 1107 1367 toto
1138 1341 1325 1381 corpore.
1388 1325 1522 1382 [Vei]
1556 1328 1734 1369 Minimo.
1768 1325 1879 1368 Sub·
1908 1335 1947 1366 15

51 1405 114 1442 est
143 1400 275 1454 diqzdo,
308 1413 389 1453 quo
420 1398 689 1453 sponsionem
720 1397 897 1441 Veteres
931 1398 1182 1455 inligabant.
1242 1400 1410 1441 Minimo
1431 1414 1664 1454 prouocare
1685 1400 1882 1441 dicuntur

10 1473 15 1486 '
51 1472 108 1524 hi,
139 1472 211 1528 qui
241 1472 285 1513 in
302 1471 616 1529 [re]sponsione
647 1471 741 1527 plus
772 1472 854 1527 ipsi
886 1473 1145 1527 promittunt,
1179 1487 1304 1526 quam
1337 1472 1510 1528 exigant
1539 1473 1593 1514 ab
1627 1473 1881 1515 aduersario.

51 1547 218 1591 Minimo
248 1546 379 1602 igitur
408 1562 466 1588 me
494 1555 706 1602 prouocat,
739 1545 859 1601 quasi
889 1545 1080 1596 nihilum,
1113 1546 1233 1599 quasi
1265 1560 1372 1596 eum,
1406 1560 1530 1600 quem
1561 1545 1685 1588 facile
1716 1554 1880 1602 poterat

53 1635 262 1676 superare.

22 1680 26 1721 l
167 1696 231 1736 14.
263 1695 415 1750 Accipe.
477 1693 677 1735 Tabulas.
1907 1702 1950 1733 20

166 1769 230 1810 15.
262 1767 375 1809 hora.
441 1766 503 1809 Ut
536 1766 648 1808 infra
686 1765 824 1823 [quot]
866 1766 925 1822 (u.
960 1767 1051 1808 138.
1092 1781 1131 1807 u.
1169 1780 1207 1820 q.
1249 1766 1287 1807 d.
1328 1767 1398 1822 o.).
1440 1765 1543 1808 hora
1581 1781 1612 1807 s.
1650 1765 1882 1815 uideamus,

53 1841 125 1897 qui
154 1841 249 1896 plus
270 1856 467 1883 uersuum
498 1840 624 1882 faciat
658 1840 717 1897 [et
748 1839 953 1889 custodes,
987 1845 1032 1880 ut
1062 1839 1258 1894 proprios
1287 1838 1538 1896 faciamus]

168 1916 233 1957 16.
266 1915 466 1957 Custodes.
525 1913 588 1955 Ut
617 1913 792 1969 propria
822 1913 1025 1955 dicamus.

168 1990 232 2029 17.
263 1989 318 2030 Di
349 1988 442 2030 bene
471 1989 545 2043 fec.
607 1985 735 2039 Quod
765 2001 848 2028 non
881 2000 1006 2041 saepe
1037 1985 1189 2027 scribo.

164 2062 315 2118 pusilli.
375 2060 460 2102 Per
491 2075 617 2115 quem
646 2075 731 2102 non
760 2074 931 2115 possum
960 2059 1093 2100 multa
1123 2057 1320 2100 scribere.
1908 2068 1951 2099 :25

165 2137 304 2192 inopis.
366 2133 454 2187 Qui
483 2149 568 2176 non
598 2133 728 2175 multa
759 2132 932 2174 inuenit.

169 2210 234 2252 18.
265 2210 400 2251 animi.
458 2207 642 2263 Ingenii.

168 2292 205 2326 et
213 2296 420 2341 perpauca
437 2282 644 2337 loquentis.
673 2279 747 2321 Ad
762 2279 866 2321 illud
883 2279 1075 2330 refertur,
1092 2278 1206 2333 quod
1221 2278 1300 2320 ait:
1319 2279 1451 2334 inopis
1467 2292 1526 2320 me
1543 2277 1722 2334 quodque
1732 2277 1885 2333 pusilli.

4 2477 5 2481 ,
173 2446 205 2484 1)
231 2444 334 2474 Deest
360 2447 467 2473 tamen
493 2452 518 2484 {-
546 2452 635 2480 supp
663 2446 771 2472 tamen
799 2440 834 2471 C.
862 2441 930 2470 iell.
958 2450 1018 2470 om.
1044 2440 1135 2476 Quod
1161 2449 1283 2470 sumele
1309 2444 1436 2479 optares
1461 2449 1487 2481 κ(
1515 2439 1583 2469 rell.
1601 2449 1665 2470 om.
1717 2439 1752 2476 2)
1777 2442 1886 2467 tamen

2 2522 4 2524 -
57 2502 103 2532 fh.
151 2502 187 2540 4)
213 2503 349 2540 ineptus,
377 2501 408 2530 in
432 2500 545 2529 multis
572 2498 698 2536 superni
725 2497 759 2527 C.
821 2498 855 2536 5)
883 2497 966 2532 Quia
990 2506 1053 2527 non
1077 2507 1104 2538 {-
1137 2496 1267 2526 Scholia
1293 2496 1422 2535 Supeffl.
1451 2501 1483 2526 et
1508 2495 1593 2531 Quia
1630 2512 1669 2516 —
1705 2504 1798 2523 auum
1824 2504 1885 2523 om.

0 2582 5 2595 ,J
61 2556 186 2595 G‚.mva
212 2558 280 2587 Non
304 2557 381 2587 enim.
405 2556 530 2586 emend
555 2555 631 2591 th.
680 2555 715 2593 6)
744 2553 833 2583 Coxr.
859 2563 909 2591 op.
937 2563 1029 2583 suum
1053 2563 1081 2594 γ.
1109 2553 1177 2582 1·.ell
1205 2563 1265 2583 om.
1325 2554 1359 2591 7)
1388 2553 1551 2582 scribendi
1577 2561 1659 2581 omn.
1685 2551 1768 2580 libii.
1797 2551 1886 2588 posui

4 2636 5 2640 ,
61 2614 191 2644 scribere
215 2614 381 2644 laborabat
408 2612 571 2652 (Porph.)
606 2610 757 2640 scribebat
781 2610 817 2645 Q.
836 2628 873 2630 —
893 2618 1091 2648 quocumque
1108 2608 1229 2650 ·(Θ(Ω).
1249 2608 1523 2647 quomodocunque
1541 2608 1661 2638 mvafh.
1713 2607 1747 2645 8)
1775 2606 1888 2646 differo

0 2692 6 2710 ζ,
60 2680 143 2701 mva.
168 2671 238 2700 rell.
264 2670 408 2700 diffiteor.
473 2669 508 2708 9)
536 2669 672 2698 seribere
697 2667 718 2696 1‘1
745 2676 803 2705 ego
828 2670 915 2696 recte
939 2675 1003 2696 non
1029 2675 1141 2695 recuso
1166 2675 1193 2706 γ.
1221 2675 1281 2695 scr.
1307 2674 1381 2704 72er
1406 2668 1491 2694 recte
1517 2664 1563 2694 fh.
1592 2664 1690 2692 schol.
1716 2673 1777 2692 om.
1803 2672 1886 2692 mva.

3 2748 6 2760 2
62 2728 200 2758 scribere
223 2736 282 2757 nou
305 2731 383 2756 recte
409 2724 528 2765 (G?)Q.
594 2725 648 2763 12)
676 2722 829 2761 crispinia
852 2733 878 2764 γ.
942 2722 998 2761 15)
1025 2722 1128 2760 digito
1154 2731 1214 2751 om.
1240 2731 1266 2762 γ.
1293 2739 1335 2741 μ
1360 2721 1430 2750 Vel.
1457 2730 1516 2749 om.
1543 2729 1571 2761 ⁴(-
1596 2719 1731 2749 Minimo
1759 2737 1798 2740 —--
1826 2718 1888 2748 illi-

0 2766 3 2816 J
63 2785 184 2823 gabant
199 2794 226 2826 γ.
244 2784 315 2813 rell.
335 2793 397 2815 om.
447 2782 503 2821 16)
530 2781 578 2811 hii
601 2789 619 2823 γ
643 2781 699 2819 (m.
719 2790 743 2809 s.
762 2789 818 2818 pro
836 2779 888 2817 ii).
917 2779 1087 2817 sponsione
1111 2777 1181 2820 pQ.
1207 2777 1412 2816 responsione
1430 2776 1475 2806 fh.
1500 2784 1629 2813 corpore
1644 2792 1683 2796 —.
1699 2775 1808 2813 pusilli
1835 2783 1890 2812 per

2 2871 5 2874 Α
64 2849 155 2879 quem
174 2840 289 2877 G,mva
305 2849 364 2870 om.
384 2849 458 2877 ergo
475 2838 612 2867 Minimo
632 2854 663 2857 —
684 2836 850 2866 faciamus.
895 2836 950 2874 17)
972 2835 1166 2872 promittunt
1189 2844 1215 2876 γ.
1235 2834 1427 2872 promittant
1453 2831 1528 2862 Cod.
1544 2832 1636 2861 Fran.
1655 2840 1705 2869 ap.
1725 2830 1890 2869 Suringar.

0 2910 1 2914 ¹
63 2896 109 2926 ΙΙΙ
126 2907 156 2935 p.
175 2897 225 2927 53.
251 2897 359 2926 Bentl.
386 2895 424 2931 Q.
446 2895 640 2934 permittant
664 2893 709 2922 fh.
736 2893 867 2932 exiyunt
892 2891 988 2921 Fran.
1015 2891 1094 2921 ibid.
1148 2891 1203 2929 18)
1231 2900 1300 2920 cum
1325 2899 1350 2931 γ.
1378 2889 1445 2918 rell.
1465 2898 1525 2917 om.
1555 2891 1674 2926 poterat
1688 2897 1714 2928 γ.
1734 2887 1830 2925 potuit
1844 2887 1890 2916 fh.

65 2952 158 2992 possit
175 2953 212 2989 Q.
259 2954 316 2992 20)
342 2953 482 2982 Tabulas
503 2961 529 2993 γ.
548 2950 617 2980 rell.
637 2960 696 2979 om.
748 2949 804 2988 21)
832 2952 906 2986 quot
932 2948 1026 2977 horas
1051 2958 1079 2989 γ.
1107 2948 1198 2985 posui
1225 2957 1253 2975 u.
1317 2946 1392 2974 hora
1419 2955 1443 2974 s.
1471 2944 1538 2974 rell.
1566 2953 1626 2982 quo
1653 2944 1782 2973 certius.
1832 2942 1890 2981 22)

16 3253 41 3412 J

65 3010 166 3039 faciat.
192 3010 262 3039 rell.
288 3009 377 3039 facit.
406 3012 436 3038 et
465 3026 493 3028 κ-
529 3007 684 3037 faciamus
710 3015 769 3035 om.
795 3015 821 3046 γ.
850 3005 917 3034 sch.
944 3014 1003 3033 om.
1031 3003 1156 3041 G,mva.
1208 3004 1264 3042 23)
1290 3003 1332 3032 Ut
1359 3011 1445 3039 prop.
1472 3002 1615 3030 dicamus
1640 2999 1708 3040 γ,Ο.
1735 3000 1804 3029 rell.
1830 3009 1891 3029 om.

68 3065 125 3104 24)
153 3065 244 3101 Quod
270 3083 311 3087 -
341 3066 443 3095 scribo
468 3075 495 3106 γ.
520 3064 589 3093 rell.
616 3073 676 3093 om.
702 3071 764 3091 non
789 3071 917 3099 possum
942 3061 1044 3090 multa
1068 3070 1094 3102 γ.
1122 3070 1184 3090 nou
1211 3060 1311 3088 multa
1337 3067 1466 3096 possum
1495 3057 1541 3086 fh.
1568 3066 1632 3086 non
1657 3057 1784 3086 multum
1807 3064 1891 3094 poss.

70 3119 147 3160 (G‘e)
183 3123 280 3151 tacite
305 3122 418 3152 inculc.
445 3120 484 3156 Q.
511 3119 602 3156 Quod
626 3128 688 3149 non
714 3127 808 3157 saepe
832 3128 892 3147 scr.
917 3127 944 3159 γ.
969 3117 1040 3148 rell.
1065 3125 1126 3146 om.
1181 3115 1239 3154 26)
1266 3114 1328 3150 Qui
1352 3123 1383 3144 n.
1410 3123 1451 3144 m.
1483 3113 1550 3143 inu.
1575 3122 1602 3155 γ.
1628 3113 1700 3143 rell.
1725 3122 1785 3144 om.
1835 3111 1892 3151 27)

69 3177 191 3216 ingenii
214 3177 279 3220 γ,(.,.
306 3177 375 3207 rell.
400 3187 460 3207 om.
