2148 3412
781 104 828 135 IN
855 103 990 135 SERM.
1018 104 1042 141 Ι,
1072 108 1123 136 ιο.
1790 97 1868 135 177

39 235 139 279 erat,
183 227 447 285 Hetruriae].
508 228 684 278 Etrusci,
731 227 830 282 quia
860 227 997 283 prima
1028 227 1220 269 Etruriae
1252 229 1400 271 ciuitas
1432 236 1505 272 est.
1580 230 1740 272 Cassius
1770 245 1870 271 uero

38 303 267 346 Parmensis
296 301 386 352 fuit,
419 301 491 357 qui
521 300 673 343 multos
705 300 917 342 scribebat
945 315 1104 342 uersus.
1185 299 1320 344 Cuius
1350 309 1445 357 post
1474 309 1651 345 mortem
1682 304 1869 345 decreuit

38 382 215 426 senatus,
260 383 306 416 ut
349 374 447 416 libri
479 375 567 416 eius
599 389 692 416 cum
725 389 900 429 corpore
931 374 1020 416 eius
1055 374 1388 425 incenderentur,
1435 376 1535 431 quia
1578 377 1734 419 nullius
1779 392 1869 419 mo-

38 448 165 492 menti
197 455 328 490 erant.

145 523 291 579 rapido
321 524 350 577 f.
382 537 419 562 α.
480 519 675 563 Cassium
708 521 865 562 malum
896 528 1063 576 poetam
1095 522 1247 577 rapido
1277 523 1406 573 amni,
1446 524 1516 579 qui
1547 525 1679 566 multa
1708 539 1869 582 purga-

36 603 173 639 menta
203 610 345 638 secum
375 595 515 645 trahit,
549 602 764 649 conparat,
796 594 868 649 qui
899 593 1052 636 multos
1082 609 1229 637 uersus
1259 595 1303 636 in
1324 611 1458 651 paruo
1479 604 1691 640 momento
1725 599 1868 656 [con]-

35 671 258 726 scripserat
287 668 442 711 nullius
473 668 683 716 utilitatis;
716 667 811 710 ideo
842 674 1030 710 mortuus
1051 677 1197 724 postea
1219 684 1314 711 cum
1335 669 1456 712 libris
1479 671 1720 715 combustus
1753 673 1866 730 [est]

144 744 207 785 63.
241 744 385 799 capsis.
443 741 494 782 In
527 741 679 796 quibus
710 741 870 783 scilicet
901 748 1096 797 poemata
1127 758 1202 784 sua
1232 742 1428 784 habebat.

144 818 209 858 64.
242 817 489 858 Ambustum.
548 815 732 857 Arsisse.

144 891 208 932 65.
239 891 366 944 suerit
397 890 585 930 limatior.
645 887 794 929 Fuerit
823 888 1008 943 politior,
1040 890 1303 932 emendatior
1333 905 1459 945 quam
1491 892 1620 943 rudis,
1668 900 1708 934 et
1740 908 1866 948 quam

32 963 153 1006 turba
182 963 307 1005 fuerit
336 970 557 1017 poetarum
588 962 812 1016 antiquior.

142 1037 206 1078 66.
238 1038 353 1078 rudis
384 1045 420 1077 ec
455 1036 623 1078 Graecis
653 1037 789 1077 intact.
823 1050 948 1077 carm.
981 1045 1134 1078 auclor.
1197 1037 1284 1090 Qui
1306 1039 1467 1094 primus
1490 1039 1663 1080 satiram
1688 1038 1868 1082 Graecis

31 1110 221 1153 uersibus
250 1110 505 1151 hexametris
535 1109 760 1150 scribendo
792 1109 917 1150 etiam
950 1108 1213 1153 Graecorum
1245 1118 1391 1154 auctor
1434 1113 1558 1155 huius
1603 1114 1744 1169 operis
1791 1121 1865 1165 est,

31 1184 74 1227 id
103 1191 185 1226 est:
218 1191 259 1225 et
289 1184 482 1239 quamuis
505 1181 674 1225 Graeca
705 1183 894 1224 carmina
915 1183 1109 1226 Lucilius
1140 1185 1302 1240 primus
1333 1186 1617 1237 admiscuerit,
1651 1188 1762 1243 quod
1796 1204 1864 1230 su-

30 1258 168 1314 perius
190 1259 248 1313 (u.
273 1258 460 1312 20—24)
483 1256 773 1312 deprehendit.
840 1257 1008 1299 Graecis
1038 1259 1187 1299 intacti.
1249 1258 1299 1299 Id
1330 1267 1404 1310 cst,
1436 1276 1461 1301 a
1494 1260 1673 1303 Graecis
1704 1262 1863 1303 intacti.

139 1333 206 1372 int.
242 1333 445 1373 carminis.
521 1329 570 1370 Id
602 1338 675 1380 est,
723 1330 889 1380 satirae,
936 1331 1035 1385 quia
1069 1329 1225 1372 Graeci
1257 1347 1340 1373 non
1379 1334 1639 1389 scripserunt
1677 1335 1865 1377 fabulam

29 1405 248 1460 integram,
279 1404 358 1446 hoc
389 1411 463 1454 est,
495 1403 665 1445 heroico
696 1411 842 1453 nietro,
876 1404 949 1444 sed
981 1404 1241 1446 miscuerunt
1265 1420 1358 1447 cum
1382 1407 1613 1449 comoediis
1636 1434 1685 1438 —
1709 1410 1725 1462 Η
1751 1408 1865 1464 [An-

28 1485 94 1520 tea
122 1478 234 1519 enim
265 1478 343 1520 soli
361 1475 527 1520 Comici
559 1492 696 1518 mores
728 1492 895 1518 suorum
929 1477 1159 1532 carpebant
1192 1479 1308 1534 apud
1341 1478 1566 1538 Graecos]
1585 1507 1630 1511 ψ
1655 1479 1770 1533 Quia
1801 1481 1866 1522 di-

29 1558 175 1594 cuntur
206 1549 363 1593 Graeci
395 1551 567 1593 satiram
598 1566 680 1592 non
713 1566 860 1606 puram
894 1551 1125 1606 scripsisse.
1149 1554 1165 1606 Η

140 1626 204 1666 68.
238 1625 286 1667 Ξῖ
307 1627 411 1680 foret
442 1626 514 1666 hoc
544 1633 727 1666 nostrum
774 1626 875 1678 (salo
918 1626 1099 1682 dilapsus
1130 1628 1169 1666 in
1203 1630 1382 1680 aeuum).
1459 1626 1507 1669 Si
1553 1629 1631 1670 hoc
1675 1637 1864 1685 tempore

120 1811 151 1850 l)
176 1810 304 1840 Etrusci
324 1827 363 1831 —-
383 1815 472 1840 erant
498 1820 514 1832 v
551 1810 619 1839 rell.
647 1819 706 1839 om.
734 1809 829 1839 Conl'.
855 1810 893 1839 de
921 1809 1036 1840 Cassio
1063 1810 1225 1840 Parmensi
1253 1812 1335 1841 insi-a
1361 1812 1394 1844 F
1422 1812 1446 1845 I.
1474 1814 1502 1842 4.
1530 1814 1560 1843 3.
1587 1812 1737 1843 Caesaris
1765 1815 1864 1843 inter-

504 1833 523 1852 Γ

27 1865 124 1897 fector
148 1871 217 1897 erat
240 1867 310 1897 Val.
337 1866 424 1896 Max.
451 1867 475 1902 I,
505 1868 533 1896 7.
563 1868 592 1896 7.
623 1866 701 1895 Vell.
729 1865 800 1896 Pat.
826 1867 867 1903 ΙΙ,
895 1867 948 1903 87,
977 1867 1006 1904 3,
1046 1868 1115 1905 ipse
1152 1869 1346 1898 interfectus
1373 1879 1390 1898 a
1417 1868 1455 1905 Q.
1484 1870 1577 1907 Varo,
1617 1880 1680 1900 non
1718 1881 1734 1900 a
1771 1871 1865 1900 Vario

28 1926 130 1962 poeta.
157 1923 201 1954 Ut
226 1923 327 1954 Varus
354 1928 386 1953 et
411 1923 528 1953 Varius
555 1924 639 1952 inter
666 1933 698 1952 se
724 1922 1020 1960 confundebantur,
1047 1924 1092 1953 sic
1118 1934 1189 1954 cuin
1216 1924 1328 1955 Cassio
1355 1926 1481 1957 Etrusco
1509 1931 1538 1957 et
1565 1926 1680 1957 Cassio
1704 1928 1867 1957 Parmensi

28 1980 59 2010 in
85 1980 212 2010 scholiis
237 1984 296 2010 est.
325 1979 408 2010 conf.
434 1979 610 2010 Weicherti
638 1980 755 2009 librum
781 1980 819 2009 de
846 1979 937 2009 Lucii
963 1980 1051 2009 Varii
1079 1985 1109 2010 et
1136 1980 1241 2012 Cassii
1268 1982 1455 2014 Parmensis
1474 1984 1541 2014 uita
1560 1989 1591 2014 et
1609 1986 1807 2015 carminibus
1833 1995 1861 2022 p.

29 2037 101 2068 219.
120 2042 149 2067 et
166 2037 327 2068 Welckeri
354 2038 416 2067 Die
442 2038 666 2075 griechischen
681 2037 865 2075 Tuagodicn
885 2047 914 2075 p.
933 2037 1017 2068 1403
1037 2047 1124 2077 seqq.
1176 2040 1210 2078 5)
1236 2038 1383 2069 Cassium
1409 2050 1470 2070 om.
1498 2052 1524 2083 γ.
1546 2059 1580 2062 —
1596 2043 1681 2072 anmi
1708 2047 1866 2080 compat-at

28 2095 81 2133 qui
106 2103 146 2124 m.
172 2103 200 2133 p.
226 2104 251 2125 s.
279 2095 380 2124 trahit
405 2104 432 2137 γ,
459 2104 519 2124 οιιι.
551 2095 605 2132 qui
624 2094 742 2123 multos
762 2103 872 2123 uersus
892 2094 924 2123 in
958 2103 1056 2132 paruo
1074 2101 1234 2126 momento
1254 2095 1526 2136 [con]scripserat
1544 2098 1666 2128 nullius
1684 2099 1861 2135 utilitatis;

30 2151 100 2181 ideo
123 2155 265 2182 mortuus
291 2155 402 2190 postea
427 2161 497 2181 cum
524 2151 617 2181 libris
643 2151 830 2180 combustus
860 2149 941 2191 [est]
970 2151 1041 2181 fuit.
1068 2161 1151 2182 iuva.
1220 2153 1254 2191 6)
1280 2154 1513 2192 conscripserat
1540 2153 1578 2190 Q.
1631 2155 1665 2193 7)
1693 2156 1766 2184 ideo
1792 2159 1863 2193 post

29 2212 159 2239 mortem
185 2209 329 2238 decreuit
368 2213 510 2246 senatus,
549 2212 584 2237 ut
611 2208 685 2237 libri
712 2216 781 2237 cum
808 2215 937 2245 corpore
964 2209 1221 2239 incenderentur.
1250 2207 1292 2239 C:
1331 2215 1545 2241 eat-urerentur.
1594 2229 1625 2231 -->
1664 2216 1712 2241 est
1740 2212 1776 2248 Q.
1827 2212 1862 2251 8)

27 2265 124 2304 capsis
154 2283 181 2285 —-
215 2265 355 2295 habebat
380 2275 405 2306 γ.
433 2265 500 2294 rell.
527 2274 587 2296 om.
649 2266 683 2304 9)
711 2264 905 2294 Ambustum
931 2264 1034 2294 (trisse
1060 2263 1139 2306 (sic)
1170 2276 1196 2308 γ.
1230 2267 1298 2295 rell.
1332 2276 1393 2297 oni.
1463 2268 1516 2306 10)
1543 2267 1664 2306 Vulgo:
1704 2268 1861 2297 Limatiow.

27 2320 169 2359 Politior,
196 2323 395 2352 emendatior
421 2324 441 2352 i.
469 2323 616 2361 quamuis
688 2322 907 2359 reprehendit,
936 2322 1032 2352 schol.
1059 2323 1110 2352 ad.
1138 2333 1168 2351 ιι.
1196 2328 1301 2353 auctor
1326 2334 1355 2354 ιι.
1381 2325 1434 2353 66.
1458 2341 1494 2345 ⁴-
1515 2333 1609 2363 quam
1634 2325 1723 2353 rudis
1751 2324 1861 2364 (Hor.)

28 2394 67 2398 ——
92 2379 253 2417 antiquior
277 2388 302 2420 γ.
329 2379 400 2408 rell.
428 2388 488 2408 om.
526 2389 543 2420 'a'
568 2378 630 2408 duo
656 2378 752 2408 habet
778 2378 920 2408 scholia:
960 2378 993 2417 a)
1022 2378 1160 2408 limatior.
1188 2379 1285 2409 fuerit
1314 2381 1457 2411 limatior
1484 2390 1578 2419 quani
1604 2381 1695 2410 rudis
1722 2386 1751 2411 et
1779 2391 1807 2420 q.
1836 2387 1860 2410 t.

26 2433 48 2464 f.
72 2443 102 2473 p.
129 2435 301 2474 antiquior.
343 2436 379 2475 b)
404 2435 546 2465 limatior.
575 2435 707 2473 politior
734 2435 932 2465 emendat-ior
957 2436 977 2465 i.
1004 2435 1133 2466 limatus
1160 2446 1253 2475 quam
1279 2436 1379 2466 rudis.
1445 2436 1499 2476 12)
1526 2437 1579 2475 qui
1601 2447 1652 2479 ·(,v
1678 2439 1747 2469 rell.
1774 2438 1859 2476 qnia.

27 2493 161 2531 satyram
187 2491 319 2523 Graecis
344 2492 484 2522 intactam
501 2502 583 2522 uers.
611 2489 781 2530 ath(G‘?)
810 2493 964 2522 intactam
993 2502 1053 2522 om.
1082 2502 1174 2534 ·,'‚mv.
1239 2493 1293 2532 13)
1320 2494 1490 2523 exametris
1514 2503 1574 2535 γ,ι’.
1600 2511 1643 2515 —
1670 2495 1766 2524 huius
1792 2499 1860 2523 tem-

21 2548 106 2586 poris
128 2559 158 2579 v.
184 2553 211 2579 ec
233 2559 259 2591 γ.
285 2550 354 2579 rell.
381 2559 441 2579 om.
504 2547 561 2588 15)
587 2548 796 2587 deprehendit
821 2558 847 2590 γ.
874 2552 960 2579 recte
997 2559 1054 2587 pro
1081 2550 1323 2579 animaduertit.
1363 2551 1442 2580 conf.
1481 2548 1548 2580 Cic.
1574 2550 1678 2580 Flaee.
1717 2552 1771 2580 16:
1810 2561 1861 2581 res

26 2613 155 2644 magnas
181 2615 275 2645 saepe
300 2607 333 2636 in
358 2607 502 2636 minimis
528 2606 631 2635 rebus.
657 2605 726 2635 rell.
752 2605 960 2643 reprehendit
986 2605 1143 2644 (repraeh.
1160 2606 1206 2644 v).
1228 2606 1318 2635 -Id
1345 2610 1393 2637 est
1419 2616 1437 2636 a
1462 2607 1566 2645 grecis
1593 2607 1709 2636 intacti
1735 2616 1761 2648 γ.
1789 2608 1858 2636 rell.

27 2660 135 2692 om.C.
186 2661 241 2701 16)
266 2663 304 2692 Id
330 2668 379 2693 est
406 2663 526 2692 satirae
551 2672 577 2703 γ.
604 2662 672 2691 rell.
700 2672 760 2691 om.
787 2662 818 2690 id
846 2666 905 2692 est.
960 2663 1015 2702 17)
1040 2667 1133 2692 metro
1158 2672 1184 2704 γ.
1211 2663 1281 2693 rell.
1309 2664 1460 2693 carmine.
1480 2680 1521 2683 ——
1540 2662 1648 2692 Antea
1662 2680 1703 2684 —-
1721 2662 1860 2694 Grae-:os

27 2726 84 2747 om.
108 2726 135 2760 γ.
188 2718 244 2757 18)
272 2718 411 2755 (ᾆιιίειμ
427 2720 596 2757 scripsisse
621 2728 681 2749 om.
709 2717 737 2748 G
764 2718 808 2757 (Q
832 2728 902 2748 unc.
929 2719 1034 2759 incl.)‚
1062 2729 1145 2750 mva.
1196 2720 1253 2758 20)
1280 2719 1416 2759 dilapsus
1433 2720 1489 2762 ffb,
1515 2723 1551 2749 ut
1576 2728 1659 2748 omn.
1686 2719 1752 2749 fere
1777 2724 1859 2750 uett.

27 2773 112 2804 codd.
137 2774 382 2819 EBtpDFHIPR
407 2775 529 2806 Genou.
555 2775 665 2806 Ambr.
692 2775 787 2804 Fran.
813 2775 926 2814 Regin.
953 2775 1064 2815 Magd.
1091 2777 1108 2806 6
1134 2776 1238 2806 Harll.
1265 2777 1384 2807 Bernn.
1419 2775 1503 2806 ACD
1532 2779 1593 2806 etc.
1643 2775 1727 2805 Vera
1752 2777 1859 2813 lectio,

27 2829 145 2860 reiecta
169 2831 246 2861 inde
270 2841 288 2862 a
314 2841 394 2862 saec.
422 2832 490 2869 XV,
529 2832 605 2871 quia
639 2831 808 2861 difficilior
843 2831 1026 2862 uidebatur.
1084 2833 1127 2863 Ut
1153 2832 1218 2864 Cic.
1247 2833 1312 2864 Off.
1338 2833 1361 2865 Ι,
1390 2834 1429 2863 29
1457 2834 1491 2863 in
1515 2832 1753 2871 turpitudinem
1779 2833 1859 2863 dila-

28 2886 134 2918 bamur
160 2889 258 2928 (conf.
286 2888 353 2919 Cic.
380 2890 450 2919 Am.
467 2890 517 2919 21.
544 2889 629 2919 Phil.
648 2889 734 2925 XIII,
755 2889 789 2927 ὃ)
817 2889 949 2919 uerbum
977 2892 1162 2928 expulsum,
1189 2891 1232 2920 sic
1259 2896 1370 2920 nostro
1395 2890 1464 2919 loco
1488 2893 1647 2919 mutatum
1674 2894 1723 2919 est
1749 2891 1783 2920 in
1809 2890 1859 2920 (le—

27 2941 143 2982 lapsum
167 2945 255 2975 Parr.
281 2946 330 2975 MI
355 2947 447 2976 Harl.
474 2947 495 2975 k
520 2959 564 2973 -τ
589 2947 675 2976 2734
703 2956 784 2976 saec.
810 2945 877 2976 XV.
904 2946 1004 2977 Pulni.
1033 2947 1121 2985 Ald„
1159 2951 1212 2977 aut
1241 2948 1272 2977 in
1298 2947 1415 2977 dilatus
1448 2945 1577 2985 Magd.2
1606 2946 1696 2976 Harl.
1736 2948 1753 2975 4
1793 2947 1857 2985 (St.

28 2997 127 3030 Iacob.
155 3011 236 3032 saec.
262 3002 348 3041 XII).
375 3002 423 3032 St.
450 3002 599 3033 German.
629 3008 688 3033 etc.
715 3002 880 3041 (Lambin.
908 3005 927 3034 i.
954 3013 979 3035 e.
1005 3006 1217 3044 reseruatus),
1244 3005 1294 3034 uel
1321 3004 1458 3041 delatus,
1484 3004 1641 3034 lectiones
1666 3003 1780 3034 faciles
1809 3014 1858 3033 sa-

29 3055 129 3095 tisque
154 3058 262 3090 bonae.
288 3059 398 3089 ualida
425 3064 531 3089 tamen
557 3060 749 3090 auctoritate
775 3064 933 3090 carentes.
960 3060 1045 3090 Edd.
1072 3060 1207 3092 Acronis
1232 3061 1362 3090 breuius
1388 3061 1507 3090 habent
1533 3061 1649 3091 lemnia
1669 3060 1761 3100 Sifo.
1780 3071 1809 3090 η.
1829 3061 1855 3090 Ιι.

28 3115 120 3151 atque
145 3118 223 3145 uett.
249 3115 442 3154 interpretes
466 3116 564 3146 uerbo
591 3116 713 3146 nullam
738 3117 895 3155 praebent
920 3117 1173 3157 explicationem
1202 3118 1413 3156 singularem.
1452 3118 1482 3147 id
1522 3118 1605 3156 quod
1645 3118 1764 3148 nullius
1791 3128 1856 3147 mo-

159 3179 211 3201 uAi
226 3180 316 3206 Tuan,
334 3181 400 3201 Αοιι..
419 3181 457 3202 nr
475 3181 588 3202 ronrn.
607 3181 633 3202 u.
1555 3178 1585 3201 1¹2

1918 535 1936 564 5

1895 901 1935 933 10

1893 1271 1933 1302 15
