2148 3412
84 943 124 975 lO

81 1311 120 1342 15

155 141 237 182 432
793 151 899 183 Aen.
926 151 984 182 rxr
1011 151 1177 182 rom‘n.
1203 150 1351 183 comi.

268 278 332 317 Ἠ.
365 276 539 317 Strenua
560 290 632 316 nos
654 284 809 316 exercet
828 275 987 316 inertia.
1030 271 1295 328 Κακὸζηλονς
1333 273 1394 315 sic
1416 288 1512 315 cum
1534 279 1684 315 tacent.
1717 273 1818 328 (tale
1849 273 1978 316 dicit?

155 350 257 390 haec
288 349 393 403 ait?)
432 348 543 402 Verq.
575 346 649 401 (A.
681 346 764 396 XI,
798 347 916 402 ‹395):
948 348 1204 402 sequiturque
1234 355 1468 402 sequentem.

266 424 331 462 30.
367 422 436 463 Est
471 421 634 463 Ulubris
665 436 701 461 a.
765 421 940 462 Ulubrae
970 420 1086 461 locus
1117 420 1160 460 in
1190 419 1326 469 Italia,
1360 419 1402 460 in
1431 434 1514 474 quo
1535 419 1714 461 nutritus
1735 428 1797 462 est
1819 419 1979 463 Caesar

153 493 392 548 Augustum
429 502 602 550 propter
631 508 758 548 quam
789 508 959 535 causam
991 493 1043 535 ab
1077 493 1255 535 Horatio
1286 492 1540 542 nominatur,
1587 508 1682 534 cum
1728 493 1780 535 sit
1824 493 1977 536 deser-

153 568 337 610 tissimus
368 568 498 610 uicus.

781 793 1157 850 EPISTVLA
1199 795 1238 862 1,
1280 797 1357 847 12.

970 904 1157 949 AGRON.

265 1009 479 1051 Fruelz'bus
516 1010 728 1064 Aqrimme.
788 1007 860 1048 Ad
904 1006 1064 1049 Iccium
1108 1013 1424 1062 procuratorem
1468 1005 1693 1063 Agrippae
1739 1007 1783 1048 in
1829 1006 1977 1049 Sicilia

148 1082 430 1131 constitutum,
476 1082 527 1122 de
560 1097 641 1137 quo
672 1081 729 1122 ait
761 1079 832 1137 (C.
864 1080 898 1131 Ι,
930 1082 996 1131 29,
1031 1082 1099 1137 ]):
1146 1081 1234 1122 leci
1276 1081 1400 1122 beatis
1444 1095 1553 1122 nunc
1596 1082 1779 1123 Arabum
1821 1082 1977 1123 inuides

146 1157 271 1210 yazis.
333 1154 419 1197 Sed
449 1162 493 1196 ut
524 1155 612 1196 illic
642 1154 915 1210 cupiditatem
946 1154 1035 1196 eius
1065 1153 1322 1209 perstrinxit,
1355 1153 1413 1194 ita
1443 1154 1511 1195 hic
1547 1154 1848 1209 parsimoniam
1883 1154 1976 1196 lau-

148 1219 232 1277 dai,
263 1237 402 1271 tamen
434 1244 528 1270 cum
559 1229 843 1271 mordacitate.
902 1226 994 1268 Alii
1025 1228 1182 1277 dicunt,
1221 1227 1334 1281 quod
1365 1243 1491 1283 agros
1522 1227 1584 1268 illi
1628 1227 1673 1269 in
1704 1226 1854 1270 Sicilia
1900 1228 1976 1270 do-

147 1303 309 1344 nauerit
341 1302 552 1358 Agrippa.

260 1378 296 1417 2.
329 1376 376 1417 Se·
401 1384 506 1417 reete
536 1376 696 1429 frueris.
756 1374 808 1415 Id
838 1382 912 1423 est,
945 1381 1163 1416 contentus
1193 1374 1324 1416 fueris
1355 1374 1559 1417 reditibus
1590 1375 1683 1417 tuis.

259 1452 297 1490 4.
331 1452 398 1491 ceci
426 1464 565 1491 rerum
597 1463 711 1505 supp.
742 1463 853 1490 usus.
912 1448 963 1489 Id
995 1455 1068 1498 est,
1106 1449 1175 1489 cui
1205 1449 1311 1489 nihil
1342 1449 1457 1490 deest
1487 1448 1540 1489 ad
1572 1449 1714 1490 uitam.

259 1526 294 1564 7.
328 1524 550 1565 abstemius.
609 1522 837 1564 Abstemius
867 1521 1044 1572 sobrius,
1078 1522 1190 1577 quod
1211 1537 1235 1563 a
1256 1529 1408 1564 temeto
1440 1521 1660 1573 abstineat,
1691 1522 1736 1563 id
1757 1529 1830 1573 est,
1861 1522 1973 1573 uino,

146 1597 219 1639 sed
251 1603 288 1638 et
319 1596 388 1638 hic
419 1596 645 1638 abstinens.

260 1672 296 1711 7.
329 1671 366 1712 8.
398 1670 529 1711 herbis
567 1670 675 1711 riuis
706 1678 743 1711 et
771 1671 913 1711 urtica.
976 1670 1125 1711 Urlica.
1174 1666 1322 1710 Genus
1366 1668 1534 1710 herbae.
1607 1668 1746 1711 Iccius
1790 1669 1868 1711 iste
1900 1669 1973 1710 ad-

145 1744 346 1786 cumbens
376 1743 419 1784 in
450 1743 689 1798 praesentia
720 1742 959 1798 Agrippae,
992 1749 1038 1784 ut
1066 1742 1231 1784 fidelior
1261 1742 1299 1784 ei
1330 1742 1560 1793 uideretur,
1592 1743 1839 1797 parcissime
1870 1758 1973 1798 epu-

143 1817 321 1868 labatur,
366 1821 408 1857 in
438 1824 612 1866 tantum,
658 1823 714 1866 ut,
752 1816 1002 1858 intermissis
1034 1816 1244 1866 carnibus,
1290 1816 1432 1858 herbis
1463 1823 1716 1867 uesceretur,
1763 1823 1805 1858 at
1833 1817 1878 1858 in
1908 1831 1973 1859 se-

145 1897 256 1933 creto
289 1890 502 1945 (uiuenSP)
534 1889 660 1945 gulae
690 1889 950 1946 indulgebat.
1026 1889 1154 1932 Unde
1185 1889 1287 1931 dicit
1318 1896 1462 1945 poeta:
1509 1889 1553 1930 in
1590 1890 1729 1932 medio
1766 1891 1972 1933 sociorum

142 2081 225 2111 biter
249 2084 291 2109 est
315 2081 402 2110 locus
426 2080 479 2119 qui
498 2097 529 2100 —
545 2079 691 2110 discretus
712 2080 782 2109 MR.
802 2080 910 2110 maris.
937 2080 1057 2110 arbiter
1081 2089 1109 2109 a.
1137 2080 1248 2110 maris.
1278 2078 1409 2110 Arbiter
1433 2079 1479 2112 fh.
1506 2081 1604 2110 maris
1629 2084 1680 2110 est.
1706 2079 1837 2110 Arbiter
1862 2079 1899 2116 Q.
1925 2080 1972 2110 di-

140 2141 246 2167 sertus
272 2147 303 2167 v.
332 2137 407 2166 inde
432 2136 573 2166 desertus
600 2136 669 2166 afh.

257 2195 289 2233 1)
315 2190 498 2235 κακόζηλον
522 2193 561 2223 A.
589 2198 670 2231 spat.
698 2202 766 2224 uae.
796 2194 828 2222 in
852 2193 889 2222 R.
917 2194 1083 2223 cacozelon
1108 2192 1204 2223 M2G.
1230 2189 1395 2235 ὀξὺμωρον
1420 2193 1510 2223 vafh.
1539 2194 1586 2223 sic
1611 2203 1682 2223 cum
1707 2196 1816 2223 tacent
1840 2192 1968 2223 MR2G.

139 2251 209 2280 rell.
235 2260 294 2280 om.
324 2250 369 2285 Q:
409 2251 499 2289 ‘quae
525 2250 602 2288 qnid
629 2251 690 2279 sibi
716 2251 822 2279 uelint
848 2250 947 2279 nescii
972 2250 1120 2279 lacunam
1148 2250 1373 2288 signauimus.'
1438 2250 1473 2289 3)
1500 2259 1518 2279 a
1549 2259 1677 2280 caesare
1714 2254 1853 2288 augusto
1878 2249 1970 2280 MRG

141 2311 171 2337 et
197 2317 216 2336 v
243 2307 423 2345 (perperam
449 2306 503 2344 Q).
529 2307 598 2336 rell.
626 2306 743 2336 Caesar
767 2306 944 2345 Angustus.

252 2363 408 2394 ACRON.
456 2363 517 2393 AD
543 2361 724 2393 HICCIVM
747 2373 764 2405 γ
797 2363 832 2401 (b
859 2373 922 2392 car.
948 2363 1063 2401 inser.)
1098 2363 1206 2393 Ambr.
1255 2364 1314 2393 AD
1350 2363 1544 2394 HICTIVM
1575 2363 1669 2393 Bern.
1703 2363 1743 2392 D.
1793 2363 1852 2393 AD
1879 2361 1969 2393 HIC-

141 2421 303 2451 CHEVM.
322 2421 392 2450 XII.
412 2421 505 2450 Fran.
553 2420 612 2449 AD
630 2418 777 2449 ICCIVM
795 2420 917 2455 QVEM
943 2414 998 2449 CV
1024 2420 1209 2455 QVADAM
1226 2420 1541 2451 ADMONITIONE
1568 2421 1627 2460 (Α
1644 2418 1773 2451 CIONE
1799 2419 1842 2459 E)
1868 2419 1970 2449 LAv-

138 2477 225 2507 DAT
251 2478 342 2520 ΒφΕ.
391 2477 449 2506 AD
477 2476 630 2506 ICTIVM
649 2476 686 2511 Q.
708 2476 742 2506 C.
763 2476 800 2512 Q.
826 2476 933 2506 AMM.
954 2476 1127 2506 LAVDAT
1145 2477 1242 2507 Bern.
1263 2477 1299 2507 C.
1318 2477 1390 2507 Par.
1408 2478 1432 2506 Ι.
1480 2478 1541 2507 AD
1567 2476 1722 2507 ICTIVM
1745 2476 1970 2510 LOQVITVR

139 2535 174 2569 Q.
202 2533 238 2564 C.
259 2533 297 2569 Q.
321 2534 429 2563 AMM.
458 2533 634 2562 LAVDAT
659 2533 726 2562 ΗΡ.
753 2533 842 2562 Harl.
873 2534 969 2563 2724.

254 2591 309 2628 1‘2)
338 2589 498 2619 constitum
522 2599 549 2631 γ,
577 2594 609 2619 ut
634 2599 739 2627 supra.
792 2590 848 2628 13)
876 2589 932 2619 Set
957 2594 984 2619 et
1007 2591 1075 2620 illic
1100 2591 1333 2621 Par-simoniam
1364 2591 1439 2629 (om.
1459 2600 1528 2629 cup.
1556 2592 1623 2620 eius
1649 2594 1748 2629 perst.
1776 2591 1822 2620 ita
1839 2589 1907 2628 hic)
1932 2589 1968 2619 fh

137 2648 280 2677 Braunh.
309 2647 389 2676 conf.
415 2647 573 2676 Dtintzer.
599 2646 624 2675 Ι.
652 2656 681 2684 p.
712 2647 783 2676 155.
811 2647 880 2675 rell.
906 2651 937 2676 ut
961 2647 1038 2676 illie.
1064 2665 1106 2668 —-
1133 2657 1203 2686 cup.
1232 2649 1298 2677 eius
1325 2652 1438 2686 perstr.
1467 2646 1598 2688 -(‚C(Q).
1666 2647 1720 2686 15)
1750 2646 1917 2677 donauerz't
1939 2656 1966 2688 γ.

138 2705 207 2733 rell.
228 2705 413 2734 donauerat.
467 2705 522 2742 16)
540 2703 578 2732 ld
596 2707 642 2733 est
655 2721 694 2723 n-
710 2704 774 2732 tuis
792 2712 808 2744 γ
827 2703 959 2741 (redd),
977 2702 1001 2732 O
1026 2703 1075 2742 (Si
1093 2714 1117 2733 r.
1138 2704 1176 2734 fr.
1198 2704 1235 2734 Sa·
1251 2705 1364 2742 cont)
1417 2703 1472 2743 17)
1498 2705 1518 2734 i.
1537 2705 1587 2734 cui
1600 2722 1636 2725 ——
1653 2705 1756 2734 uitam
1774 2713 1799 2745 γ.
1818 2704 1887 2733 rell.
1907 2713 1966 2733 om.

138 2761 217 2790 conf.
246 2760 287 2790 C:
315 2761 365 2789 cui
392 2761 473 2789 nihil
499 2760 598 2789 deest.
651 2760 705 2798 18)
732 2759 896 2788 Abstemius
921 2778 963 2780 —
989 2762 1154 2791 abstinens
1178 2771 1202 2802 γ.
1241 2762 1292 2791 Ab
1320 2772 1354 2791 eo
1380 2762 1466 2800 quod
1490 2762 1656 2791 abstineat
1680 2765 1810 2797 temeto,
1847 2760 1880 2790 id
1906 2764 1966 2797 est,

138 2818 227 2853 nino;
256 2818 312 2846 sed
330 2817 384 2846 hie
401 2826 457 2855 pro
475 2817 580 2846 sobrio
606 2817 746 2854 positum
772 2816 836 2845 afli.
864 2817 895 2845 in
920 2818 1023 2847 medio
1049 2818 1210 2848 abstenuis
1230 2818 1317 2857 (sic).
1348 2817 1542 2856 Gompositum
1566 2822 1608 2847 est
1631 2819 1669 2847 ab
1698 2827 1732 2847 eo
1758 2818 1840 2856 quod
1864 2817 1967 2847 absti-

137 2879 213 2903 neat
238 2874 370 2903 Temeto
396 2875 415 2905 i.
442 2874 527 2903 uino.
555 2872 617 2902 Sed
642 2874 692 2902 hic
718 2882 773 2911 pro
799 2873 904 2902 sobrio
922 2878 953 2903 et
971 2874 1146 2903 abstinenti
1166 2876 1301 2912 positum
1320 2885 1349 2904 v.
1377 2874 1420 2910 Q:
1436 2893 1477 2895 -—
1492 2876 1577 2912 uino,
1605 2875 1660 2904 sed
1684 2878 1710 2903 et
1733 2873 1782 2904 bic
1807 2873 1965 2903 abstinens.

138 2930 218 2959 conf.
249 2930 289 2959 C:
318 2929 493 2959 'abstemius⁸
520 2929 668 2959 abstinens
693 2929 801 2959 (lictum
827 2930 865 2959 ab
893 2939 927 2959 eo
953 2931 1035 2968 quod
1062 2932 1225 2961 abstineat
1252 2935 1379 2969 temeto,
1406 2931 1440 2961 id
1466 2936 1525 2968 est,
1552 2932 1646 2968 uin0;
1674 2931 1729 2960 sed
1754 2931 1808 2960 hic
1826 2939 1880 2968 pro
1898 2931 1965 2961 sob.

137 2986 274 3023 1›‹›.est.'
306 2985 388 3015 conf.
406 2996 436 3015 v.
499 2987 556 3024 20)
583 2986 691 3017 *ea-tica.
718 2986 828 3016 Genus
855 2987 981 3016 herbae.
1009 2988 1051 3024 gl.
1080 2997 1120 3017 ex
1145 2997 1171 3029 γ.
1209 2988 1292 3018 conf.
1314 2987 1350 3018 C.
1377 3005 1421 3009 —
1444 2988 1582 3017 recumb.
1608 2997 1633 3029 γ.
1661 2988 1729 3017 rell.
1766 2988 1964 3017 accumbens.

140 3042 196 3079 22)
225 3042 415 3072 carminibus
441 3053 465 3083 γ.
497 3061 533 3063 ἡ
563 3049 596 3073 at
622 3045 654 3073 in
680 3047 827 3073 secretum
850 3043 969 3073 ueniens
994 3044 1087 3081 gulae
1113 3044 1300 3082 indulgebat
1322 3045 1366 3074 fh.
1404 3048 1437 3074 at
1461 3044 1488 3073 si
1511 3043 1650 3073 secretim
1673 3044 1805 3073 ueniens
1832 3053 1885 3082 gu.
1911 3044 1963 3073 in-

138 3099 279 3135 dulgeret
304 3109 330 3127 a.
356 3110 391 3128 ac
415 3099 443 3128 εἰ
467 3102 591 3130 secretfi
616 3101 750 3130 ueniens
776 3110 829 3138 gu.
856 3101 1041 3138 indulgebat
1065 3111 1095 3130 v.
1123 3106 1149 3130 et
1173 3103 1199 3131 si
1225 3112 1265 3139 m⁷
1301 3106 1386 3132 teste
1405 3101 1443 3137 Q.
1471 3105 1504 3132 at
1533 3102 1567 3130 in
1592 3105 1710 3130 secreto
1737 3100 1810 3139 (om.
1837 3100 1884 3138 u.)
1911 3109 1963 3138 gu.

137 3155 341 3193 uinrlulgerec
364 3165 389 3197 γ.
415 3156 439 3185 C
466 3157 547 3186 nihil
573 3157 670 3187 habet
700 3158 778 3187 nisi:
805 3157 911 3187 urtica.
937 3166 1038 3196 genus
1069 3162 1117 3187 est
1143 3159 1270 3188 herbae.
1336 3158 1392 3198 23)
1417 3158 1511 3188 Unde
1528 3175 1564 3180 —
1581 3158 1746 3196 significat
1763 3167 1790 3199 γ.
1810 3157 1879 3186 rell.
1898 3166 1961 3187 om.
