2148 3412
787 105 835 137 [N
862 105 1006 138 EPIST.
1034 105 1059 143 1⁷
1088 110 1137 137 ιε.
1803 99 1885 140 479

173 226 238 267 67.
271 226 461 268 Protinus
491 233 535 268 ut
564 239 757 269 moneam.
832 227 882 269 In
912 228 1111 271 ulteriora
1141 235 1345 285 tempora,
1394 245 1449 273 an
1485 238 1531 273 ut
1567 232 1749 275 monitus
1786 247 1885 275 eon-

61 299 245 341 tinuem‘?

172 372 237 413 68.
268 386 384 428 saepe
414 371 557 414 uidero.
619 371 678 414 Ut
709 380 749 413 et
778 374 919 415 uerius
949 389 1152 431 magnum
1183 384 1468 433 praeceptum.

171 445 236 486 69.
268 445 605 487 Percontatorem.
634 445 1003 502 Interrogatorem.

171 519 236 559 70.
261 519 442 574 patulae.
503 517 719 560 Patientes
749 519 804 560 ad
833 520 1103 562 audiendum.

171 593 368 637 conmissa
398 593 463 648 fid.
496 607 627 634 aures.
688 591 810 645 Quae
842 594 1101 645 conmiseris‚
1132 595 1286 650 prodit.

171 666 236 705 71.
269 666 470 706 emissum.
529 664 597 706 Ex
629 679 700 706 ore
730 672 813 707 tuo.

170 739 235 779 73.
267 737 387 780 Intra
408 752 680 780 marmoreum
699 753 788 780 uen.
813 740 929 781 limen
951 754 1027 782 am.
1088 740 1185 783 Hoc
1206 748 1280 792 est,
1313 742 1468 785 diuitis.
1530 753 1662 799 anqat.
1700 743 1885 788 Cruciet.

170 812 235 852 76.
271 811 441 862 Qualem
473 813 719 854 commendes.
782 810 979 865 Quando,
1011 813 1159 869 inquit,
1191 815 1366 858 laudare
1396 816 1461 859 uis
1492 817 1676 873 aliquem
1696 818 1739 860 in
1760 834 1884 874 prae-

58 884 190 927 sentia
220 883 412 934 aliorum,
446 884 673 940 diligenter
704 885 938 937 considera,
970 886 1088 929 illum
1120 895 1345 944 antequam
1377 889 1534 941 laudes,
1566 890 1631 942 n'e,
1658 906 1759 934 uero
1790 908 1886 935 cum

57 964 201 1014 postea
231 965 270 999 te
302 958 551 1013 turpauerit,
584 958 772 1000 incurras
803 960 1113 1001 uerecundiam.
1541 961 1543 963 ’

169 1032 234 1072 79.
267 1032 349 1073 dec.
384 1034 511 1074 omitte
543 1035 656 1074 tueri.
719 1032 899 1074 Sensus:
935 1033 1073 1086 Quem
1095 1034 1335 1078 laudaueris
1358 1038 1486 1078 semel
1508 1045 1548 1079 et
1569 1053 1647 1094 pro
1669 1054 1743 1081 sua
1765 1040 1888 1095 culpa

57 1105 256 1159 deceptus
285 1104 427 1155 fueris,
460 1105 546 1147 noli
576 1105 693 1147 illum
716 1106 888 1147 laudare
910 1107 1103 1162 amplius,
1135 1116 1192 1159 ut,
1230 1110 1265 1151 si
1287 1111 1455 1165 quando
1476 1112 1661 1155 audieris
1681 1113 1725 1154 in
1745 1113 1886 1169 publi-

22 1172 25 1175 *
57 1192 151 1220 cum
180 1177 413 1233 dampnare
443 1179 554 1221 mala
583 1180 707 1221 fama.
775 1179 913 1221 Tuum
945 1181 1127 1222 amicum
1159 1182 1411 1225 familiarem
1432 1184 1630 1227 fidentem
1661 1193 1731 1229 tuo
1761 1201 1885 1242 prae-

57 1250 176 1301 sidio,
209 1266 304 1293 cum
334 1252 493 1293 circum
524 1253 686 1295 roditur
715 1252 936 1295 Theonino
968 1253 1104 1304 dente,
1138 1255 1258 1297 illum
1290 1257 1480 1299 defende.

167 1326 233 1366 81.
269 1326 305 1366 T
305 1327 517 1381 veterisque.
579 1324 738 1368 Sensus
762 1326 881 1383 [est]:
915 1325 963 1368 Si
996 1342 1119 1382 quem
1151 1329 1309 1372 uideris
1341 1345 1365 1371 a
1395 1331 1507 1373 malo
1538 1331 1706 1374 homine
1728 1334 1886 1385 uexari,

57 1397 234 1440 defende
265 1404 305 1440 et
334 1405 462 1440 tuere.

167 1472 233 1513 82.
256 1471 381 1513 Dente
394 1472 604 1514 Theonino.
636 1471 871 1515 Luthienus
881 1473 1061 1529 <Lucius
1073 1475 1110 1531 ἓ)
1120 1475 1269 1518 Theon
1286 1476 1507 1520 libertinus
1519 1486 1560 1520 et
1570 1494 1673 1534 prae
1686 1481 1887 1523 amaritu-

56 1544 152 1586 dine
169 1544 403 1586 dicacitatis
425 1545 483 1586 ita
502 1552 726 1600 patronum
749 1561 914 1602 quoque
937 1562 1055 1589 suum
1078 1550 1358 1605 exasperauit,
1395 1558 1440 1592 ut
1460 1552 1584 1594 domo
1607 1552 1695 1595 eius
1717 1553 1886 1596 submo-

54 1627 221 1661 ueretur
242 1624 281 1660 et
304 1618 573 1674 quaternario
595 1619 735 1674 legato
757 1619 972 1662 iuberetur
992 1628 1144 1663 restem
1167 1622 1248 1664 sibi
1268 1623 1497 1679 palumque
1519 1625 1883 1682 emere.MSensus:
1912 1641 1919 1650 ⁸

58 1689 106 1733 Si
128 1705 252 1747 quem
273 1691 432 1734 uideris
454 1707 479 1733 a
509 1692 620 1734 malo
652 1692 820 1735 homine
850 1694 1009 1744 uexari,
1042 1694 1220 1736 defende
1252 1704 1290 1737 et
1321 1698 1621 1754 tuere.l[Theon
1641 1699 1791 1757 [enim]
1810 1702 1887 1743 fuit

55 1763 343 1806 dicacissimus
374 1772 413 1805 et
445 1765 689 1820 maledicus2
725 1780 802 1821 per
833 1780 956 1821 quem
987 1767 1184 1810 maledici
1216 1779 1256 1810 et
1286 1770 1542 1814 detractores
1574 1773 1885 1831 intelleguntur.

55 1838 70 1893 ΙΙ
100 1838 224 1880 Dente
258 1838 471 1880 Theonino.
531 1838 672 1880 Dente
703 1839 903 1882 mordaci.
966 1840 1114 1882 Theon
1146 1842 1258 1883 enim
1290 1843 1463 1898 quidam
1493 1845 1571 1886 fuit
1600 1846 1843 1889 maledicus.

166 1913 232 1953 87.
264 1920 320 1962 tu,
353 1912 449 1954 dum
479 1922 548 1954 tua
577 1914 697 1955 nauis
727 1915 768 1955 in
799 1914 880 1955 alto
911 1923 978 1956 est.
1038 1913 1090 1955 Id
1122 1922 1201 1957 est:
1248 1924 1305 1967 tu,
1338 1917 1410 1971 qui
1442 1919 1631 1973 coepisti,
1678 1920 1788 1971 uide,
1834 1936 1886 1962 ne

54 1984 212 2027 amieos
242 1985 432 2028 offendas
463 1993 503 2027 et
533 1986 725 2042 ingratus
754 1986 843 2035 fias,
875 2001 924 2028 ac
954 2001 1031 2043 per
1060 1987 1138 2030 hoc
1169 1989 1363 2040 ostendit,
1396 1998 1465 2032 aut
1486 2006 1571 2032 non
1592 1993 1884 2049 suscipiendas
1911 2005 1947 2017 ·”

57 2064 276 2114 potentum
307 2059 528 2110 amicitias,
560 2067 630 2102 aut
661 2060 866 2115 susceptis
896 2060 1286 2116 obtemperandum.

168 2133 233 2174 88.
265 2141 420 2174 mutata
451 2142 544 2175 retr.
576 2143 621 2176 te.
654 2135 682 2189 s.
714 2148 834 2176 aura.
899 2134 984 2176 Per
1016 2149 1163 2176 auram
1195 2135 1446 2191 allegoricos
1477 2138 1700 2180 mutabiles
1735 2139 1886 2183 diuites

57 2205 170 2248 dicit.

170 2368 202 2407 1)
228 2367 521 2399 Ili—continuem
548 2379 575 2411 γ,
603 2370 670 2399 rell.
698 2379 758 2399 om.
807 2370 842 2409 3)
870 2368 1191 2407 Ut——praeceptum
1216 2379 1242 2411 γ.
1270 2371 1338 2400 rell.
1367 2380 1427 2401 om.
1477 2372 1512 2410 4)
1538 2371 1826 2411 Interrogatorem.
1853 2383 1879 2415 γ.

57 2424 124 2454 rell.
151 2433 212 2454 om.
239 2424 322 2455 conf.
350 2424 391 2455 C:
412 2430 682 2465 percunctatorem.
708 2430 834 2456 tuorum
861 2430 1062 2456 secretorum.
1114 2426 1148 2465 5)
1175 2426 1247 2456 Pat.
1274 2428 1312 2456 ad
1337 2429 1409 2457 aud.
1436 2437 1462 2469 γ.
1490 2428 1574 2459 conf.
1603 2429 1646 2459 C:
1684 2438 1798 2468 semper
1822 2434 1885 2468 pat.

57 2480 97 2510 ad
121 2481 194 2510 aud.
220 2482 290 2511 rell.
317 2492 377 2512 om.
442 2483 477 2521 6)
504 2481 594 2518 Quae
622 2483 837 2525 commisseris
874 2484 981 2521 prodit
1005 2492 1033 2525 γ.
1058 2483 1128 2513 rell.
1158 2493 1219 2513 om.
1286 2484 1321 2523 7)
1348 2484 1402 2514 Ex
1427 2493 1480 2514 ore
1508 2489 1565 2515 tuo
1589 2495 1617 2527 γ.
1645 2487 1713 2516 rell.
1740 2496 1800 2516 om.
1849 2487 1884 2526 8)

57 2536 180 2567 diuitiis
204 2547 231 2580 γ.
259 2539 341 2569 conf.
368 2538 413 2569 C:
439 2539 485 2569 ‘in
508 2540 631 2578 palatio
657 2539 764 2569 diuitis
788 2540 894 2569 amici.
922 2540 991 2569 rell.
1019 2550 1080 2569 om.
1130 2540 1165 2578 9)
1191 2540 1625 2575 Quando—uerecundiam
1649 2543 1697 2583 ·sb.
1752 2543 1807 2582 11)
1832 2543 1885 2573 de-

58 2594 232 2632 turpauerz‘t
255 2595 303 2637 *sb-
343 2596 437 2633 posui
463 2600 489 2625 te
512 2600 597 2635 turp.
624 2597 703 2626 conf.
731 2595 813 2626 Stat.
840 2596 941 2626 Theb.
966 2595 1054 2635 V111,
1081 2596 1145 2626 433
1173 2601 1204 2626 et
1230 2596 1297 2627 Cic.
1323 2598 1437 2636 fragm.
1463 2608 1512 2636 ap.
1540 2599 1670 2629 Hieron.
1697 2599 1803 2638 Epist.
1832 2601 1885 2638 26,

59 2650 94 2680 3:
121 2656 311 2682 ornamenta
335 2653 406 2691 ipsa
429 2654 585 2691 turpauit.
611 2654 678 2683 rell.
708 2671 749 2674 —
776 2657 949 2692 antequam
975 2654 1067 2683 illum
1096 2654 1219 2691 laudes,
1258 2663 1297 2683 ne
1322 2654 1486 2694 emnsorte
1522 2665 1592 2684 cum
1628 2660 1741 2694 postea
1777 2657 1885 2686 detur-

58 2708 193 2745 paueris,
220 2710 281 2739 inc.
307 2708 339 2739 in
363 2710 604 2741 uerecundiam.
657 2711 712 2750 12)
738 2709 857 2740 Sensus
872 2728 909 2731 ——
931 2710 1068 2740 defende
1091 2720 1119 2753 γ.
1139 2711 1210 2741 rell.
1231 2721 1290 2742 om.
1342 2711 1397 2750 16)
1424 2711 1552 2741 Scholio
1571 2713 1715 2751 sequenti
1733 2713 1887 2743 adiuncta

60 2764 136 2794 haec
160 2766 194 2795 iu
217 2766 255 2807 ·sb
282 2767 445 2805 leguntur.
473 2766 555 2797 conf.
583 2766 626 2797 C:
654 2767 732 2797 ‘eum
756 2768 889 2797 amicum
913 2777 1006 2806 quem
1032 2785 1072 2788 —-
1098 2769 1234 2798 uexarL'
1302 2768 1356 2807 18)
1383 2768 1547 2798 Lutkienus
1572 2778 1676 2798 emere
1699 2769 1788 2811 *sb‚C.
1814 2771 1884 2800 rell.

59 2830 119 2852 om.
145 2822 227 2852 Theo
251 2824 289 2865 *sb
315 2824 345 2853 h.
373 2824 394 2853 1.
420 2823 528 2854 Theon
552 2823 585 2853 C.
613 2825 783 2854 libertinus
822 2825 1008 2855 dicacitatis
1046 2825 1262 2855 amaritudine
1292 2829 1419 2863 praeter
1454 2829 1564 2855 ceteros
1588 2826 1633 2855 ita
1658 2829 1741 2864 patr.
1770 2835 1817 2856 su·
1847 2826 1883 2857 C.

60 2887 180 2917 quoque
205 2880 234 2909 b.
261 2889 319 2910 om.
346 2889 372 2922 γ.
435 2880 494 2919 20)
521 2880 640 2911 Sensus
667 2899 708 2901 —
732 2885 819 2910 tuere
844 2882 882 2921 γΙ)
908 2882 938 2911 h.
965 2882 986 2911 l.
1014 2882 1120 2912 Theon
1143 2891 1160 2923 γ
1185 2882 1215 2911 h.
1242 2882 1263 2910 1.
1290 2883 1376 2912 enim
1399 2891 1459 2911 om.
1485 2891 1512 2923 γ.
1551 2882 1663 2912 Theon
1688 2883 1772 2912 enim
1796 2883 1883 2913 dica-

61 2935 218 2974 cissimus,
251 2937 284 2966 id
306 2942 348 2967 est
371 2937 595 2976 loquacissimus
620 2937 694 2975 fuit,
721 2943 753 2968 et
777 2938 892 2967 maled.
917 2938 1054 2974 vcath.
1120 2938 1177 2978 23)
1202 2939 1309 2969 Dente
1333 2939 1433 2969 mord.
1460 2938 1543 2968 Theo
1568 2957 1609 2960 —-
1635 2940 1811 2970 maledicus
1834 2942 1884 2983 γὸ.

61 2992 129 3021 rell.
155 3002 215 3022 om.
281 2994 338 3032 25)
365 3003 400 3023 ac
424 3003 450 3036 γ.
477 2995 547 3024 rell.
575 3004 635 3023 om.
702 2994 759 3032 27)
785 2994 847 3024 Per
873 3013 914 3016 ψ
938 2996 1019 3026 dicit
1041 3005 1069 3038 γ.
1108 2996 1228 3026 Auram
1253 2994 1421 3025 mutabilem
1449 2996 1638 3035 allegoricos
1677 2993 1804 3040 (ἀλληγ.
1830 2997 1882 3036 fh)

62 3048 140 3078 dicit
164 3049 302 3085 vcath.

1914 903 1954 935 10

1914 1270 1952 1300 15
