2148 3412
42 2762 44 2786 ³
103 2779 189 2808 ludos
218 2789 243 2820 γ.
310 2781 363 2818 18)
396 2781 501 2810 Tristis
537 2791 553 2800 v

832 113 878 147 m
906 117 1040 151 sumu.
1067 117 1110 156 11,
1138 122 1166 148 2.
1832 106 1911 145 223

203 242 294 282 121.
320 241 487 296 pensilis
518 255 614 281 uua.
673 239 902 281 Pomorum
934 240 1048 291 dicit,
1080 247 1122 281 111
1156 240 1362 289 110111111113,
1395 255 1573 282 mensas.

201 316 393 355 secundas
429 315 478 355 Et
506 328 595 354 nuoe
626 328 712 355 orn.
745 328 912 355 mensas.
988 315 1174 355 8001111110
1221 329 1355 355 mensa
1402 314 1567 361 dicitur,
1614 313 1656 354 in
1703 328 1787 367 qua
1832 328 1915 354 non

91 387 239 437 editur,
270 387 343 428 sed
375 387 497 427 datur
527 401 656 441 opera
687 387 851 441 poculo.

203 462 294 501 122.
327 461 494 516 duplice.
557 459 708 499 Bifida.

203 535 433 575 123—125.
473 535 563 574 Post
594 534 678 574 hoc.
740 532 838 573 Post
871 533 1030 587 pullam
1061 540 1098 573 et
1130 533 1324 574 hoedum.

201 608 321 648 ludus
352 617 438 648 erat
461 607 578 661 culpa
615 622 680 662 po.
704 622 806 660 mass.
868 605 1140 664 Ludebamus
1171 606 1334 661 poculis
1366 607 1634 663 indulgentes
1664 607 1763 648 uino
1791 621 1914 661 prae-

92 687 209 723 eunte
240 694 404 734 quoque
436 680 583 735 culpa:
617 680 716 734 quia
748 679 940 734 culpatur
971 679 1053 729 ille,
1087 679 1160 733 qui
1191 680 1369 724 multum
1401 680 1519 721 bibit.
1586 682 1714 736 Culpa.
1732 696 1795 736 po.
1830 695 1915 720 ma-

92 756 226 810 qislra.
293 754 421 809 Culpa
454 753 565 793 enim
598 753 718 794 docet
749 768 824 794 nos
857 753 1035 793 multum
1067 752 1224 794 bibere.

203 829 294 867 124.
327 830 384 867 Ac
406 835 596 867 ueneram
624 826 751 867 Ceres.
813 826 862 866 Id
885 834 958 876 est,
980 836 1133 881 roffam,
1156 834 1194 867 et
1217 834 1275 868 est
1300 842 1518 868 commune
1540 827 1716 868 uerbum
1739 842 1913 868 ueneror

92 910 124 943 te
155 909 192 942 et
225 915 394 942 ueneror
427 916 449 941 (ι
482 909 525 941 te.
585 899 662 941 Est
693 907 830 940 autem
853 914 1021 941 sensus:
1054 900 1218 955 Rogata
1240 899 1383 950 Ceres,
1415 908 1459 941 ut
1482 908 1644 956 segetes
1666 907 1914 949 crescerent,

94 988 168 1030 per
197 973 339 1014 uinum
371 973 587 1014 molestiae
619 973 812 1014 obliuisci
844 973 1023 1014 faciebat
1056 974 1094 1013 h.
1130 989 1163 1014 e.
1197 974 1537 1015 saerificaba-mus
1570 972 1718 1016 Cereri
1750 981 1787 1013 et
1818 973 1917 1014 laeti

94 1046 388 1089 efficiebamur.
452 1045 665 1102 [Aliasz]
702 1056 903 1088 ueneram.
936 1046 1222 1102 Rogabamus.
1283 1048 1379 1088 Iure
1410 1048 1593 1088 laudata.
1656 1047 1704 1088 Si
1735 1047 1799 1088 his
1831 1054 1916 1087 tam

92 1120 210 1162 bonis
233 1128 273 1160 et
302 1126 385 1160 tam
408 1120 521 1175 frugi
551 1120 686 1174 epulis
710 1118 908 1161 Cererem
941 1120 1093 1174 aliquis
1126 1121 1324 1176 placaret,
1362 1122 1445 1161 alto
1468 1121 1605 1161 01111110
1628 1129 1817 1176 surgeret
1852 1135 1916 1161 30-

91 1209 175 1250 ges.
196 1195 212 1248 ΙΙ
233 1193 415 1234 Posthac
444 1193 699 1248 rogabamus
732 1193 945 1242 Cererem,
976 1201 1020 1234 ut
1050 1210 1205 1249 magno
1238 1195 1374 1236 culmo
1404 1195 1551 1236 messis
1582 1195 1831 1250 insurgeret.

199 1269 253 1309 1111
286 1268 415 1308 culmo
447 1282 556 1321 story.
618 1266 752 1308 Deest
781 1275 836 1307 ut.
868 1269 922 1308 ila
954 1282 1032 1321 pro
1063 1277 1118 1308 ul.
1180 1266 1403 1319 Quomodo
1435 1268 1571 1322 coepit
1604 1282 1804 1312 crescere.

206 1342 297 1382 125.
329 1342 548 1396 Explicuit.
611 1339 781 1382 Scilicet
807 1340 938 1381 Ceres
960 1356 1054 1381 011111
1077 1341 1357 1396 explicuisset.
1417 1341 1560 1383 Potest
1591 1341 1659 1382 hic
1690 1356 1836 1382 uersus
1868 1355 1917 1380 ex

92 1429 267 1470 persona
290 1413 459 1455 Horatii
491 1414 714 1469 interponi,
750 1414 876 1470 [quae
908 1429 970 1455 res
1001 1415 1230 1469 explicaret
1262 1415 1415 1471 ludos]
1477 1414 1577 1456 Vel
1609 1414 1781 1455 aliter:
1828 1413 1917 1454 Ex-

33 1505 36 1531 ε
91 1488 247 1544 plicuit,
280 1488 323 1528 id
354 1496 427 1537 est,
461 1488 671 1529 tristitiam
703 1487 836 1528 finiuit
869 1488 980 1529 uino.

202 1569 437 1603 contractae.
469 1561 634 1603 Tristis.
680 1563 794 1602 seria.
828 1561 1076 1610 Tristitiam,
1100 1561 1435 1603 amaritudinem.
1478 1562 1561 1603 Pro
1584 1562 1730 1612 tristia,
1755 1561 1917 1617 grauia,

91 1635 273 1677 molesta.

204 1709 296 1749 126.
331 1710 507 1751 Saem'at.
568 1708 713 1750 Verba·
744 1716 838 1749 sunt
862 1707 1027 1749 Ofellii:
1063 1708 1208 1765 [Utut]
1241 1708 1421 1749 insaniat
1452 1710 1632 1759 fortuna,
1665 1724 1746 1750 non
1780 1716 1920 1750 tamen

93 1797 166 1824 nos
194 1782 343 1832 laedet,
377 1782 508 1839 [Vel]
542 1783 585 1823 id
617 1791 696 1824 est:
740 1782 957 1835 Quantum
988 1783 1154 1823 fortuna
1184 1782 1286 1831 uult,
1335 1782 1539 1839 [fortuna]
1573 1783 1615 1822 in
1647 1797 1713 1823 me
1746 1782 1918 1831 saeuiat,

35 1865 38 1911 ξ
93 1862 228 1897 tamen
258 1855 364 1896 nihil
395 1856 609 1897 deterreor
640 1856 772 1910 ipsius
803 1856 947 1903 minis3
981 1871 1077 1896 nam
1110 1863 1147 1895 et
1178 1855 1221 1895 in
1263 1855 1424 1896 diuitiis
1455 1863 1492 1896 et
1533 1856 1574 1896 in
1614 1862 1798 1911 egestate
1836 1871 1920 1896 una

36 1926 37 1930 ¹
94 1928 192 1970 mihi
223 1930 478 1970 consuetudo
509 1930 724 1970 moderata
754 1929 925 1969 uiuendi
958 1937 1029 1969 est.

36 1985 39 1998 .
205 2005 297 2043 127.
329 2004 430 2044 ltine.
491 2002 559 2043 De
591 2017 653 2052 eo,
686 2003 796 2057 quod
829 2002 872 2042 111
902 2017 979 2043 11311
1009 2002 1157 2051 habeo,
1190 2002 1241 2042 de
1274 2003 1351 2043 hac
1374 2002 1647 2057 parsimonia,
1678 2003 1729 2043 de
1752 2002 1918 2057 exiguo,
1947 2016 1981 2028 ⁶·

37 2070 39 2098 1
96 2083 292 2130 quantum
323 2083 459 2131 potest
489 2076 595 2117 irata
625 2077 791 2117 fortuna
828 2075 1087 2116 subtrahere.

197 2151 377 2206 parcius.
436 2149 593 2190 Minus.
628 2149 869 2205 [postquam
900 2149 981 2190 huc
1011 2148 1127 2189 uenit
1158 2163 1290 2189 nouus
1322 2149 1493 2205 incola]

211 2271 242 2309 1)
269 2271 339 2301 Hoc
364 2271 464 2301 schol.
491 2275 523 2300 ut
552 2274 673 2309 septem
699 2271 867 2308 praecedd.
895 2280 911 2298 a
939 2281 968 2299 u.
993 2271 1051 2299 116
1080 2270 1229 2299 habuisse
1322 2280 1449 2300 mensas
1476 2282 1537 2302 om.
1566 2281 1647 2300 mva.
1699 2272 1732 2309 3)
1761 2271 1870 2309 poculo
1894 2281 1920 2311 γ.

98 2326 164 2356 rell.
189 2327 317 2366 poculis.
345 2329 478 2366 pluralis
504 2328 634 2365 quidem
658 2327 868 2365 frequentior,
897 2327 951 2355 sed
978 2327 1087 2364 poculo
1113 2336 1174 2355 non
1201 2328 1408 2364 reiciendum,
1448 2338 1519 2356 nani
1557 2338 1612 2357 suo
1639 2329 1773 2365 quisque
1810 2328 1922 2365 poculo

39 2385 41 2408 ἰ
98 2383 152 2413 dat
175 2393 311 2422 operam.
360 2385 394 2423 4)
422 2384 527 2413 Bifida
552 2393 577 2425 γ.
605 2385 673 2413 rell.
699 2394 759 2413 om.
786 2394 852 2413 uox
878 2384 984 2413 Plinio
1010 2385 1171 2413 usitatior.
1222 2384 1256 2422 5)
1285 2385 1377 2413 edum
1403 2394 1427 2424 γ.
1478 2386 1512 2423 7)
1539 2384 1720 2423 culpabatur·
1798 2385 1922 2413 biberet

100 2439 132 2469 G.
160 2458 196 2461 ——
226 2441 328 2477 Culpa
352 2458 395 2462 ——-
421 2442 531 2471 bibere
555 2451 581 2482 γ.
606 2442 674 2470 rell.
701 2450 759 2469 om.
813 2442 867 2479 12)
893 2440 985 2469 Alias
1013 2450 1072 2469 om.
1099 2450 1122 2480 γ.
1151 2446 1304 2469 uenerata
1321 2458 1357 2462 —
1376 2442 1567 2478 insurgeret.
1595 2441 1664 2469 rell.
1691 2450 1752 2470 om.
1779 2445 1924 2469 ueneram

99 2513 139 2517 —
155 2506 245 2536 segyes.
270 2498 391 2527 habent
416 2502 558 2527 tantum:
586 2498 664 2527 Post
689 2497 742 2526 1100
759 2514 794 2517 -ψ
813 2497 989 2534 insurgeret
1016 2496 1063 2525 fh.
1092 2502 1235 2534 surgeret
1262 2496 1417 2533 Gunan.
1444 2497 1596 2536 insmyere
1622 2506 1712 2535 seges
1739 2498 1834 2526 etiam
1861 2497 1923 2526 dici

99 2556 212 2590 potest,
251 2558 286 2584 ut
322 2555 453 2592 puluere
491 2555 592 2583 nubes
618 2554 714 2591 Verg.
742 2554 780 2582 A.
808 2553 863 2590 IX,
891 2554 942 2582 34.
981 2554 1088 2591 aquilo
1114 2553 1212 2591 Epod.
1239 2553 1277 2590 X,
1307 2555 1334 2582 7.
1362 2553 1508 2583 fremitus
1534 2554 1603 2582 val.
1630 2554 1678 2582 Fl.
1705 2553 1745 2588 ΙΙ,
1773 2554 1824 2582 82.
1850 2563 1923 2591 opes

100 2609 171 2639 Tae.
197 2610 234 2639 A.
260 2611 286 2647 Ι,
316 2612 364 2640 16,
393 2611 561 2648 prolapsus
587 2612 680 2640 homo
706 2610 778 2639 Tac.
808 2609 844 2638 G.
873 2611 923 2639 39.
993 2611 1046 2649 15)
1071 2610 1112 2638 ita
1150 2611 1252 2638 culmo
1288 2610 1366 2650 ·s‚fh‚
1403 2614 1437 2639 ut
1464 2620 1548 2639 omn.
1576 2610 1642 2639 fere
1668 2610 1757 2639 codd.
1785 2609 1923 2638 Horatii.

101 2665 197 2696 Deest
222 2672 258 2696 ut
283 2672 312 2696 et
339 2677 393 2704 pro
418 2672 451 2697 ut
478 2677 504 2707 γ.
530 2667 597 2696 rell.
627 2677 686 2695 om.
714 2667 828 2702 Gaura
853 2676 911 2695 om.
940 2671 969 2695 et
996 2667 1054 2696 hoc
1081 2667 1203 2696 scholio
1242 2670 1271 2695 et
1305 2677 1404 2705 seqq„
1443 2677 1575 2704 quorum
1609 2676 1765 2703 perpauca
1799 2670 1923 2695 tantum

103 2723 226 2753 adsunt.
293 2722 347 2762 16)
374 2724 461 2761 expl.
488 2724 538 2752 uel
566 2724 765 2762 explicuerat
791 2734 817 2765 γ.
847 2724 913 2752 rell.
943 2733 1001 2752 om.
1071 2724 1124 2761 17)
1152 2733 1231 2761 quae
1270 2741 1307 2743 —
1348 2723 1440 2752 ludos
1478 2722 1552 2757 fflQ.
1591 2722 1750 2760 e.zy›lt'ccmit
1778 2731 1852 2760 quae
1877 2731 1925 2750 res

542 2804 561 2822 Γ
602 2782 670 2809 rell.
707 2791 766 2809 om.
817 2781 877 2809 Pro
907 2780 1048 2809 tristitia.
1079 2781 1203 2817 grauia.
1230 2781 1364 2809 molesta
1393 2790 1420 2821 γ.
1454 2781 1521 2808 rell.
1558 2779 1648 2808 seria.
1686 2779 1818 2807 Tristia.
1867 2779 1924 2816 20)

105 2836 231 2865 Saeuiat.
265 2847 288 2865 s.
321 2838 396 2867 noui
422 2841 604 2867 narrantem
642 2838 698 2875 (ad
725 2847 790 2875 sup.
818 2838 963 2876 pertin).
990 2837 1095 2867 Verba
1130 2841 1203 2866 sunt
1235 2838 1330 2875 offelli
1366 2840 1443 2875 (om.
1478 2837 1575 2874 Utut)
1610 2837 1670 2864 ins.
1697 2853 1739 2856 ——
1766 2835 1924 2874 laedetfs.

105 2896 176 2921 sunt
199 2903 224 2934 γ.
251 2894 318 2923 rell.
345 2904 403 2923 om.
433 2896 490 2932 21)
516 2894 573 2923 Vel
601 2903 659 2923 om.
686 2904 712 2935 γ.
738 2895 757 2923 i.
784 2904 809 2935 γ.
843 2894 911 2922 rell.
938 2903 998 2923 om.
1018 2911 1056 2914 —
1076 2893 1151 2923 fort.
1178 2894 1248 2922 uult
1274 2903 1299 2934 γ.
1327 2894 1393 2922 rell.
1420 2893 1488 2921 111111
1515 2892 1588 2921 fort.
1612 2909 1634 2912 ψ
1669 2891 1771 2920 seuiat
1795 2900 1820 2931 γ.
1848 2891 1878 2919 h.
1906 2890 1925 2926 l,

105 2947 136 2976 in
158 2948 229 2978 lem.
257 2949 396 2980 Saeuiat.
422 2955 449 2979 et
473 2951 599 2992 1111111γ.
618 2952 686 2980 rell.
706 2955 802 2980 tamen
821 2951 910 2980 nihil.
960 2951 1017 2989 23)
1043 2952 1206 2980 moderata
1230 2960 1255 2992 γ.
1283 2951 1351 2979 rell.
1371 2953 1401 2978 ct
1419 2949 1459 2977 C:
1486 2949 1651 2978 moderate.
1679 2948 1806 2976 seruaui
1834 2947 1925 2975 mode

105 3008 177 3034 rata.
203 3005 284 3035 conf.
303 3006 369 3036 Cic.
397 3007 486 3037 Orat.
514 3009 571 3036 21:
599 3016 701 3045 genus
728 3008 856 3037 dicendi
876 3008 1030 3037 modicum
1048 3012 1108 3036 etc.
1137 3011 1307 3044 utrumque
1333 3010 1417 3034 reete
1444 3006 1571 3034 dicitur.
1600 3004 1680 3033 conf.
1708 3003 1810 3032 Plaut.
1839 3003 1926 3031 Pers.

106 3058 161 3097 III,
188 3063 216 3097 1,
243 3064 300 3091 18:
326 3064 426 3092 uitam
452 3064 562 3093 uiuere
588 3064 732 3093 modeste.
760 3064 860 3092 schol.
885 3074 945 3093 om.
976 3063 1123 3100 Ganan
1148 3063 1263 3103 (111101).
1316 3064 1371 3100 25)
1397 3062 1574 3091 subtrahere
1599 3070 1626 3102 γ.
1654 3061 1722 3089 rell.
1749 3059 1925 3090 detrahere.

107 3115 161 3154 26)
185 3123 350 3159 postquam
375 3137 416 3140 ——
443 3121 545 3153 incola
570 3130 630 3150 om.
654 3130 681 3165 γ.
708 3120 784 3149 uide
809 3120 953 3150 inferius.

1946 912 1983 943 10

1946 1281 1983 1310 15
