2148 3412
831 134 880 166 IN
906 135 1049 167 ErisT.
1076 135 1101 174 ι,
1130 140 1160 168 5
1831 126 1912 168 399

88 263 186 299 runt
215 255 455 312 Torquatus
484 256 566 307 hic,
613 257 664 298 de
695 272 777 313 quo
807 273 919 300 nunc
959 258 1074 310 dicit,
1123 259 1242 302 cuius
1286 266 1420 304 exstat
1464 261 1613 313 oratio,
1656 267 1697 304 et
1740 260 1917 304 Asinius

89 329 239 373 Pollio.

200 404 236 444 9.
271 404 335 444 10.
369 405 434 445 11.
467 418 559 445 cras
595 413 690 447 nato
734 406 901 447 Caesare
936 407 1063 461 festus
1092 407 1172 448 Dat
1200 423 1241 450 u.
1273 424 1305 450 s.
1344 409 1382 450 d.
1412 410 1493 465 inp.
1531 410 1595 452 lz'c.
1629 411 1834 452 Aestiuam
1864 435 1916 441 ——

88 485 249 520 noctem.
310 476 416 518 Diui
449 475 647 519 Caesaris
678 479 859 520 natalem
891 479 1112 535 significat.
1186 480 1236 521 Id
1269 495 1372 532 esse,
1419 482 1608 539 (Idem‘?)
1645 483 1736 539 ipse
1767 483 1918 539 probat

89 551 231 593 dicens
263 551 321 604 (u.
355 551 427 607 11)
465 553 660 593 aestiuum
690 561 855 603 moelem,
893 553 993 607 quia¹
1022 553 1085 594 illi
1114 553 1262 596 Idibus
1291 554 1412 597 Iuliis
1443 556 1746 599 celebrabatur.

202 624 265 665 16.
302 625 410 675 Quid
438 639 518 666 non
549 626 712 667 ebrietas
741 627 948 681 desiqnat‘?
1010 626 1281 684 [dissignat?]
1314 629 1462 684 aperit.

199 698 265 739 21.
295 698 460 740 idoneus
489 700 675 755 imperor.
738 700 928 756 Imperor,
959 700 1066 742 sieut
1094 701 1255 744 iudicor
1284 702 1402 744 dixit.

199 771 265 811 22.
295 772 360 812 23.
392 786 440 813 ne
470 773 635 814 sordida
666 788 812 830 mappa
846 774 1042 830 Conruqet
1073 789 1194 817 nares
1231 790 1303 818 nec
1340 791 1421 818 non
1462 785 1497 819 et
1537 786 1642 821 cant.
1707 779 1918 835 Conruyet.

90 842 333 895 Contrahat,
365 859 441 900 per
471 846 583 900 quod
614 861 696 888 non
727 853 891 888 tantum
922 848 1135 890 sordidam
1167 849 1240 891 sed
1271 856 1311 890 et
1341 849 1522 892 olentem
1553 866 1754 908 mappam
1785 852 1918 909 signi-

87 918 204 967 ficat3
237 918 389 960 deinde
409 919 622 961 luxuriose
643 920 912 976 splendidum
934 929 1155 977 argentum
1187 922 1410 979 significat,
1444 925 1564 979 quasi
1587 926 1757 980 speculo
1778 933 1918 968 osten-

88 992 186 1033 dere
210 993 484 1049 (ostenderet)
517 1008 559 1035 se
591 994 729 1050 ipsum
760 995 976 1045 conuiuae,
1008 995 1051 1036 id
1083 1004 1156 1045 est,
1188 996 1418 1052 imaginem
1449 1013 1579 1039 suam.

200 1067 266 1107 29.
298 1066 377 1108 Sed
406 1068 525 1108 nimis
556 1076 647 1109 arla
675 1077 876 1124 premunt.
935 1067 1024 1119 Ait,
1056 1076 1144 1110 arte
1175 1069 1529 1113 discumbentium
1560 1072 1780 1115 molestum
1828 1088 1918 1116 esse

89 1139 262 1182 odorem
293 1140 453 1181 alarum
485 1155 642 1190 eorum,
676 1142 747 1196 qui
778 1142 885 1184 hirci
916 1141 1124 1184 dicuntur.

199 1213 265 1255 30.
291 1215 444 1270 postico
471 1215 567 1269 salle
597 1216 784 1257 clientem.
844 1215 1005 1266 Monet,
1036 1222 1078 1257 ut
1110 1216 1276 1259 silentio
1306 1218 1447 1260 ueniat
1481 1221 1679 1275 (exeatP).

204 1375 235 1414 1)
262 1376 301 1405 de
327 1385 389 1415 quo
416 1394 453 1397 Μ
482 1378 584 1407 oratio
609 1386 671 1407 om.
698 1377 743 1407 fh.
769 1378 808 1406 de
834 1387 896 1416 quo
921 1387 1005 1407 nunc
1024 1381 1115 1416 poeta
1133 1378 1213 1408 dicit
1232 1378 1272 1408 H.
1291 1379 1412 1420 Meyer.
1432 1381 1464 1411 in
1483 1385 1645 1413 oratorum
1663 1382 1752 1413 Rom.
1770 1382 1919 1422 fragmm.

89 1433 137 1463 ed.
162 1432 305 1463 Diibner.
330 1433 423 1463 Paris
451 1435 547 1464 1837.
573 1443 603 1472 p.
631 1435 708 1464 331.
735 1435 824 1464 cuius
850 1438 961 1465 exstat
985 1436 1088 1465 oratio
1115 1445 1175 1465 om.
1202 1445 1253 1466 va.
1293 1441 1396 1467 exstat
1432 1438 1546 1468 MRA2
1572 1439 1668 1470 Auct.
1695 1449 1778 1469 nune
1804 1450 1864 1470 om.
1891 1441 1920 1470 2.

91 1493 122 1520 et
146 1499 197 1521 om
223 1491 252 1520 2.
302 1491 336 1529 2)
363 1490 444 1529 polio
468 1491 511 1520 M.
538 1491 618 1521 conf.
643 1491 840 1521 Lachmann.
867 1492 909 1521 ad.
934 1491 1028 1522 Lucr.
1055 1502 1086 1530 p.
1114 1493 1166 1522 33.
1193 1492 1276 1523 conf.
1303 1492 1340 1524 C.
1366 1494 1406 1531 ΙΙ,
1436 1497 1463 1525 1.
1489 1495 1520 1526 S.
1547 1495 1572 1534 Ι,
1602 1497 1651 1533 10,
1679 1497 1731 1526 85.
1780 1497 1815 1535 3)
1842 1497 1921 1526 Am-

88 1547 232 1586 plificaui
256 1548 372 1577 lemma
396 1548 459 1577 Dat
485 1566 525 1568 —
550 1547 650 1578 licebit
674 1550 703 1578 in
732 1548 834 1578 MRva
860 1548 951 1589 (Dat.
975 1549 1052 1589 ue.).
1077 1549 1114 1578 fh
1140 1550 1278 1580 habent:
1315 1551 1396 1581 Nato
1423 1550 1551 1582 Caesare
1570 1551 1675 1590 festus.
1739 1553 1774 1592 4)
1800 1553 1838 1583 Id
1861 1562 1922 1583 esse

89 1605 174 1635 libri.
223 1604 257 1643 5)
285 1604 336 1634 illi
350 1604 422 1634 MR.
439 1605 509 1635 rell.
536 1606 597 1634 ille.
635 1604 838 1635 Seruauerim
865 1606 1011 1636 datiuum
1037 1608 1230 1637 auctoritate
1256 1608 1400 1638 codicum
1427 1612 1458 1639 et.
1484 1609 1698 1647 explicatione
1722 1609 1753 1638 in
1775 1609 1917 1649 qratiam,

88 1660 121 1691 ’ἰη
144 1660 292 1691 honorem.
318 1661 400 1691 conf.
426 1661 500 1692 Acr.
526 1662 566 1691 ad
591 1672 621 1691 u.
651 1664 678 1692 7.
716 1680 758 1683 „-
796 1662 863 1692 iulii
887 1662 923 1691 R.
950 1662 1164 1693 celebrabatur
1188 1663 1222 1693 M
1258 1663 1358 1702 (teste
1384 1666 1483 1695 etiam
1507 1665 1648 1696 Halmio.
1674 1667 1760 1704 negl.
1788 1665 1842 1706 Q),
1869 1676 1920 1696 va.

89 1719 158 1749 rell.
185 1718 374 1749 celebratur.
401 1718 482 1749 conf.
501 1719 574 1749 Aer.
625 1719 659 1758 6)
678 1719 827 1758 designat
853 1729 963 1749 omnes
989 1720 1064 1750 libri
1089 1720 1329 1761 Porphyrionis,
1356 1721 1440 1752 conf.
1457 1721 1529 1752 Aer.
1556 1722 1582 1752 R
1606 1727 1678 1761 post
1703 1723 1820 1753 lemma
1844 1725 1922 1753 iter-

90 1776 158 1805 auit
175 1775 319 1816 desz'qnat,
344 1777 390 1805 ita
407 1780 441 1806 ut
459 1777 600 1815 glossam
627 1778 741 1814 sapiat.
768 1776 890 1807 Contra
907 1777 958 1807 M:
995 1777 1074 1811 Quid
1095 1787 1156 1808 non
1180 1778 1240 1808 εὖγ’.
1266 1778 1410 1818 clesiynat.
1448 1779 1631 1818 Dissignat,
1656 1781 1769 1818 aperit.
1806 1781 1923 1811 Verum

91 1833 219 1872 quidem
238 1837 295 1870 est,
322 1833 479 1873 desiynare
496 1834 629 1863 uerbum
655 1843 724 1863 esse
748 1835 786 1863 ab
812 1835 945 1873 optimis
973 1835 1180 1873 scriptoribus
1206 1836 1407 1865 sollemniter
1431 1837 1600 1874 usitatum,
1626 1841 1734 1866 tamen
1759 1846 1833 1867 uero
1859 1847 1923 1867 non

91 1891 231 1920 dixerim
256 1900 326 1919 cum
351 1889 381 1920 S.
410 1889 551 1920 Obbario
576 1900 607 1928 p.
635 1891 715 1920 244:
744 1890 922 1930 ‘dissiynare
947 1900 986 1920 ne
1012 1891 1148 1921 latinum
1174 1892 1303 1930 quidem
1329 1893 1399 1931 θεῖ’,
1437 1903 1507 1923 cum
1533 1893 1571 1922 de
1597 1893 1740 1931 pluribus
1764 1894 1854 1928 locis,
1892 1898 1923 1924 et

92 1947 219 1985 quidem
245 1956 309 1977 non
335 1947 437 1977 solum
462 1946 649 1987 Symmachi
684 1947 724 1977 E.
750 1947 790 1981 X.
818 1948 835 1976 2
864 1952 895 1978 et
919 1947 1056 1977 Arnobii
1082 1948 1096 1977 I
1120 1958 1150 1986 p.
1177 1949 1220 1978 48
1246 1946 1320 1989 (39)
1348 1950 1397 1978 ed.
1423 1949 1569 1987 Herald.,
1607 1951 1710 1980 adhuc
1736 1951 1793 1980 sub
1820 1951 1924 1980 iudice

91 2005 131 2034 lis
156 2005 210 2033 sit.
236 2003 428 2042 Suspectum
453 2004 526 2034 duci
552 2007 673 2043 potest,
700 2008 797 2043 atque
822 2008 927 2035 ortum
952 2014 994 2034 ex
1020 2005 1205 2044 dessignare
1232 2006 1286 2049 (φ)
1314 2007 1461 2045 cuiquam
1486 2007 1661 2042 uidebitur,
1699 2007 1754 2036 sed
1792 2007 1923 2037 circum-

92 2061 232 2099 spectius
258 2065 290 2090 et
316 2061 441 2090 cautius
467 2061 500 2090 in
527 2061 681 2091 eiusmodi
708 2061 878 2099 seripturis
904 2062 1066 2100 agendum
1093 2072 1173 2097 esse,
1213 2063 1276 2092 iam
1302 2072 1398 2101 supra
1425 2062 1473 2101 (S.
1491 2064 1532 2101 ΙΙ,
1555 2066 1580 2102 1,
1602 2064 1659 2103 79)
1696 2064 1799 2093 suasit
1822 2062 1923 2101 diffin-

92 2117 162 2147 dere
187 2117 369 2157 (clg'ffinyere.
396 2117 478 2147 conf.
504 2116 538 2147 C.
564 2118 590 2155 Ι,
618 2118 670 2156 35,
698 2119 768 2157 39),
794 2122 828 2148 ut
855 2119 894 2148 de
920 2119 993 2148 aliis
1018 2119 1050 2148 id
1077 2129 1191 2157 genus,
1216 2124 1252 2150 ut
1278 2120 1436 2151 dc'mouere
1463 2125 1495 2151 et
1518 2121 1672 2151 demovere
1697 2120 1734 2150 C.
1760 2121 1786 2158 I,
1816 2122 1844 2158 1,
1873 2122 1912 2150 13

94 2173 125 2204 S.
150 2175 174 2212 I,
205 2181 232 2213 1,
260 2175 314 2211 39,
339 2175 393 2204 hic
417 2178 552 2204 taceam.
577 2174 725 2215 (lissifflzat
750 2185 808 2205 om.
834 2175 923 2204 vasli.
950 2175 1033 2206 conf.
1061 2177 1157 2205 inser.
1184 2180 1215 2206 et
1242 2177 1334 2207 codd.
1361 2178 1400 2206 ad
1425 2177 1463 2207 E.
1488 2177 1513 2215 I,
1542 2180 1571 2214 7,
1599 2179 1633 2207 6:
1673 2177 1922 2217 Dissz'ynatorem.

96 2232 128 2271 7)
153 2231 209 2261 alt.
234 2232 371 2270 Imperor
388 2231 635 2269 MRA(Q>.0111.
661 2233 748 2262 vash.
766 2250 799 2253 -
820 2233 904 2262 discit
931 2242 1015 2262 omn.
1042 2233 1124 2262 libri.
1150 2233 1228 2263 dicit
1254 2234 1368 2264 inculc.
1394 2234 1430 2270 Q.
1480 2235 1515 2273 8)
1542 2244 1669 2273 corrug.
1689 2235 1773 2264 naris
1789 2234 1823 2264 M
1840 2234 1923 2272 (cor-

93 2292 173 2318 ruet.
203 2291 216 2318 1
245 2299 285 2318 m.
312 2289 386 2318 add.
415 2289 451 2329 g)
476 2288 636 2327 R‚vath.
701 2289 736 2329 9)
764 2293 794 2319 et
819 2288 926 2329 M(Q).
953 2290 1021 2319 rell.
1049 2300 1109 2320 om.
1176 2288 1232 2330 10)
1259 2291 1376 2320 deinde
1401 2309 1443 2312 -ψ
1469 2291 1635 2330 significat
1660 2302 1719 2321 om.
1745 2291 1772 2321 R
1796 2295 1924 2329 propter

92 2346 243 2375 iteratum
268 2347 400 2376 uerbum
425 2346 581 2386 significat.
599 2364 634 2367 —
652 2346 831 2376 ostenderet
855 2346 901 2376 fh.
954 2347 1008 2386 12)
1035 2352 1123 2377 arcta
1147 2348 1236 2385 vafh,
1262 2353 1299 2379 ut
1323 2349 1363 2378 ad
1383 2348 1458 2378 Acr.
1509 2347 1565 2387 13)
1592 2349 1687 2378 odore
1712 2349 1866 2378 malarum
1880 2348 1923 2377 M.

98 2401 152 2441 14)
177 2402 279 2432 ueniat
303 2413 386 2433 omn.
412 2404 498 2434 libri.
526 2407 754 2442 exspectamus
780 2408 872 2433 exeat.
906 2404 988 2434 conf.
1015 2404 1131 2434 Acron.

1948 936 1985 967 10
