2148 3412
187 896 222 928 10

182 1264 223 1296 15

181 1632 222 1663 20

251 95 331 135 602
856 104 962 136 Aen.
1011 103 1072 135 ΕΤ
1097 103 1267 136 PORPH.
1294 103 1442 137 eoMM.

252 228 325 269 Sic
356 227 455 268 llias
486 226 664 269 Homeri
695 241 720 267 a
750 226 946 281 precibus
970 225 1160 283 Chrysae
1192 227 1420 269 sacerdotis
1450 227 1611 283 incipit,
1643 233 1683 269 et
1703 226 1899 283 Odyssea
1918 242 1942 269 a
1973 242 2073 270 con-

251 301 347 342 cilio
378 301 564 341 deorum.

364 374 455 414 148.
490 374 583 413 149.
615 374 656 414 in
688 374 787 414 med.
819 388 884 414 res
920 374 1012 417 Non
1050 389 1123 415 sec.
1166 389 1214 416 ae
1250 383 1329 416 not.
1367 376 1595 417 auditorem
1630 377 1748 432 rapit.
1823 374 1888 415 Ita
1931 381 2074 429 aperte

249 445 433 501 principi
456 445 598 495 adicit,
620 453 664 486 ut
686 461 735 486 cx
756 445 822 487 his
842 446 982 487 media
1003 447 1126 488 facile
1148 455 1387 498 noscantur,
1420 448 1463 488 id
1485 455 1564 490 est:
1605 447 1777 489 adducit
1797 446 1930 489 bonus
1951 454 2075 502 poeta
2126 435 2127 438 Ἴ

249 519 483 561 auditorem
517 518 675 576 [suum]
711 520 830 574 quasi
861 520 914 560 ad
944 528 1054 571 nota,
1101 521 1180 563 hoc
1211 528 1289 562 est:
1338 521 1396 561 ita
1426 535 1450 562 a
1480 521 1703 563 medietate
1747 520 1909 575 incipit,
1955 520 2075 575 quasi

249 593 467 648 superiora
497 600 596 634 nota
627 593 719 634 sint.
782 609 830 635 ac
860 602 984 635 notas.
1048 594 1184 646 Quasi
1215 594 1269 635 ad
1299 601 1431 636 notas.

363 667 455 706 149.
491 667 582 707 150.
615 675 651 707 et
680 682 780 722 quae
817 668 1011 723 Des-perat
1039 676 1212 710 tractata
1241 670 1308 710 m't.
1336 683 1401 724 po.
1438 670 1510 710 rel.
1589 669 1791 710 Tractala.
1838 666 1979 709 Dicta.
2023 665 2075 707 Id
2124 672 2126 678 ’

249 748 329 780 est:
363 738 496 780 bonus
527 746 651 794 poeta
680 739 880 795 relinquit
910 755 971 791 ea,
1005 755 1113 795 quae
1143 741 1312 796 placere
1333 756 1416 783 non
1438 747 1625 797 possunt,
1656 741 1735 783 hoc
1770 747 1844 792 est,
1875 739 2076 796 praeterit
2124 788 2126 791 Ι

249 827 310 860 ea,
343 827 450 867 quae
480 813 523 853 in
553 820 733 855 tractatu
764 814 934 870 ingrata
965 822 1072 860 sunt,

365 888 456 928 151.
488 889 614 942 Atque
645 889 702 928 ‘ila
733 889 933 930 mentitur.
993 887 1144 938 Docet,
1177 888 1386 943 quomodo
1417 888 1523 930 falsa
1554 888 1782 944 confingas.
1860 887 1927 929 Ita
1956 901 2074 928 men·
2122 875 2124 878 Α

247 959 360 1010 titur,
393 959 551 1001 scilicet
580 960 807 1011 Homerus,
838 970 883 1002 ut
913 961 1055 1003 onmia
1087 977 1274 1017 congrua
1308 961 1543 1002 uideantur.
1618 960 1715 1002 Non
1760 961 1814 1002 ad
1857 961 2074 1015 uitupera-
2122 967 2123 970 ’

247 1033 402 1074 tionem
433 1032 612 1075 Homeri
643 1036 782 1085 refert,
817 1050 896 1076 nec
927 1035 1038 1077 enim
1068 1035 1288 1076 ueritatem
1320 1042 1468 1091 poetae
1500 1035 1763 1090 pollicentur,
1811 1034 1885 1076 sed
1915 1034 2074 1076 discre-

247 1106 435 1160 pantiam
466 1107 508 1147 in
540 1122 602 1157 eo,
634 1108 747 1161 quod
777 1108 954 1164 fingunt,
986 1109 1119 1150 uitare
1151 1109 1316 1150 debent.
1376 1110 1433 1150 sie
1465 1110 1571 1150 ueris
1601 1109 1707 1163 salsa
1737 1110 1930 1150 remiseet.
1989 1107 2075 1149 Pro

248 1180 481 1229 commiscet,
513 1187 671 1221 mutata
700 1182 1026 1237 praepositione,
1058 1189 1102 1224 ut
1135 1182 1208 1232 (A.
1239 1182 1297 1232 ΙΙ,
1331 1183 1424 1237 52);
1457 1191 1647 1238 uteroque
1677 1197 1840 1225 recusso
1871 1197 1948 1237 pro
1980 1195 2074 1223 eon-
2120 1222 2121 1232 ,

249 1267 367 1295 cusso
401 1253 430 1310 [‚
464 1261 503 1295 et
532 1255 646 1309 apud
675 1254 869 1296 Poetam:
903 1259 960 1297 sie
989 1257 1098 1297 ueris
1126 1257 1234 1310 falsa
1264 1261 1457 1306 remiscet,
1489 1270 1566 1311 pro
1597 1255 1872 1312 commiscet]
2120 1247 2121 1250 Ἴ

362 1328 456 1369 153.
491 1328 566 1377 Tu,
599 1329 694 1384 quid
725 1344 793 1383 eqo
825 1337 860 1370 et
889 1330 1068 1385 populus
1090 1344 1182 1371 mee.
1206 1331 1342 1379 desid„
1366 1331 1474 1372 cundi.
1539 1332 1575 1371 T
1573 1345 1612 1371 u.
1647 1328 1833 1380 Scilicet,
1865 1329 1940 1384 qui
1971 1328 2074 1370 scri-

247 1399 324 1441 bis.
384 1400 435 1441 Id
465 1407 544 1441 est:
578 1401 679 1455 quid
710 1416 789 1457 ego
821 1408 860 1443 et
891 1403 1071 1458 populus
1102 1403 1323 1454 desideret,
1372 1403 1413 1444 id
1450 1410 1524 1454 est,
1562 1403 1663 1459 quid
1694 1403 1874 1445 libenter
1904 1401 2078 1444 audiant
2118 1405 2119 1414 ¹

247 1488 404 1524 omnes,
436 1474 622 1530 percipe,
655 1490 678 1516 o
709 1475 900 1531 scriptor.

362 1549 596 1590 154—-15ss.
629 1548 677 1590 Sz·
691 1550 861 1604 plosoris
893 1565 979 1604 eyes
1010 1551 1156 1592 aulaea
1186 1552 1382 1592 manentis
1413 1559 1448 1592 et
1477 1564 1600 1606 usque
1631 1557 1706 1592 etc.
1781 1549 1832 1591 Id
1863 1556 1939 1591 est:
1973 1549 2076 1604 quid.
2116 1592 2119 1611 ÷

248 1621 425 1676 quisque
456 1636 589 1676 usque
621 1637 668 1664 eo
701 1630 926 1678 exspectet,
969 1623 1102 1665 donec
1132 1624 1332 1666 tollantur
1361 1624 1509 1665 aulaea
1539 1624 1593 1665 ad
1621 1624 1746 1665 finem
1778 1630 1973 1679 peractae
2005 1637 2075 1664 co·
2116 1675 2119 1689 ¹

247 1695 449 1736 moediae.
497 1694 545 1736 Si
574 1696 652 1746 uis⁷
685 1696 835 1750 inquit,
868 1704 1111 1752 exspectare
1141 1698 1345 1753 populum
1374 1711 1508 1752 usque
1538 1697 1590 1738 ad
1620 1698 1746 1739 finem
1774 1696 1943 1739 fabulae
1964 1702 2074 1746 tuae,
2142 1732 2143 1736 ,

246 1768 379 1810 donec
411 1768 523 1809 dicat
552 1776 686 1810 actor:
740 1771 825 1818 Vos,
860 1773 988 1812 aalete
1019 1781 1051 1812 et
1078 1772 1284 1827 plaudite!
1326 1770 1383 1811 Et
1414 1771 1448 1812 si
1478 1770 1543 1812 uis
1574 1778 1818 1826 exspectare
1848 1770 2072 1826 plosorem,
2114 1820 2117 1833 Ἴ,

247 1842 380 1884 donec
410 1842 609 1884 tollantur
639 1843 799 1894 aulaea,
831 1859 968 1886 mores
990 1845 1317 1900 uniuscuiusque
1339 1845 1486 1886 aetatis
1508 1844 1699 1887 obserua.
1756 1845 1941 1901 plosoris.
1973 1844 2072 1887 Plo·
2114 1876 2115 1880 ,

247 1916 351 1957 soris
383 1923 423 1956 et
451 1916 662 1971 plausoris
692 1917 866 1973 legitur3
912 1932 1010 1959 nam
1041 1925 1081 1959 et
1110 1918 1281 1973 plodere
1311 1918 1489 1960 Veteres
1533 1926 1573 1960 et
1615 1919 1818 1974 plaudere
1864 1919 2073 1970 dicebant,
2112 1974 2114 1980 Α
2141 1954 2143 1958 .

204 2003 217 2032 s·
246 1997 291 2030 ut
321 1989 490 2031 cludere
522 1997 561 2031 et
592 1990 798 2032 claudere.
861 1993 909 2034 Si
933 1993 1120 2048 plosoris.
1178 1992 1229 2033 Id
1260 1999 1334 2042 est,
1379 1992 1566 2034 fautoris.
1624 1992 1675 2033 Id
1717 2000 1798 2034 est:
1843 1992 2009 2034 laudari
2039 1993 2073 2034 si
2112 2046 2114 2058 Ι

247 2062 322 2104 uis.
383 2064 543 2105 aulaea.
573 2062 715 2105 Antea
747 2065 818 2119 qui
848 2065 969 2107 ludos
1000 2065 1139 2116 dabat,
1177 2065 1326 2107 aulaea
1357 2065 1653 2121 suspendebat,
1686 2081 1793 2121 quae
1823 2067 1867 2108 in
1897 2068 1978 2108 fine
2008 2067 2072 2108 lu-
2112 2074 2123 2126 :⁴

246 2136 395 2178 dorum
426 2137 754 2192 deponebantur.
828 2138 985 2180 Aztlaea
1015 2146 1154 2180 autem
1184 2139 1296 2181 dicta
1326 2154 1388 2190 eo,
1435 2140 1548 2195 quod
1588 2141 1632 2181 in
1664 2141 1760 2183 aula
1790 2139 1925 2183 Attali
1959 2141 2073 2197 regis

246 2211 417 2252 inuenta
448 2218 556 2261 sunt,
588 2211 753 2253 deuicto
785 2226 845 2253 eo.
909 2211 1134 2268 [manentis.
1165 2211 1497 2270 Exspectantis.]
2110 2198 2115 2218 Ἐ

361 2373 394 2411 1)
421 2373 581 2413 chrysidis
607 2383 630 2403 r.
658 2374 785 2403 crisidis
809 2373 929 2416 «sNXG.
955 2375 1023 2405 rell.
1052 2375 1200 2415 Chrysae
1228 2374 1370 2415 (Chryse
1396 2376 1440 2415 a).
1467 2376 1587 2406 odissia
1610 2385 1637 2417 γ,
1662 2380 1698 2406 ut
1725 2386 1830 2415 supra.
1890 2377 1926 2416 4)
1953 2386 1995 2406 ex
2019 2376 2072 2406 his
2110 2362 2112 2381 ἶ

246 2429 351 2459 media
375 2430 416 2459 fa.
442 2430 498 2472 -{‚C
525 2430 584 2469 (ex
608 2431 657 2461 his
683 2431 726 2461 fa.
755 2432 890 2471 media).
929 2433 997 2461 rell.
1026 2442 1068 2462 ex
1091 2434 1133 2462 iis
1159 2432 1254 2463 facile
1280 2433 1402 2463 exitus.
1429 2443 1489 2463 om.
1527 2434 1566 2463 N.
1592 2438 1765 2464 noscantur
1788 2433 1857 2476 γ,(].
1882 2433 1953 2463 rell.
1978 2442 2072 2472 cogn·

247 2486 282 2526 5)
309 2496 401 2516 suum
428 2497 487 2517 om.
512 2497 538 2529 γ.
590 2489 624 2527 6)
652 2488 753 2523 Quasi
779 2489 819 2518 ad
845 2492 938 2518 notas
962 2499 989 2531 γ.
1016 2490 1087 2518 rell.
1115 2499 1175 2519 om.
1202 2489 1240 2519 cf.
1261 2488 1304 2519 C:
1330 2499 1375 2519 ae.
1403 2499 1506 2528 quam.
1531 2495 1625 2521 notas
1652 2491 1765 2529 planas
1791 2494 1822 2520 et
1848 2493 1985 2529 apertas.
2035 2490 2070 2528 7)
2108 2484 2111 2539 ξ

245 2543 344 2572 Dicta
367 2552 393 2585 γ.
434 2543 473 2573 C:
503 2545 674 2583 descripta,
711 2546 807 2574 dicta.
874 2546 929 2584 10)
956 2546 1049 2575 docet
1075 2546 1216 2585 quomodo
1241 2556 1341 2589 fivca.
1378 2547 1479 2576 Docet
1505 2566 1543 2568 —
1571 2548 1738 2586 confingas
1764 2557 1824 2578 om.
1854 2557 1879 2576 r.
1906 2548 1974 2577 rell.
2001 2547 2070 2577 doc.
2108 2545 2111 2582 ζ

246 2600 524 2637 quemadmodum.
577 2602 632 2640 11)
659 2611 682 2631 s.
709 2601 868 2631 homerus.
894 2602 966 2632 Non
992 2603 1033 2631 ad
1058 2603 1115 2633 uit.
1142 2613 1168 2645 γ.
1196 2604 1353 2633 mentitur
1376 2604 1547 2634 Homerus.
1573 2605 1644 2634 Non
1669 2605 1710 2634 ad
1734 2606 1794 2634 uit.
1821 2614 1887 2633 rva.
1912 2604 1982 2634 rell.
2009 2613 2070 2634 om.
2106 2591 2110 2615 3

251 2657 304 2694 14)
331 2661 362 2686 ιιι
385 2666 434 2694 ap.
460 2666 576 2698 ·s‚rvca.
604 2662 636 2687 et
659 2657 747 2694 X,fh.
799 2659 854 2697 15)
879 2658 907 2687 εἰ
928 2669 987 2688 non
1011 2661 1098 2689 ueris
1123 2669 1238 2702 *s‚rvca.
1278 2660 1334 2690 Sin
1358 2660 1404 2690 fh.
1442 2660 1523 2691 Cum
1548 2663 1655 2691 nullus
1682 2665 1789 2692 exstet
1814 2661 1913 2698 locus,
1951 2661 1983 2690 in
2010 2669 2072 2699 quo
2106 2676 2109 2708 ':

245 2712 410 2750 Vergilius
436 2715 533 2743 uerbo
557 2714 717 2743 remiscere
742 2724 816 2744 usus
841 2716 950 2752 fuerit,
990 2717 1135 2746 scholion
1161 2717 1329 2746 confusum
1354 2718 1485 2748 uidetur
1510 2722 1541 2748 et
1565 2720 1612 2748 sic
1636 2719 1823 2756 legendum:
1852 2718 1924 2747 ‘Pro
1941 2726 1987 2747 co.
2006 2725 2070 2746 mu.
2106 2726 2109 2750 ζ

247 2771 498 2807 praepositione,
523 2774 555 2800 ut
579 2770 662 2809 apud
685 2771 806 2800 Poetam
832 2769 884 2813 (A.
911 2771 952 2808 11,
980 2772 1036 2812 52)
1063 2791 1104 2794 m<
1131 2775 1305 2812 concusso‘‚
1339 2775 1468 2804 omissis
1495 2777 1650 2806 extremis
1675 2776 1796 2812 uerbis,
1823 2776 1856 2805 in
1882 2775 1995 2813 quibus
2021 2782 2069 2803 se·
2106 2780 2108 2824 ;

247 2826 368 2855 eundae
392 2836 547 2864 personae
574 2829 721 2857 remisces
746 2845 785 2849 ω
812 2829 990 2858 commisces
1014 2830 1113 2867 uulgo
1139 2828 1307 2870 (X7vcafh)
1336 2835 1480 2860 seruatae
1505 2836 1588 2862 sunt.
1622 2833 1790 2862 remiscens
1807 2850 1847 2853 —
1867 2832 2070 2861 commiscens

247 2891 270 2910 r.
298 2883 415 2913 recluso
439 2893 522 2913 rvea.
588 2886 644 2923 16)
670 2885 718 2914 Tu
744 2895 767 2913 s.
794 2886 847 2923 qui
874 2885 984 2915 scribis
1009 2895 1035 2927 γ.
1061 2887 1131 2916 rell.
1157 2896 1216 2916 om.
1243 2888 1264 2918 i.
1289 2888 1366 2926 quid
1391 2897 1449 2926 ego
1474 2893 1506 2919 et.
1530 2898 1601 2927 pop.
1627 2889 1729 2919 desid.
1754 2898 1782 2930 γ.
1806 2888 1874 2918 rell.
1901 2897 1961 2917 om.
2014 2887 2069 2925 17)
2106 2891 2108 2919 ἱ

247 2939 379 2968 audiunt
404 2950 431 2981 γ.
499 2941 552 2978 19)
580 2941 710 2972 Lemma
736 2942 865 2980 longius
899 2942 932 2972 Si
957 2943 1093 2980 plosoris
1120 2961 1159 2963 »a
1186 2949 1245 2974 etc.
1283 2945 1473 2983 interposui.
1538 2947 1594 2985 25)
1620 2946 1700 2975 clud.
1739 2949 1770 2974 et
1807 2944 1911 2974 claud.
1945 2953 1973 2986 γ.
2000 2943 2069 2975 rell.
2104 2978 2106 2982 y

248 2995 350 3024 claud.
379 3000 409 3024 et
434 2996 514 3025 clud.
556 3016 574 3018 -v
609 2999 629 3027 i.
655 2998 771 3028 fauoris
795 3008 822 3041 γ.
848 2999 983 3028 fautoris
1009 2999 1054 3029 fh.
1081 3000 1163 3030 conf.
1191 3000 1233 3030 C:
1265 3001 1434 3039 ‘plausoris
1461 3003 1607 3040 fautoris,
1644 3002 1754 3040 laudis,
1792 3003 1818 3033 si
1844 3003 1894 3033 uis
1919 3002 2068 3032 laudari)
2104 2988 2107 3021 l

313 3050 349 3079 Id
377 3056 435 3081 est.
470 3053 593 3083 laudari
620 3056 648 3084 si
674 3056 723 3084 uis
749 3065 774 3097 γ.
800 3056 867 3085 rell.
894 3066 955 3086 om.
1019 3056 1076 3096 26)
1102 3058 1196 3086 Antea
1223 3058 1312 3097 (ve-a)
1351 3059 1404 3097 qui
1441 3059 1482 3088 lu.
1520 3058 1613 3089 dabat
1638 3060 1700 3090 aul.
1726 3060 1940 3098 suspendebat
1963 3060 2019 3098 qui
2040 3069 2068 3101 γ.
2104 3057 2106 3066 “

247 3106 370 3145 Vulgo:
398 3108 460 3143 Qui
486 3110 528 3139 lu.
555 3111 671 3140 dabant
695 3113 755 3141 aul.
784 3113 1015 3151 suspendebant
1039 3123 1120 3152 quae
1146 3119 1205 3144 etc.
1246 3115 1349 3145 Ardea.
1376 3125 1444 3144 nam
1478 3116 1530 3153 qui
1566 3116 1635 3145 tud.
1674 3116 1794 3147 dabant
1819 3127 1843 3146 r.
1908 3114 1966 3156 27)
1991 3116 2067 3146 azali
2104 3130 2105 3150 3
