2148 3412
854 148 901 179 IN
928 148 1062 180 snRM.
1089 149 1134 187 Π,
1162 154 1191 181 5.
1859 140 1938 181 295

783 407 1063 462 SATIRA
1104 411 1171 477 II,
1214 413 1261 464 5.

926 519 1116 564 AcRoN.

224 637 392 679 Inducit
412 637 571 679 Ulixen
603 638 933 693 interrogantem
955 638 1178 690 Tiresiam,
1216 640 1570 694 quemadmodum
1592 643 1724 697 possit
1744 657 1942 698 reparare

113 711 424 768 patrimonium,
458 712 570 766 quod
601 711 787 766 perdidit
818 726 894 766 per
924 726 1086 766 procos.
1148 710 1275 754 Secat
1306 713 1497 755 hocloco
1528 713 1806 770 heredipetas.

228 788 262 826 1.
298 786 382 827 Hoc
405 800 557 842 quoque
583 787 618 826 T
615 787 747 827 iresia.
807 785 1028 827 Inducitur
1058 800 1239 841 persona
1279 786 1422 828 Ulixis
1453 787 1507 828 ad
1529 787 1718 830 Tiresiae
1749 790 1943 831 umbram

113 859 319 914 loquentis
350 859 465 914 apud
495 858 664 909 inferos,
703 859 914 914 quomodo
945 860 1119 901 amissas
1149 875 1251 915 opes
1283 860 1564 917 repar-[ar]et;
1602 869 1641 902 et
1671 863 1749 904 hoc
1780 877 1830 904 ex
1851 863 1943 905 Ho-

114 933 218 974 meri
249 931 444 987 Odyssea
476 940 686 988 sumptum
721 932 835 989 [est]
895 933 1005 974 Illud
1053 933 1230 991 [autem]
1279 949 1411 991 agens
1441 942 1572 976 artem
1604 937 1945 991 heredipetarum

114 1007 279 1048 lacerat.
342 1005 572 1063 [Tiresiam
603 1021 770 1061 quoquc
802 1006 932 1048 multa
968 1007 1124 1049 dixisse
1147 1007 1204 1048 ait
1225 1015 1392 1062 praeter
1413 1017 1594 1050 narrata.
1649 1019 1816 1066 praeter
1844 1026 1945 1053 nar-

115 1090 218 1123 rata.
280 1080 455 1122 Praeter
486 1096 548 1131 ea,
582 1096 691 1136 quae
722 1081 826 1122 mihi
857 1081 969 1123 dicta
1001 1089 1096 1123 sunt
1125 1097 1149 1122 a
1180 1081 1252 1138 te]

229 1155 316 1196 Hoc
347 1169 512 1210 quoque.
571 1154 631 1196 Ut
663 1154 757 1196 alia..

230 1229 268 1269 2.
301 1230 338 1269 3.
371 1229 513 1285 quibus
535 1243 610 1270 am.
632 1243 714 1285 rep.
736 1243 768 1284 q.
792 1243 855 1270 res
875 1229 1038 1270 Artibus
1061 1238 1177 1284 alque
1200 1230 1336 1271 modis.
1399 1228 1565 1282 Quibus
1588 1232 1815 1286 generibus
1845 1232 1946 1274 hae—

117 1301 313 1343 reditates
344 1309 577 1356 captentur,
610 1302 768 1344 edocet.

228 1376 322 1432 quid
351 1377 488 1417 rides?
517 1375 680 1417 Ulixes.
742 1376 892 1418 Ianme.
930 1376 1028 1418 Hoc
1058 1376 1258 1419 Tiresias.

228 1450 266 1490 3.
298 1449 444 1491 doloso.
507 1448 627 1505 [Tibi
656 1457 804 1500 astuto,
836 1450 905 1491 uel
936 1450 1190 1507 ingenioso]
1252 1450 1406 1494 Astuto
1436 1451 1528 1503 tibi,
1561 1453 1723 1495 Ulixes.

229 1525 265 1564 5.
298 1524 333 1565 Ο
362 1524 470 1565 nulli
496 1526 711 1580 quicquam
741 1526 909 1566 mentite.
970 1524 1067 1567 Hoc
1098 1524 1263 1567 Ulixes.
1325 1524 1364 1567 Ο
1397 1526 1596 1568 ueridice.

231 1598 267 1638 6.
300 1606 334 1639 te
363 1606 468 1639 uate.
529 1597 591 1639 Te
622 1598 893 1640 uaticinante.

231 1672 267 1711 7.
296 1686 431 1727 pecus.
469 1669 600 1714 Grex.

230 1746 266 1785 7.
298 1744 384 1787 Aut
413 1746 603 1801 apotheca
628 1749 765 1802 procis
796 1748 947 1788 {macla
978 1755 1044 1788 ese.
1121 1746 1172 1787 Id
1203 1754 1278 1788 est:
1325 1747 1460 1789 maior
1489 1748 1716 1790 necessitas
1747 1757 1809 1791 est
1840 1764 1950 1791 con—

119 1818 307 1873 paranda
339 1819 616 1868 substantiae3
662 1820 817 1870 omnia,
854 1820 1003 1875 inquit,
1048 1835 1275 1875 procorum
1306 1820 1430 1861 turba
1461 1823 1732 1878 consumpsit.
1793 1822 1952 1865 Omnia

121 1899 473 1947 contempnuntur
507 1901 675 1949 praeter
712 1893 949 1948 pecuniam,
996 1894 1077 1936 nisi
1122 1893 1384 1936 nobilitatem
1429 1896 1552 1937 fuerit
1599 1897 1797 1939 comitata
1843 1897 1947 1940 sub—

121 1966 283 2008 stantia.

231 2140 392 2172 ACRON.
439 2142 654 2180 Inscriptione
681 2146 791 2173 carent
807 2143 851 2184 γΕ
869 2143 978 2173 Ambr.
1006 2141 1099 2172 Bern.
1117 2142 1146 2172 A
1162 2143 1289 2182 aliique.
1315 2143 1471 2173 VLIXES
1490 2143 1583 2174 Bern.
1612 2143 1637 2174 C
1656 2144 1785 2184 (rubr.)
1811 2145 1953 2176 VLIXIS

122 2196 180 2227 AD
201 2198 279 2238 (sic)
298 2198 389 2229 Fran.
416 2199 488 2229 Par.
514 2199 551 2237 B,
590 2200 622 2229 in
648 2210 710 2238 quo
735 2210 818 2230 noua
844 2201 945 2230 satira
969 2208 1072 2238 neque
1099 2200 1311 2238 inscriptione
1335 2210 1439 2239 neque
1463 2202 1514 2230 uel
1539 2202 1660 2231 maiore
1685 2202 1733 2231 lit.
1760 2202 1879 2232 initiali
1906 2204 1954 2232 in-

122 2254 228 2285 dicata
253 2261 312 2285 est.
339 2256 371 2285 in
397 2265 498 2294 marg.
526 2266 543 2285 a
572 2258 586 2287 1
606 2267 646 2286 m.
674 2257 780 2286 literis
807 2258 984 2286 minoribus
1010 2257 1130 2295 scripta
1155 2257 1253 2287 habet
1278 2257 1373 2287 haec:
1400 2257 1447 2287 kic
1471 2257 1672 2287 introducitur
1695 2258 1791 2288 ulia-es
1824 2259 1884 2298 (z
1900 2259 1953 2301 φ),

126 2310 143 2339 2
163 2320 203 2340 m.
222 2311 367 2342 addidit:
394 2313 434 2342 ad
451 2314 600 2342 teresiam
625 2317 731 2342 uatem
758 2314 904 2352 loquens.
931 2313 1052 2343 Contra
1077 2323 1099 2355 φ
1125 2313 1216 2343 offert
1243 2314 1489 2352 inscriptionem
1516 2325 1587 2344 cum
1612 2315 1661 2344 lit.
1689 2315 1807 2345 initiali
1833 2316 1955 2345 maiore

128 2367 237 2397 rubra:
263 2368 423 2399 VLIXES
445 2369 504 2399 AD
531 2370 753 2400 TYRESIAM
779 2370 943 2400 VATEM.
995 2370 1084 2399 Haec
1110 2370 1279 2408 inscriptio
1305 2370 1503 2410 frequentior
1532 2373 1564 2401 in
1601 2372 1693 2402 codd.
1733 2372 1808 2401 Hor.
1846 2374 1954 2402 uariae

123 2425 243 2454 aetatis.
269 2425 415 2456 VLIXIS
436 2426 495 2456 AD
523 2427 744 2457 TERESIAM
769 2427 920 2457 VATEM
944 2428 963 2457 b
990 2431 1021 2456 et
1047 2427 1136 2456 Parr.
1165 2428 1263 2465 8223,
1295 2428 1394 2458 Notre
1419 2428 1531 2458 Darne.
1558 2428 1703 2458 VLIXIS
1726 2428 1785 2457 AD
1811 2428 1951 2459 TRISE-

123 2479 232 2510 RIAM
249 2481 410 2512 VATEM.
430 2482 510 2523 (sic)
529 2483 630 2514 Petc.
677 2483 845 2519 Quomodo
862 2484 1028 2514 hereditas
1053 2487 1201 2522 captatur
1225 2485 1316 2515 docet
1342 2484 1364 2514 Ι.
1391 2485 1515 2515 Inducit
1540 2485 1663 2515 ulixem
1688 2486 1830 2516 umbram
1855 2485 1959 2516 tiresiz'

123 2537 205 2575 apud
231 2537 351 2569 inferos
377 2540 633 2579 interrogantem
659 2540 698 2572 H.
725 2540 852 2579 Egloga
878 2541 994 2579 quinta
1021 2540 1059 2571 Ο.

237 2595 272 2633 6)
297 2595 428 2626 Inducit
455 2615 493 2618 —
520 2597 728 2635 heredipetas
753 2607 780 2639 γ.
807 2598 876 2627 rell.
903 2607 963 2627 om.
1028 2598 1063 2636 8)
1091 2599 1207 2627 teresia
1241 2598 1367 2642 γΒφῦΝ
1396 2598 1484 2629 Sorb.
1522 2599 1632 2629 Ambr.
1666 2599 1758 2629 Baro.
1794 2599 1890 2629 Bern.
1916 2599 1956 2642 A,

126 2650 158 2679 in
183 2651 267 2688 aliis,
293 2656 327 2682 ut
355 2652 395 2690 O7
422 2663 437 2682 e
464 2658 542 2683 mut.
570 2655 602 2683 in
628 2655 649 2686 i.
676 2655 744 2692 alii,
771 2659 804 2684 ut
831 2654 908 2684 IMP
934 2654 981 2686 St.
1010 2653 1116 2686 Germ.
1142 2655 1236 2685 Bern.
1264 2655 1288 2686 C
1315 2657 1444 2696 tyresia.
1492 2656 1527 2695 9)
1555 2661 1677 2695 reparet
1701 2655 1737 2694 C,
1764 2657 1818 2695 qui
1842 2657 1956 2686 habet:

125 2705 254 2747 Ulyssis
292 2718 427 2747 persona
452 2710 598 2740 Tiresiae
623 2712 769 2741 umbram
794 2711 985 2750 alloquentis
1011 2722 1062 2750 ap.
1089 2712 1146 2742 inf.
1174 2712 1441 2752 z'nterroyamz'sque
1467 2723 1496 2751 q.
1534 2723 1593 2742 am.
1630 2713 1800 2752 naufragio
1836 2717 1867 2743 et
1902 2722 1958 2752 per

126 2773 233 2802 procos
252 2775 326 2804 opes
343 2771 479 2805 reparet.
509 2767 595 2801 Quod
611 2777 651 2797 ex
670 2768 762 2798 Hom.
792 2768 853 2798 Od.
872 2774 1011 2800 sumtum
1030 2773 1089 2798 est.
1123 2769 1279 2799 Horatius
1306 2774 1411 2800 autem
1436 2770 1523 2808 quasi
1545 2769 1630 2799 aliud
1653 2779 1743 2809 agsevzs
1761 2774 1793 2800 et
1810 2771 1958 2800 haeredi-

126 2825 214 2858 petas
240 2822 358 2853 lacerat
383 2828 410 2852 et
432 2824 536 2863 quibas
560 2824 653 2854 modis
670 2824 867 2854 haereditates
885 2830 1040 2864 captentur
1057 2826 1157 2856 edocet
1173 2831 1232 2856 etc.
1301 2827 1354 2865 10)
1375 2831 1420 2855 est
1447 2837 1507 2856 om.
1534 2836 1558 2867 γ.
1578 2832 1685 2856 autem
1704 2836 1763 2856 0111.
1782 2836 1808 2868 γ.
1823 2845 1865 2848 -
1879 2826 1961 2857 Illud

128 2886 222 2916 agens
247 2889 296 2909 va.
324 2880 415 2910 Aliud
439 2891 538 2919 agens
562 2892 590 2923 γ.
617 2883 686 2911 rell.
712 2882 809 2911 Aliud
836 2887 933 2912 autem
957 2893 1065 2921 agens.
1119 2884 1172 2922 11)
1200 2884 1357 2913 Tiresiam
1449 2893 1468 2912 a
1492 2886 1524 2912 tc
1549 2893 1607 2912 om.
1634 2893 1659 2924 γ,
1687 2884 1741 2922 qui
1766 2884 1882 2914 habet:
1909 2888 1959 2913 te-

129 2935 190 2964 resi
215 2936 347 2966 animam
371 2938 474 2968 multa
500 2939 628 2968 dixisse
652 2939 697 2968 ait
723 2943 849 2976 praeter
874 2944 1024 2969 naturam.
1051 2940 1211 2970 Tiresiam
1236 2951 1306 2970 nam
1324 2957 1362 2961 —-
1382 2944 1522 2969 mamam
1548 2949 1628 2968 inva.
1677 2958 1689 2961 s
1709 2941 1755 2970 ait
1780 2950 1844 2970 eum
1867 2940 1957 2970 vafh.

133 2991 188 3030 13)
216 2992 258 3022 Ut
283 2994 347 3023 alia
371 3003 397 3035 γ.
424 2995 492 3024 rell.
519 3005 578 3025 om.
645 2994 701 3032 14)
726 2995 840 3034 quibus
882 3015 886 3016 ν
911 3014 917 3015 ff
957 2997 1068 3026 edocet
1093 2996 1156 3037 γ,Ο.
1183 2998 1251 3027 rell.
1278 3007 1338 3027 oni.
1407 2997 1462 3034 16)
1487 2996 1561 3026 Tibi
1587 3005 1614 3025 a.
1642 3006 1671 3025 u.
1706 2997 1871 3035 ingenioso
1897 3007 1956 3027 om.

129 3046 350 3088 7(G‘?Q)‚mva.
374 3050 491 3081 Astuto
517 3071 558 3073 -κ
585 3052 728 3082 Tiresias
753 3062 778 3094 γ.
807 3054 876 3082 rell.
903 3064 963 3083 om.
1018 3054 1072 3092 18)
1097 3053 1171 3092 quid
1194 3072 1234 3074 ---
1261 3053 1403 3082 Tiresias
1427 3062 1453 3093 γ.
1480 3053 1549 3082 rell.
1575 3062 1632 3082 om.
1688 3053 1743 3091 19)
1775 3054 1799 3084 O
1822 3053 1900 3083 nulli
1916 3071 1957 3074 -ffl

130 3106 269 3136 ueridice
293 3117 317 3149 γ.
345 3108 410 3137 rell.
436 3117 496 3137 om.
547 3109 606 3147 20)
632 3109 677 3138 Te
703 3110 903 3139 uaticinante
928 3109 989 3151 YJC.
1052 3110 1109 3147 21)
1136 3110 1224 3139 Grex
1249 3119 1275 3151 γ.
1304 3110 1373 3139 rell.
1398 3119 1457 3139 om.
1519 3109 1577 3149 22)
1603 3110 1814 3148 comparanda
1836 3120 1862 3152 γ.
1889 3110 1957 3140 rell.

131 3167 318 3200 comparata.
367 3165 423 3203 22)
451 3164 569 3195 Omnia
663 3166 844 3195 substantia
870 3175 896 3206 γ.
924 3166 991 3196 rell.
1019 3177 1079 3196 om.

1977 950 2012 980 10

1974 1317 2015 1347 15

1974 1685 2016 1718 20
