2148 3412
169 116 250 156 434
809 121 913 153 ACR.
939 120 999 152 ET
1025 119 1190 152 rourn.
1216 119 1363 152 COMM.

282 250 346 290 18.
380 248 594 289 obscurum
617 246 748 287 lunae.
809 243 898 285 Aut
929 243 1107 298 eclipsin
1139 242 1384 299 significat[‚
1422 257 1529 298 quae
1561 256 1736 284 concors
1766 248 1828 284 est
1857 242 1998 284 diuer-

168 323 225 365 sis
256 320 446 376 partibus
478 319 687 362 connexis
761 317 830 359 Ex
860 317 1043 372 quadam
1074 323 1212 357 autem
1243 323 1362 371 parte
1394 315 1554 357 discors
1585 322 1645 357 est
1677 315 1783 357 sicut
1818 315 1931 371 ignis
1961 323 1999 356 et

167 410 295 450 aqua:
329 409 379 435 cx
411 392 593 447 quadam
625 406 799 433 concors
831 406 925 432 cum
946 396 1088 431 mutuo
1119 389 1371 444 colligentur
1401 388 1670 430 concordiam
1701 388 1847 430 mundi
1868 389 2000 444 signi-

168 467 299 525 ficat],
332 473 402 508 aut
437 465 640 520 quoniam
672 479 748 519 pcr
778 478 964 506 mensem
996 463 1096 504 luna
1128 462 1278 504 crescit
1309 470 1349 503 et
1379 462 1597 504 decrescit.

103 553 120 581 5
283 543 348 582 19.
383 539 596 581 concordia
629 539 793 580 discors.
873 536 1035 578 Verum
1067 543 1148 584 cst3
1190 551 1286 576 nam
1318 535 1468 577 humor
1513 535 1626 591 igne,
1671 535 1845 577 humore
1890 535 2002 591 ignis

170 614 369 670 pascitur.

283 689 347 729 20.
383 685 671 740 Empedoclem.
731 682 1015 738 Empedocles
1046 681 1322 736 philosophus
1343 679 1671 736 Agrigentinus,
1704 695 1810 736 quae
1841 681 1895 722 ad
1914 680 2003 736 Py-

169 760 432 817 thagoricam
463 766 619 800 sectam
651 757 874 812 pertinent,
907 763 1040 797 metro
1071 762 1111 796 et
1140 754 1333 796 uersibus
1363 754 1548 795 tradidit.

285 835 515 876 Stertinium
557 833 670 873 delz'r.
714 845 894 873 acumen.
975 827 1202 870 Stertinius
1233 827 1522 882 philosophus,
1562 827 1635 882 qui
1668 826 1846 869 CCXX
1875 827 2005 870 libros

105 917 144 949 10
171 906 410 950 Stoicorum
441 905 597 947 Latine
628 904 864 959 descripsit.
938 902 1031 944 Hos
1061 908 1190 952 notat,
1237 901 1350 955 quod
1380 900 1571 942 uersibus
1604 901 1689 943 suis
1718 900 2005 943 obscuriorem
2066 926 2070 934 ‹
2127 921 2129 929 ‚

173 980 488 1036 philosophiam
519 978 709 1020 fecerint.

285 1056 350 1095 21.
383 1068 453 1095 seu
481 1054 611 1108 pisces
642 1067 712 1093 seu
738 1064 853 1107 porr.
913 1048 1013 1092 Siue
1043 1049 1155 1090 laute
1187 1048 1277 1090 siue
1308 1062 1436 1102 parce
1467 1047 1590 1089 uiuis.

285 1129 350 1168 22.
384 1129 520 1182 Pomp.
559 1125 754 1181 Grospho.
834 1124 1044 1180 Grosphus
1074 1122 1152 1164 iste
1198 1121 1357 1163 amicus
1403 1128 1491 1163 erat
1536 1120 1709 1163 Horatii
1755 1136 2007 1164 conmorans

172 1216 267 1243 cum
298 1199 426 1250 Iccio,
458 1215 507 1241 ac
538 1214 615 1254 per
644 1198 724 1240 hoc
757 1197 808 1238 de
840 1211 889 1239 eo
920 1196 1040 1238 illum
1070 1194 1334 1251 precabatur.

106 1284 145 1315 15
288 1275 405 1316 ultro.
465 1272 537 1314 Al.
568 1271 694 1313 ultm.

288 1347 373 1403 [24.
413 1346 505 1388 Vilis
537 1346 762 1387 am‘e'corwn
793 1352 851 1386 est
881 1358 1057 1386 annona.
1124 1342 1175 1383 Id
1205 1348 1286 1384 est:
1333 1342 1457 1384 facile
1487 1348 1663 1398 possunt
1692 1341 1839 1384 haberi
1870 1342 2008 1393 amici,
2066 1347 2068 1371 ί

173 1421 326 1476 quibus
356 1419 487 1462 multa
518 1417 700 1475 desunt]
764 1432 940 1459 annona.
973 1415 1110 1469 Quasi
1141 1416 1348 1458 materies.
1409 1417 1482 1458 ubi
1510 1417 1616 1473 quid.
1652 1415 1846 1471 Aliquid.

287 1496 353 1535 27.
389 1494 598 1536 Phraates.
661 1492 755 1533 Rex
784 1491 1027 1540 Persarum,
1061 1504 1182 1544 quem
1214 1489 1382 1544 pulsum
1412 1505 1437 1530 a
1467 1489 1631 1531 ciuibus
1661 1505 1794 1546 regno
1825 1490 2011 1532 reddidit

177 1567 354 1616 Caesar-3
403 1566 472 1608 hic
503 1574 641 1608 autem
689 1565 862 1619 (victus)
895 1563 1070 1605 Tiberio
1101 1578 1145 1605 se
1181 1562 1386 1620 de[di]dit
1431 1569 1470 1604 et
1501 1563 1625 1619 signa
1654 1563 1860 1615 Romana,
1903 1579 2010 1619 quae

108 1650 150 1681 20
178 1649 302 1696 capta
333 1655 427 1683 cum
460 1638 617 1682 Crasso
649 1639 812 1680 fuerant
847 1637 1082 1693 [reddidit]

291 1826 323 1864 1)
351 1824 490 1863 eclipsim
515 1824 603 1854 vafh.
631 1841 670 1844 -w
699 1832 779 1862 quae
805 1831 937 1852 concors
966 1840 1003 1842 —
1032 1822 1197 1860 significat
1220 1820 1309 1851 vafh.
1336 1821 1406 1850 rell.
1432 1831 1492 1851 om.
1542 1821 1577 1860 2)
1605 1831 1768 1852 connexas
1792 1832 1822 1851 v.
1873 1821 1909 1861 4)
1935 1831 2011 1861 quo·
2064 1842 2067 1848 .

176 1885 261 1913 niam
286 1893 312 1923 γ.
338 1883 407 1912 rell.
434 1882 539 1911 modo.
566 1885 593 1911 et
617 1881 702 1910 decr.
728 1890 754 1921 γ.
792 1884 844 1909 aut
867 1880 952 1909 decr.
978 1878 1096 1914 vath.
1148 1879 1182 1917 5)
1208 1878 1327 1907 Verum
1352 1895 1395 1899 »—
1420 1879 1562 1916 pascitur
1587 1888 1614 1920 γ.
1641 1878 1710 1908 rell.
1737 1888 1796 1908 om.
1835 1879 1916 1909 conf.
1943 1878 2010 1909 Cic.

179 1939 214 1979 6)
240 1939 428 1977 Eenpedocl.
455 1937 682 1977 agi-agentibus
709 1937 787 1976 (sic)
814 1946 830 1978 γ
855 1937 889 1966 in
916 1937 1032 1973 lemur,
1060 1935 1223 1974 enpedocl.
1249 1935 1284 1964 in
1310 1934 1400 1972 Hor.y
1427 1939 1463 1964 ut
1480 1935 1601 1978 ΒφῦΙΟ
1619 1938 1680 1965 etc.
1707 1936 1763 1964 alii
1789 1939 1825 1965 ut
1851 1935 1876 1964 E
1902 1935 2010 1965 Ambr.

177 1998 268 2027 Barc.
296 1997 393 2026 Bcrn.
420 1996 443 2026 C
471 2000 532 2026 etc.
559 1996 678 2034 emped.
729 1995 764 2033 9)
793 1993 909 2024 CCXX
926 2004 952 2036 γ.
979 1995 1135 2023 ducentos
1153 1997 1180 2022 el
1196 1994 1262 2031 uig.
1283 1992 1398 2024 inculc.
1418 1991 1455 2028 Q.
1482 1992 1550 2021 rell.
1577 1993 1648 2021 duc.
1676 1992 1866 2031 (ducentum
1884 1992 1919 2031 v)
1945 1993 2012 2030 uig.

182 2055 236 2093 10)
262 2053 428 2091 descripsit
454 2062 480 2094 γ.
508 2053 576 2081 rell.
606 2052 747 2090 scripsit.
764 2068 803 2071 Q
822 2050 904 2089 quod
927 2060 953 2091 γ.
979 2050 1050 2080 rell.
1079 2049 1133 2088 qui
1198 2050 1253 2087 12)
1280 2048 1355 2078 Siue
1370 2066 1411 2069 —e
1425 2049 1510 2078 uiuis
1535 2058 1561 2090 γ.
1588 2049 1656 2077 rell.
1683 2058 1743 2078 om.
1771 2049 1853 2078 conf.
1881 2048 1923 2078 C:
1951 2050 2013 2078 ‘sea
2064 2065 2066 2075 r

174 2109 292 2148 pise-eis.
321 2110 379 2139 hoc
406 2112 466 2138 est.
492 2109 561 2137 siue
584 2109 683 2137 laute.
707 2117 758 2137 seu
775 2116 916 2145 porrum.
944 2107 1013 2136 siue
1038 2115 1132 2144 parce
1157 2106 1264 2135 uiuis.‘
1318 2106 1373 2143 13)
1401 2104 1568 2143 Grosphus
1583 2105 1821 2144 “precabatur
1840 2106 1921 2148 γΒφ.
1941 2106 2011 2135 rell.

180 2167 343 2205 Grosphus
370 2167 433 2196 iste
458 2175 519 2195 am.
536 2164 605 2204 ficit
628 2165 706 2198 Hor.
733 2174 770 2193 ac
795 2174 824 2202 p.
851 2164 924 2194 haec
949 2172 1195 2193 commemorans
1214 2162 1271 2201 (Β)
1290 2163 1330 2192 de
1361 2172 1396 2192 eo
1421 2162 1512 2192 illum
1530 2161 1742 2200 praedicabat,
1769 2163 1914 2192 scholion
1939 2171 2011 2191 con-

179 2224 284 2253 fusum
311 2227 341 2253 et
367 2223 530 2252 uitiatum.
557 2222 613 2251 hoc
639 2231 675 2251 ac
701 2231 756 2259 per
781 2221 860 2251 haec
884 2230 997 2250 cumin.
1023 2230 1054 2249 v.
1122 2220 1178 2259 15)
1205 2220 1246 2249 al.
1272 2220 1358 2249 ultra
1382 2228 1410 2260 γ.
1440 2229 1469 2248 u.
1498 2219 1549 2248 ⁶23.
1576 2219 1695 2257 Deffer.
1720 2218 1769 2249 Ab
1796 2216 1896 2258 (al.?)
1923 2218 2011 2248 offer.

182 2281 238 2319 16)
265 2280 303 2309 Id
330 2297 369 2300 —
396 2280 514 2309 desunt
539 2288 600 2309 om.
631 2288 657 2320 γ.
726 2279 780 2317 17)
808 2278 907 2314 Quasi
933 2278 1085 2307 materies
1110 2276 1163 2319 “{C›
1191 2278 1245 2316 qui
1271 2277 1381 2307 addit:
1421 2277 1489 2306 ‘hoc
1515 2280 1575 2314 est,
1608 2276 1703 2305 facile
1734 2279 1869 2314 possunt
1901 2275 2013 2305 haberi
2064 2251 2065 2264 ¹

180 2339 286 2371 amici,
324 2338 438 2376 quibus
465 2337 569 2367 multa
594 2337 729 2367 desunt?
758 2336 827 2365 rell.
854 2345 913 2365 om.
940 2334 1072 2374 Aliquid
1097 2334 1221 2378 7320.
1248 2335 1319 2364 rell.
1347 2342 1407 2363 om.
1459 2332 1514 2372 18)
1537 2331 1694 2370 praltates
1719 2341 1735 2374 γ
1766 2332 1824 2370 (z
1850 2331 1886 2361 C.
1912 2331 1954 2368 ΙΙ,
1982 2333 2012 2368 2,
2063 2343 2065 2348 ¹

185 2396 239 2434 17)
270 2399 305 2424 ut.
332 2394 363 2423 S.
390 2394 430 2423 H.
458 2392 580 2423 Genou.
608 2392 700 2423 Sorb.
726 2392 835 2424 Ambr.
862 2392 956 2421 Fran.
984 2391 1079 2421 Bern.
1106 2391 1144 2421 A.
1166 2391 1323 2430 probatas.
1356 2390 1396 2419 al.
1420 2388 1579 2428 ⁴firmatos
1611 2389 1705 2418 Barc.
1740 2389 1885 2418 frahates
1916 2388 2013 2418 Bern.
2063 2374 2065 2387 ⁴

181 2451 214 2480 F.
246 2451 400 2489 phraates
425 2451 519 2480 Bern.
547 2451 583 2479 B.
603 2449 783 2488 phrahates
807 2448 874 2478 ιῘΙΟ
904 2450 952 2478 18.
980 2449 1131 2486 piantes
1150 2448 1187 2477 E.
1207 2453 1336 2487 praates
1355 2446 1445 2490 ΒφΡ.
1464 2447 1620 2484 pharates
1646 2446 1740 2475 Bern.
1768 2446 1808 2475 D.
1838 2446 1926 2475 Butl.
1954 2449 2012 2476 etc.

182 2507 266 2538 conf.
295 2506 329 2536 C.
355 2507 397 2545 ΙΙ,
424 2509 453 2542 2,
484 2509 533 2536 17.
600 2507 655 2544 19)
683 2505 802 2535 Caesar
827 2516 887 2535 om.
913 2506 957 2534 fh.
984 2509 1092 2535 autem
1117 2505 1210 2535 victus
1235 2505 1307 2535 Tib.
1334 2514 1367 2534 se
1393 2504 1521 2534 dedidit
1547 2502 1581 2532 C.
1610 2503 1694 2532 dedit
1717 2512 1743 2544 γ.
1770 2502 1837 2532 rell.
1877 2502 2012 2531 dedidit.
2062 2477 2073 2536 1,.

184 2564 242 2602 20)
269 2563 410 2593 reddidit
436 2573 496 2593 om.
514 2572 540 2604 γ.
572 2580 609 2584 -
637 2572 706 2592 cum
734 2562 850 2592 Crasso
877 2561 974 2598 fuere,
1000 2562 1133 2592 restituit
1157 2561 1193 2591 C.
