2148 3412
143 963 180 994 10

140 1330 179 1361 15

210 155 292 196 408
854 162 959 194 Aen.
986 162 1046 193 ET
1073 161 1239 194 PORPH.
1266 161 1414 194 coMM.

325 290 362 329 2.
394 288 596 330 Sextilem.
659 285 745 339 Qui
777 300 888 327 nunc
920 284 1140 341 Augustus
1171 284 1336 327 dicitur.

322 363 361 402 4.
413 363 545 412 Quam
594 361 699 402 milet.
780 358 939 401 Sensus
989 366 1070 401 est:
1116 358 1234 400 illam
1278 358 1460 409 ueniam,
1508 373 1633 413 quam
1678 357 1781 399 mihi
1826 357 1963 408 dares,
2009 358 2044 400 si

209 435 429 490 aegritudo
476 434 773 476 intercluderet
811 433 1038 474 aduentum
1083 447 1234 482 meum,
1281 431 1390 473 hanc
1435 432 1572 487 ipsam
1617 431 1781 472 timenti
1825 437 2044 487 aegrotare

207 507 343 558 dabis,
377 508 490 562 quod
522 507 574 549 ob
605 508 685 548 hoc
716 506 981 562 praetermisi
1012 513 1285 562 praeceptum
1316 512 1445 555 tuum,
1493 504 1608 560 quod
1637 504 1757 546 timui
1788 504 1893 546 mihi
1923 519 2040 546 mor-

207 581 307 622 bum
338 581 557 631 inminere,
591 581 626 623 si
655 581 734 623 hoc
766 594 1029 634 exsequerer.

321 656 357 696 5.
389 657 562 697 ueniam.
622 653 831 709 Requiem
861 660 901 694 et
931 651 1252 707 indulgentiam.

321 729 418 770 «lam
444 728 547 784 ficus
570 730 709 784 prima
741 728 942 782 calorque.
1005 723 1282 767 Caniculares
1313 724 1416 775 dies,
1450 724 1619 779 quando
1650 738 1786 766 nouae
1816 731 1912 766 sunt
1941 712 2044 765 ficus

207 808 248 842 et
276 801 432 843 multae
462 808 629 851 mortes,
667 800 831 841 infinita
861 799 989 840 etiam
1019 805 1280 840 testamenta.

321 876 358 916 6.
394 876 722 931 Dz'ssiynatorem.
790 874 1087 928 Dz'ssz'ynatores
1117 872 1328 922 dicuntur,
1374 872 1447 927 qui
1477 872 1531 913 ad
1562 872 1701 914 locum
1731 870 1949 913 Libitinae
1979 871 2044 912 fu-

206 948 354 990 nebria
375 949 630 1004 praestanda
652 947 956 996 conducuntur,
988 952 1033 987 ut
1053 945 1239 987 defuncti
1261 960 1355 987 cum
1378 945 1535 987 honore
1558 945 1795 987 efferantur.
1854 956 2043 986 ALITER:

207 1022 504 1078 Designatores
535 1023 729 1063 funerum
761 1020 977 1074 mancipes
1008 1027 1048 1061 et
1078 1019 1352 1061 ordinatores.
1411 1019 1522 1060 Nam
1569 1020 1779 1075 dese'ynare
1824 1025 1887 1060 est
1930 1017 2045 1060 ordi-

204 1110 318 1136 nare.
393 1095 521 1138 Unde
552 1102 592 1137 et
622 1095 694 1150 qui
724 1094 838 1136 locos
868 1093 912 1134 in
943 1093 1116 1134 theatris
1149 1093 1454 1148 spectatoribus
1486 1093 1809 1142 distribuebant,
1857 1093 2042 1148 desiqna-

206 1178 309 1211 tores
341 1169 601 1211 dicebantur.
661 1168 890 1209 Praeterea
921 1174 981 1209 est
1012 1167 1220 1222 desiqnare
1251 1167 1521 1218 confundere,
1552 1174 1597 1209 ut
1628 1173 1667 1209 et
1699 1167 1817 1223 (iste)
1848 1165 1952 1208 alibi
1969 1165 2040 1223 (E

203 1242 237 1293 Ι,
270 1244 309 1293 5,
344 1244 436 1297 16):
474 1244 585 1294 Ouid
614 1257 694 1284 non
726 1243 894 1284 ebrietas
926 1242 1152 1296 dz’ssiqnat?
1180 1248 1318 1297 operta
1349 1241 1535 1283 recludit.

321 1317 494 1359 decorat.
554 1315 776 1358 Honorem
806 1315 845 1356 ei
876 1315 959 1355 dat.

318 1391 528 1432 lictoribus
560 1400 634 1432 atr.
695 1388 898 1430 Ministris
930 1387 1245 1430 sacrificiorum.

315 1466 426 1505 atris.
460 1463 673 1505 Videlicet
703 1470 878 1518 propter
910 1461 1110 1520 [fumum]
1142 1462 1304 1504 funera.

319 1539 355 1578 7.
384 1539 537 1594 pueris.
599 1535 773 1578 Scilicet
802 1549 879 1591 pro
911 1538 1008 1578 suis.

313 1610 450 1666 pallet.
511 1609 665 1659 Timet,
697 1623 755 1651 ne
787 1609 926 1651 calore
956 1608 1191 1651 moriantur
1220 1607 1395 1651 Romae.

203 1820 285 1849 quae
304 1820 375 1841 eum
395 1820 519 1850 semper
537 1812 600 1842 sibi
611 1810 860 1850 praesentialiter
877 1810 1017 1840 assistere
1034 1810 1054 1840 b
1070 1809 1170 1849 (rog.)
1185 1809 1249 1853 Βφ.
1275 1819 1337 1839 ass.
1354 1809 1528 1849 requirebat
1543 1809 1607 1852 Βφ.
1625 1809 1692 1841 Aut
1710 1819 1772 1841 om.
1784 1809 2041 1849 praesentialiter,

203 1871 259 1898 aut
277 1867 368 1906 lege:
386 1867 569 1906 praesentia
592 1867 710 1898 seruire
734 1868 879 1906 rogabat,
906 1877 940 1896 eo
959 1876 1068 1905 sensu,
1095 1876 1156 1905 quo
1182 1866 1262 1905 Nep.
1290 1866 1401 1897 Them.
1425 1868 1459 1896 1:
1486 1865 1593 1896 amicis
1617 1867 1751 1897 seruire.
1770 1865 1835 1896 Cic.
1856 1865 1928 1897 Cat.
1946 1866 1987 1905 ΙΙ,
2006 1867 2041 1896 4:

202 1923 330 1954 aliorum
354 1925 461 1955 amori.
481 1924 549 1955 Cic.
567 1924 678 1954 Plane.
698 1925 755 1954 38:
785 1925 848 1954 sibi
874 1924 1059 1954 seruissem.
1088 1922 1137 1953 Cf.
1164 1924 1265 1953 etiam
1292 1924 1418 1953 exitum
1436 1924 1570 1954 scholii:
1598 1925 1706 1962 ‘quam
1724 1928 1789 1954 tam
1806 1924 1899 1962 graui
1922 1922 2044 1953 seruitio

202 1982 297 2019 cogi,'
325 1985 355 2011 et
382 1982 420 2010 ad
445 1991 474 2011 u.
502 1983 554 2011 25.
583 1983 635 2012 26.
662 1982 767 2012 Multo
792 1981 924 2011 liberius
950 1979 992 2011 C:
1020 1984 1026 1997 ‘
1050 1999 1087 2002 fl
1108 1990 1180 2010 eum
1205 1989 1330 2019 semper
1355 1981 1417 2010 sibi
1436 1985 1627 2019 praesentem
1651 1990 1714 2010 esse
1738 1980 1890 2019 cupiebat.
1910 1978 1924 2023 ΙΙ
1945 1988 2041 2019 quare

201 2037 357 2067 Horatius
382 2048 479 2077 aegre
506 2040 565 2069 hoc
590 2038 708 2076 ferens,
747 2039 859 2068 durius
884 2047 985 2076 aequo
1010 2047 1081 2067 cum
1107 2046 1143 2067 eo
1169 2038 1312 2075 loquitur
1347 2038 1508 2076 inquiens,
1546 2038 1643 2067 malle
1678 2037 1898 2068 Maecenatem
1935 2037 2043 2067 omnia

204 2103 285 2132 quae
311 2095 446 2125 dederat
470 2099 628 2134 repetere,
657 2093 671 2136 Η
697 2105 790 2134 quam
815 2099 841 2126 t.
870 2105 900 2133 g.
928 2104 951 2124 s.
978 2095 1072 2133 cogi.’
1121 2093 1152 2132 †)
1179 2093 1250 2124 Vet.
1278 2093 1455 2124 Chisianus
1482 2093 1538 2132 (H.
1564 2094 1601 2124 V.
1631 2095 1704 2124 165.
1731 2102 1814 2124 saec.
1839 2093 1900 2134 XI)
1925 2094 2040 2124 habet:

203 2155 333 2189 propter
359 2161 439 2190 quae
465 2161 591 2190 semper
618 2153 680 2182 sibi
705 2154 847 2181 assistere
871 2152 1016 2190 rogabat.

318 2209 350 2248 1)
377 2208 467 2238 Sext.
501 2227 535 2229 ᾼ
563 2209 683 2239 dicitur
707 2208 775 2250 ·(‚C.
826 2207 860 2247 2)
886 2208 1008 2238 Sensus
1034 2226 1077 2229 —
1102 2217 1278 2247 exequerer
1293 2217 1320 2250 γ.
1348 2207 1440 2238 Conf.
1459 2206 1501 2237 C:
1529 2210 1628 2247 ‘quam
1651 2206 1734 2239 mihi.
1761 2216 1826 2236 eam
1849 2207 1977 2237 ueniam
1995 2223 2035 2228 —-

201 2265 411 2296 intercideret
437 2267 624 2303 aduentum,
651 2267 732 2296 hanc
760 2284 799 2286 —
825 2266 929 2303 dabis,
954 2265 1026 2304 quia
1044 2269 1209 2304 propterea
1234 2264 1324 2295 omisi
1349 2282 1390 2285 ψ
1417 2264 1501 2303 quod
1524 2265 1630 2302 timui,
1654 2264 1682 2294 si
1704 2263 1739 2294 id
1759 2273 1817 2293 non
1841 2263 2039 2303 assequerer!

203 2322 324 2353 Sensus
351 2327 398 2353 est
426 2333 487 2353 om.
513 2322 609 2353 vcaC.
659 2324 693 2362 5)
719 2331 902 2361 assequerer
927 2322 986 2351 cal.
1037 2321 1071 2361 7)
1097 2321 1306 2352 Caniculares
1322 2324 1577 2352 —testamenta
1601 2331 1618 2363 γ
1633 2320 1744 2351 Ambr.
1772 2321 1843 2350 rell.
1869 2329 1931 2351 om.
1958 2319 2040 2349 mul-

201 2385 254 2410 tae
282 2390 415 2410 merces.
441 2390 467 2422 γ.
486 2381 579 2418 posui
604 2384 724 2409 mortes.
753 2379 838 2409 conf.
866 2379 939 2409 Tac.
965 2378 1085 2415 H.111,
1104 2380 1157 2409 28.
1186 2378 1253 2410 Cic.
1281 2379 1376 2409 Tusc.
1401 2377 1427 2415 I,
1452 2379 1506 2407 48.
1532 2378 1604 2408 Fin.
1630 2377 1671 2416 II,
1698 2379 1751 2408 30.
1777 2377 1861 2407 Plin.
1887 2377 1926 2407 Ε.
1951 2374 2039 2412 VIII,

207 2438 254 2466 16.
284 2437 381 2476 Verg.
407 2437 452 2467 M.
478 2437 534 2475 XI,
563 2438 637 2467 538.
662 2437 700 2466 A.
725 2436 781 2474 XI,
809 2436 884 2465 854.
911 2435 995 2466 conf.
1015 2435 1057 2467 C:
1085 2437 1177 2476 ficus.
1204 2437 1296 2467 donec
1320 2445 1422 2466 nouae
1447 2439 1522 2465 sunt
1548 2436 1636 2473 ficus,
1675 2439 1707 2465 et
1731 2434 1833 2464 multa
1859 2434 2040 2463 morborum

201 2502 334 2532 genera,
361 2496 394 2524 in
413 2494 527 2524 diebus
546 2494 672 2523 scilicet
697 2492 957 2523 canicularibus.'
1008 2494 1042 2531 9)
1069 2492 1355 2533 Dissiqnatorem*)
1374 2493 1504 2531 habent,
1530 2496 1566 2521 ut
1591 2490 1757 2530 Inscriptt.
1783 2501 1833 2530 ap.
1861 2489 1982 2520 Osann.
2007 2499 2038 2528 p.

200 2550 264 2580 475
292 2555 323 2581 et
351 2550 450 2580 Orell.
478 2551 518 2581 N.
546 2551 644 2588 3212,
670 2553 752 2580 uett.
779 2550 915 2589 codices,
953 2554 1010 2580 aut
1042 2559 1130 2588 pure,
1167 2554 1204 2579 ut
1228 2550 1339 2580 Ambr.
1366 2549 1481 2579 Graeu.
1509 2548 1627 2586 (Harll.
1658 2550 1671 2577 1
1700 2551 1731 2578 et
1757 2547 1804 2587 3).
1831 2546 1947 2585 Regin.
1971 2545 2038 2576 M¹.

199 2606 293 2637 Fran.
319 2607 416 2638 Bern.
444 2606 479 2637 C.
507 2606 598 2637 Chis.
618 2607 707 2637 Part.
725 2606 890 2649 EBcpHJP
908 2605 998 2637 Sorb.
1025 2610 1097 2644 etc„
1123 2616 1193 2637 cum
1219 2617 1299 2638 corr.
1326 2616 1343 2647 γ
1368 2607 1403 2647 (2
1422 2616 1464 2637 m.
1483 2609 1561 2635 mut.
1588 2605 1659 2635 diss.
1688 2605 1721 2635 in
1746 2604 1837 2644 dess.)
1864 2603 1911 2635 St.
1931 2602 2037 2634 Germ.

200 2664 324 2704 Desiyn.
357 2674 432 2704 ergo
456 2665 556 2695 multo
581 2665 705 2694 minore
731 2664 850 2693 nititur
875 2664 1068 2694 auctoritate
1093 2664 1248 2694 librorum
1272 2673 1362 2702 mss„
1387 2673 1452 2693 non
1477 2663 1554 2692 item
1581 2662 1784 2700 scriptorum,
1807 2665 1845 2691 ut
1869 2670 1924 2691 eos
1947 2664 2038 2690 tene-

199 2731 281 2751 mus.
307 2722 383 2752 uide
409 2731 505 2760 supra
529 2721 569 2750 ad
596 2721 634 2751 E.
659 2721 685 2758 Ι,
713 2720 742 2758 5,
773 2721 822 2749 16.
860 2720 950 2749 Barc.
977 2720 1094 2750 habet:
1131 2720 1384 2760 Dessiynatorem.
1422 2719 1649 2759 Dessiynatores
1685 2722 1743 2748 etc.
1810 2718 1866 2757 10)
1892 2715 2038 2747 funebria

200 2778 398 2815 praestanda
422 2779 473 2819 γΙ),
501 2777 590 2808 Chis.
619 2776 719 2815 C(Q).
746 2776 865 2806 funera
889 2777 1067 2815 praestanti
1089 2787 1138 2807 ve.
1164 2777 1283 2807 funera
1307 2775 1504 2816 praestanda
1528 2785 1556 2805 a.
1588 2774 1700 2805 funere
1718 2773 1900 2813 praestanti
1921 2774 1968 2803 fh.
1993 2789 2037 2795 —

200 2833 384 2864 deferantur
402 2836 432 2864 b.
450 2835 493 2864 ai.
512 2835 560 2876 rb.
581 2834 687 2864 Aliter
702 2832 739 2863 C.
766 2833 896 2871 Design.
924 2832 1016 2875 vaC·
1070 2834 1125 2873 12)
1151 2834 1279 2864 destrib.
1299 2835 1329 2864 b.
1347 2833 1570 2871 designatores
1586 2849 1628 2852 ——
1646 2832 1815 2870 designare
1839 2829 1927 2873 ·(b‚C.
1978 2830 2034 2868 14)

200 2891 360 2929 dissignat
378 2893 427 2934 γΙ).
446 2891 570 2930 design.
591 2891 625 2921 C.
677 2891 823 2929 14—15)
842 2890 951 2919 Aliter
967 2907 1005 2910 —
1026 2890 1158 2920 ricludit
1182 2900 1242 2921 om.
1268 2890 1408 2927 veath,
1434 2890 1489 2928 qui
1507 2889 1630 2918 habent
1646 2887 1769 2926 design.
1820 2888 1876 2926 15)
1901 2887 1988 2917 Hon.
2007 2886 2036 2915 ei

201 2949 257 2978 dat
274 2959 300 2990 γ.
319 2950 388 2979 rell.
407 2959 469 2979 01n.
521 2949 576 2987 16)
603 2947 756 2978 lictoribus
779 2947 865 2976 atris.
891 2946 939 2976 Vi.
967 2956 1015 2984 pr.
1041 2946 1162 2976 fumum
1177 2946 1267 2986 (sic).
1282 2947 1439 2977 ministris
1466 2945 1694 2975 sacrificiorum
1720 2953 1749 2987 γ.
1775 2944 1843 2974 rell.
1870 2953 1930 2973 om.
1980 2942 2046 2982 17)

200 3004 261 3034 Pro
285 3004 406 3034 fumum
433 3015 491 3035 scr.
517 3010 573 3034 aut
597 3006 723 3042 funera⁷
760 3008 815 3033 aut
840 3003 989 3033 funerum
1026 3003 1158 3041 luctum,
1195 3013 1305 3034 curam
1339 3003 1499 3039 funerum,
1525 3002 1706 3040 exsequias.
1768 3001 1824 3039 18)
1850 3010 1876 3030 s.
1894 3009 1951 3038 pro
1968 2998 2035 3029 suis

198 3072 225 3104 γ.
252 3062 334 3092 conf.
352 3061 393 3092 C:
415 3062 532 3101 pueris.
558 3063 635 3093 suis.
660 3062 730 3092 rell.
757 3070 818 3092 om.
871 3061 925 3100 19)
951 3060 1060 3090 Timet
1085 3078 1126 3082 —-
1152 3070 1261 3091 romae
1285 3070 1312 3103 γ.
1339 3059 1408 3090 rell.
1434 3069 1495 3090 om.
1526 3058 1609 3089 conf.
1637 3057 1682 3088 C:
1708 3057 1827 3094 stimet,
1853 3065 1893 3086 ne
1916 3055 2036 3085 infirmi

200 3119 288 3155 fiant,
315 3123 347 3149 et
373 3119 570 3150 moriantur.’
619 3118 655 3158 ²⁸)
681 3117 781 3149 Orell.
808 3118 905 3148 etiam
929 3116 1206 3158 dissignationem
1229 3117 1335 3149 adfert
1361 3128 1401 3148 ex
1427 3116 1505 3146 Tab.
1531 3114 1661 3146 Heracl.
1687 3124 1717 3153 p.
1744 3114 1797 3145 53.
1822 3112 1989 3144 Marezoll.
