2148 3412
203 916 238 949 10

201 1286 236 1317 15

193 1659 235 1690 20

269 111 348 151 558
904 120 1009 155 Aca.
1035 120 1095 154 ET
1120 103 1301 154 pomi?
1313 121 1461 154 COMM.

379 246 446 286 31.
478 253 513 287 et
528 246 751 288 multarum
767 245 886 288 diuite
903 259 1051 287 rerum.
1111 243 1209 286 Hoc
1239 252 1321 287 est:
1353 245 1612 300 praesidium
1641 261 1667 288 a
1686 245 1935 288 Mithridate
1966 261 2092 303 super

267 319 483 361 thesauros
513 319 601 361 eius
632 319 815 374 positum
859 318 980 360 miles
1025 317 1189 369 deiecit,
1236 325 1360 373 atque
1391 319 1513 361 donis
1544 326 1717 362 ornatur
1746 335 1771 361 a
1801 319 1981 362 Lucullo
2011 320 2091 361 im-

266 400 471 447 peratore.

377 466 444 507 34.
479 467 594 509 Forte
624 467 696 509 sub
728 466 801 509 hoo
833 474 985 523 tempus
1023 465 1234 508 castellum
1270 475 1447 508 euertere
1476 474 1658 524 praetor.
1741 466 1970 509 Praetorem
1999 466 2091 509 Lu-

266 539 420 581 cullum
442 540 654 596 significat
662 556 672 589 3
705 539 859 582 etenim
891 539 991 581 olim
1013 539 1140 581 duces
1170 539 1532 595 imperatoresque
1563 540 1665 582 dicti
1687 546 1727 582 et
1747 540 1950 596 praefecti
1969 554 2092 596 prae—-

265 613 384 655 torio.
446 613 676 669 (Hk-seht:
709 613 957 663 Lucullum3
991 613 1097 669 sign.
1120 612 1232 654 enim
1252 627 1289 655 o.
1310 613 1348 654 d.
1371 613 1397 654 i.
1420 613 1515 656 dicit
1535 620 1575 655 et
1595 614 1828 669 praefectos
1848 615 2091 671 praetores.)

375 689 442 730 37.
474 689 501 728 Ι
528 689 636 740 bone,
668 702 743 744 quo
773 690 909 731 uirtus
939 696 1022 730 tua.
1089 686 1235 729 Verba
1265 686 1439 729 Luculli
1469 687 1645 730 militem
1674 687 1891 730 hortantis.

377 762 444 803 39.
476 763 571 805 Post
600 763 697 804 haec
726 763 794 804 ille
826 770 952 804 catus.
1024 760 1128 804 Post
1156 761 1261 803 haec
1291 761 1361 802 ille
1393 760 1554 812 doctus,
1601 761 1750 816 inquit,
1797 762 2003 818 exemplo,
2049 769 2094 805 ut

264 835 299 877 si
330 835 383 877 sit
413 836 574 885 stultus,
606 835 686 878 sibi
717 842 758 878 et
789 835 1023 892 (sibimet?)
1068 834 1191 877 dicit:
1238 835 1320 877 Ibit
1348 850 1404 886 eo,
1442 850 1517 892 quo
1547 837 1626 886 uis,
1672 836 1745 890 qui
1774 835 1991 891 perdendo
2021 851 2092 878 zo-

263 924 361 952 nam
392 909 554 961 didicit,
584 910 695 952 unde
727 910 780 952 sit
809 909 972 952 lucrum
982 925 991 959 3
1024 915 1063 950 et
1092 908 1198 950 illud
1230 917 1366 951 catus:
1396 916 1592 966 expertus
1623 916 1662 952 et
1692 909 1851 956 doctus.

375 985 443 1026 40.
475 998 633 1028 zonam.
695 982 899 1040 Sumptus
929 990 968 1025 et
997 982 1211 1034 uiaticum,
1254 983 1366 1038 quod
1396 984 1438 1025 in
1470 999 1577 1026 zona
1607 985 1695 1026 fere
1725 984 1880 1026 milites
1910 991 2090 1040 portant.

262 1056 345 1099 His
376 1064 514 1099 autem
544 1057 740 1100 omnibus
770 1054 976 1100 Horatius
1007 1057 1097 1100 uult
1126 1057 1360 1109 ostendere,
1395 1058 1534 1113 primo
1565 1058 1788 1114 dispendio
1818 1058 1880 1100 rei
1909 1058 2090 1100 familia-

262 1131 320 1173 ris
350 1146 393 1173 se
425 1137 615 1173 coactum
645 1140 740 1187 post
768 1131 991 1173 inuitatum
1027 1131 1148 1174 donis
1192 1138 1261 1173 aut
1306 1131 1424 1174 lucro
1471 1132 1543 1190 [ab
1573 1131 1771 1189 Augusto
1801 1133 1890 1174 siue
1919 1131 2091 1175 Maece-

261 1205 377 1263 nate]
411 1205 465 1247 ad
495 1205 719 1248 scribenda
752 1205 941 1248 carmina
976 1205 1208 1248 deuenisse.

374 1281 442 1321 41.
474 1282 540 1322 42.
571 1281 720 1322 Romae
749 1281 1075 1322 nutriri—noc.
1109 1280 1293 1323 Achilles.
1351 1279 1409 1321 Et
1439 1279 1627 1331 discitur,
1659 1278 1843 1322 Achillis
1872 1280 2092 1322 iracundia

261 1360 463 1409 quantum
493 1352 884 1396 obfuerit-Graecis
915 1353 1122 1396 omnibus.
1200 1353 1259 1395 Et
1287 1354 1356 1396 hic
1385 1354 1549 1411 figura[
1552 1354 1610 1412 te]
1643 1354 1863 1396 saeuitiam
1895 1352 2092 1397 Caesaris

261 1425 447 1484 Augusti
477 1428 521 1470 in
552 1427 751 1470 aduersas
781 1434 923 1483 partes
953 1428 1121 1469 uidetur
1151 1428 1383 1470 ostendere.

373 1503 440 1543 43.
472 1502 663 1544 Adiecere
694 1503 817 1544 bonae
840 1502 971 1559 paulo
995 1502 1092 1559 plus
1123 1503 1223 1544 artis
1255 1502 1443 1544 Athenae.
1502 1501 1635 1553 Dicit,
1681 1516 1725 1544 se
1769 1502 1895 1544 etiam
1937 1501 2090 1559 [signi-

259 1576 375 1634 ficat]
407 1574 589 1618 Athenis
619 1576 914 1632 philosophiae
945 1590 1118 1632 operam
1149 1575 1329 1618 dedisse.

373 1652 440 1692 44.
473 1665 604 1693 curuo
635 1651 838 1693 dinoscere
868 1659 1033 1693 rectum.
1092 1649 1144 1691 Id
1175 1656 1254 1692 est:
1288 1664 1364 1705 per
1394 1649 1574 1693 ethicam
1604 1657 1767 1707 partem
1798 1650 2091 1707 philosophiae

260 1724 437 1776 discere,
469 1724 572 1780 quid
603 1723 656 1766 sit
685 1723 850 1775 uitium,
883 1724 986 1780 quid
1016 1724 1069 1767 sit
1098 1723 1243 1766 uirtus.

376 1893 408 1932 1)
434 1892 633 1923 mithrithate
648 1893 693 1923 Μ.
710 1897 806 1933 mytr.
824 1903 854 1923 v.
873 1893 959 1923 mitr.
979 1902 1008 1922 a.
1059 1892 1094 1931 5)
1122 1894 1205 1932 sign.
1224 1891 1300 1922 enim
1312 1892 1383 1922 MR.
1400 1910 1438 1913 —-
1456 1893 1534 1923 dicti
1553 1897 1585 1923 et
1599 1892 1659 1934 (z
1671 1893 1716 1934 A)
1732 1894 1910 1932 praefectus
1926 1894 2086 1932 praetorio

261 1951 320 1990 (z
333 1950 377 1990 A)
391 1950 435 1980 Μ.
450 1951 480 1980 d.
497 1954 520 1980 t.
536 1950 691 1989 prefectus
707 1954 786 1989 pret.
804 1950 841 1979 R.
879 1950 1052 1988 imperfecti
1076 1953 1158 1989 pret.
1186 1951 1214 1979 2.
1241 1950 1338 1979 duces
1364 1950 1570 1988 imperatores
1594 1950 1660 1981 dici
1683 1951 1778 1981 dictos
1801 1951 1971 1989 praefectos
1994 1959 2087 1990 prae-

259 2012 341 2038 tores
365 2017 427 2047 quo
452 2008 528 2038 uirt.
555 2011 621 2038 tua.
647 2017 698 2038 va.
725 2008 935 2046 imperatores
959 2008 1066 2044 dictos,
1092 2007 1274 2046 praefectos,
1300 2010 1463 2046 praetores
1487 2008 1534 2044 fh,
1559 2017 1622 2038 om.
1642 2008 1717 2038 dici.
1768 2007 1802 2047 7)
1829 2007 1932 2038 lucilli
1955 2007 1999 2037 M.
2051 2008 2084 2047 9)

260 2065 379 2095 stultus
403 2064 460 2094 siba·
485 2069 511 2094 et
536 2065 614 2095 dicit
636 2064 815 2102 MR2G‚va.
843 2065 964 2095 sibimet
987 2064 1162 2102 legendum
1187 2067 1245 2094 est.
1272 2066 1306 2094 ut
1331 2064 1374 2094 sit
1400 2065 1531 2101 stultus,
1567 2069 1664 2094 lamen
1689 2065 1791 2095 ibiteo
1817 2065 1930 2104 quouis
1954 2065 2003 2101 fh,
2029 2074 2088 2095 om.

257 2121 293 2152 εἰ.
319 2140 361 2143 -
387 2121 462 2161 quia
484 2121 530 2152 fh.
593 2122 647 2161 10)
673 2122 756 2151 unde
780 2121 859 2151 illud
881 2122 924 2151 sit
947 2121 1044 2150 lucro.
1072 2120 1172 2150 Catus
1197 2125 1293 2150 antem
1319 2130 1392 2159 exp.
1418 2121 1466 2151 fh.
1492 2123 1579 2152 unde
1616 2123 1659 2152 sit
1695 2122 1818 2152 lucrum
1854 2122 1947 2151 illud.
1986 2120 2087 2152 Catus

258 2189 277 2208 a
302 2182 333 2209 et
357 2189 379 2208 v
403 2179 471 2208 siue
502 2183 635 2217 puncto.
671 2179 712 2207 Et
734 2178 814 2207 illud
838 2177 875 2207 R.
903 2187 934 2207 eo
959 2178 1005 2207 ill.
1031 2176 1192 2217 M'2G(Q).
1217 2182 1244 2207 et
1267 2181 1365 2215 rectey
1401 2187 1539 2217 namque
1572 2188 1615 2217 eo,
1661 2179 1777 2218 quippe
1814 2178 1887 2208 lem.
1925 2179 2086 2215 iteratum,

258 2245 308 2275 ap.
334 2236 451 2275 Porph.
475 2245 541 2266 non
566 2238 615 2265 est
641 2235 727 2265 idem
751 2238 847 2273 atque
883 2234 952 2264 inde
988 2235 1040 2264 uel
1075 2234 1151 2265 ideo.
1220 2234 1275 2273 11)
1303 2234 1467 2274 sumptum
1501 2235 1550 2265 uel
1583 2236 1631 2265 fh.
1671 2234 1831 2274 Sumptum
1865 2235 2020 2264 uiaticam
2056 2244 2084 2264 a.

259 2297 290 2324 et
314 2303 375 2323 om.
400 2303 483 2323 v.—
505 2292 537 2322 in
562 2301 670 2322 zonam
693 2290 886 2328 MR2GQ‚v.
914 2292 949 2321 in
972 2301 1052 2322 zona
1077 2291 1174 2327 ath.
1225 2289 1281 2333 12)
1307 2296 1414 2323 autem
1440 2302 1500 2323 om.
1528 2293 1593 2323 afh.
1645 2292 1700 2331 13)
1727 2301 1746 2322 α
1771 2292 1858 2321 lucro
1881 2290 1986 2321 MRG.
2012 2291 2084 2330 lege

257 2354 309 2380 (tut
334 2350 393 2389 (z
410 2350 444 2388 ῑι)
471 2350 569 2379 lucro.
594 2359 631 2379 ac
656 2349 741 2378 lucro
765 2347 886 2383 vath.
914 2366 953 2368 —
981 2349 1020 2378 ab
1045 2348 1128 2387 Aug.
1154 2349 1224 2378 siue
1247 2348 1348 2379 Maec.
1375 2359 1435 2380 om.
1461 2349 1562 2379 MRA.
1588 2350 1628 2379 ab
1652 2352 1827 2389 aryumento
1853 2350 1922 2378 siue
1945 2356 2085 2378 mecoen.

256 2418 286 2437 v.
338 2407 394 2446 15)
420 2406 464 2436 Et
488 2405 614 2436 discitur
638 2404 763 2436 MR2G.
787 2405 901 2435 Romae
925 2410 1006 2435 matr.
1032 2410 1084 2436 eie.
1110 2405 1219 2436 Didia*
1241 2405 1322 2436 Ach.
1343 2406 1381 2443 Q,
1407 2407 1462 2445 qui
1487 2407 1520 2436 in
1545 2406 1642 2436 initio
1669 2406 1784 2436 scholii
1809 2406 1957 2435 lacunam
1982 2407 2085 2434 statu-

257 2464 371 2494 endam
397 2463 579 2502 suspicatus
607 2466 664 2492 est.
690 2463 745 2491 fh:
775 2461 924 2496 Quantum
946 2462 1094 2492 nocuisset
1116 2463 1256 2494 Achilles.
1283 2464 1403 2494 Notum
1429 2466 1478 2494 est
1503 2463 1584 2493 Ach.
1609 2480 1651 2484 —
1672 2472 1728 2492 va:
1765 2462 1879 2492 Romae
1913 2461 2028 2492 nutriri
2060 2464 2086 2491 et
2120 2474 2125 2485 ι

257 2520 362 2550 doceri
383 2517 429 2559 (85
454 2521 505 2552 do.
531 2521 564 2559 a)
589 2518 670 2549 Ach.
697 2519 765 2561 Βφε
791 2519 905 2549 Romae
928 2523 1007 2549 metr.
1035 2518 1171 2550 Corsum
1198 2519 1258 2559 (z
1277 2519 1460 2561 Quorsum).
1487 2520 1566 2550 haec
1590 2520 1729 2549 tendant
1753 2519 1902 2557 exponit.
1929 2518 2013 2548 conf.
2040 2516 2082 2548 C:
2119 2517 2127 2527 ‘

258 2578 424 2608 ‘Horatius
450 2578 488 2607 de
514 2586 548 2607 se
572 2586 656 2606 nunc
680 2577 835 2615 loquitur,
862 2577 915 2615 qui
941 2594 980 2597 ·-
1008 2577 1122 2607 doctus
1148 2581 1197 2607 est
1220 2577 1323 2607 Iliada
1348 2577 1492 2615 Homeri,
1528 2577 1582 2607 ubi
1607 2576 1722 2613 didicit,
1759 2579 1916 2615 quantum
1939 2574 2084 2605 Achilles
2123 2583 2126 2587 ’

257 2636 356 2664 iratus
384 2651 424 2656 »-
448 2633 614 2664 nocuisset
639 2632 773 2663 Graecis
799 2651 840 2654 —u
866 2650 920 2662 -.
970 2632 1027 2673 16)
1052 2635 1179 2672 offuerit
1204 2634 1247 2663 M.
1274 2636 1327 2665 hic
1351 2633 1514 2673 M2G(Q).
1540 2644 1601 2664 om.
1627 2634 1715 2665 vafh.
1741 2633 1761 2662 h
1766 2655 1907 2663 .....
1934 2632 2090 2662 seuitiam

256 2692 284 2722 R
307 2691 402 2730 (spat.
421 2700 490 2723 uae.
508 2694 540 2721 et
553 2690 620 2729 „X”
634 2691 666 2719 in
685 2698 784 2728 marg.
802 2699 850 2729 po.
870 2690 911 2719 ad
936 2691 1046 2728 signif.
1073 2692 1209 2729 figuram
1238 2692 1422 2731 Graecam)
1442 2693 1549 2730 figura
1564 2690 1608 2720 M.
1628 2690 1698 2720 rell.
1717 2689 1833 2729 (etiam
1847 2689 1915 2732 Βφ)
1942 2690 2081 2728 figurate.

260 2750 315 2787 17)
341 2750 375 2778 in
393 2749 464 2779 adu.
483 2751 591 2787 partes
609 2757 669 2778 oni.
695 2747 759 2779 afh.
785 2748 818 2777 in
844 2746 1138 2786 diuersasffliuersz‘s
1151 2748 1195 2787 A)
1222 2757 1272 2786 pa.
1297 2758 1328 2778 v.
1354 2749 1423 2778 rell.
1450 2749 1484 2778 in
1508 2747 1581 2777 adu,
1608 2757 1659 2786 pa.
1686 2745 1778 2777 Conf.
1796 2747 1921 2785 glossas
1948 2755 1990 2776 ex
2012 2745 2082 2787 Βφε

255 2806 378 2836 nutriri.
404 2815 542 2844 corpore.
568 2804 673 2835 doceri
695 2809 813 2835 mente.
836 2804 945 2843 yrecz's.
972 2806 1118 2843 partibus
1144 2806 1300 2836 aduersis.
1325 2806 1460 2836 achilles.
1479 2807 1501 2838 i.
1522 2809 1689 2844 augustus.
1715 2803 1990 2842 adiecem—plus.
2016 2803 2083 2833 adi-

258 2863 337 2892 cim>-
361 2863 484 2899 (Halm.
511 2862 635 2892 adicitis
660 2861 714 2901 Q).
743 2866 774 2892 et
801 2862 898 2891 etiam
924 2861 1050 2891 athenis
1075 2862 1266 2901 philosopho
1291 2873 1340 2902 op.
1366 2863 1439 2893 ded.
1457 2863 1502 2893 M.
1529 2862 1666 2893 adiecere
1689 2880 1728 2884 ——
1750 2861 1822 2900 plus
1848 2884 1854 2891 .
1883 2883 1890 2890 .
1917 2883 1923 2889 .
1950 2882 1956 2889 .
1983 2859 2080 2900 (spat.

258 2919 342 2958 uae.)
371 2943 377 2948 .
409 2944 414 2949 .
441 2942 446 2948 .
475 2943 480 2948 .
511 2943 518 2949 .
546 2924 578 2949 et
603 2920 700 2949 etiam
726 2918 855 2949 athenis
879 2917 942 2958 pho
965 2919 1059 2957 phiae
1083 2928 1132 2957 op.
1159 2919 1229 2949 ded.
1255 2920 1293 2949 R.
1322 2923 1354 2949 et
1379 2921 1477 2949 etiam
1502 2920 1568 2949 ath.
1605 2919 1828 2958 philosophiae
1852 2927 1903 2956 op.
1929 2917 2000 2948 ded.
2019 2914 2079 2946 2G.

259 2975 477 3015 (significat‘.>)
513 2985 543 3005 se
567 2977 664 3006 etiam
696 2975 845 3016 siqng'fi'cat
879 2975 1020 3006 Athenis
1056 2976 1278 3015 philosophiae
1313 2976 1564 3015 (philosophiam
1588 2976 1623 3016 v)
1651 2986 1701 3014 op.
1729 2975 1801 3006 ded.
1825 2973 1945 3009 vath.
1970 2973 2078 3012 posui:

258 3032 349 3061 Dicit
375 3041 418 3061 se.
468 3032 525 3071 20)
552 3032 716 3063 cllnoscere
739 3033 782 3062 M.
809 3036 904 3071 recte,
930 3037 965 3063 ut
990 3042 1072 3063 omn.
1097 3033 1164 3062 fere
1189 3036 1268 3063 uett.
1295 3034 1384 3063 codd.
1409 3035 1470 3064 hoc
1494 3034 1563 3064 loco
1589 3037 1620 3063 et
1645 3033 1684 3063 E.
1699 3033 1724 3069 I,
1742 3033 1793 3069 15,
1809 3033 1860 3063 29.
1886 3032 1956 3063 rell.
1976 3031 2032 3070 (di.
2047 3029 2079 3069 a)

259 3088 448 3128 (liquoscere.
475 3107 516 3110 —
543 3089 679 3120 ethicam
702 3089 765 3120 MR
789 3090 929 3130 (ethyc.)
956 3091 974 3119 2
1000 3088 1119 3129 (GPQ).
1146 3091 1287 3128 ethicem,
1314 3095 1397 3128 part.
1422 3091 1467 3120 fh.
1494 3090 1647 3121 cethicem
1672 3099 1701 3120 v.
1729 3089 1855 3119 ethicen
1880 3098 1909 3119 a.
