2148 3412
826 135 876 167 IN
902 135 1038 168 SERM.
1065 136 1092 175 Ι,
1118 141 1147 169 8.
1824 131 1903 170 147

188 259 274 316 [15.
306 259 349 300 in
380 272 468 315 apr.
499 273 556 314 sp.
617 256 731 311 Quia
762 258 1000 313 sepulturae
1031 266 1127 302 sunt
1156 267 1339 304 mutatae
1368 262 1413 304 in
1442 263 1616 320 hortos]

185 337 352 388 Aqqere.
413 330 576 387 Spatio,
608 331 690 373 uia.

182 406 310 448 modo.
373 404 526 461 [Paulo
557 412 665 446 ante.
725 404 776 446 In
807 405 909 463 quo]
941 420 1089 462 nuper.
1116 409 1119 411 ’

34 477 38 532 ἰ
184 481 324 521 tristes.
384 477 593 520 Homines
625 478 795 520 scilicet.

184 553 248 594 16.
279 554 502 607 informem.
564 550 830 606 Squalidum.
1948 563 1965 592 5

183 627 246 667 17.
276 627 465 682 furesque
494 626 693 682 feraeque.
765 625 902 668 Fures
932 633 1105 682 propter
1135 628 1291 679 hortos,
1337 630 1451 671 ferae
1481 637 1654 686 propter
1690 631 1900 673 cadauera

72 706 341 742 mortuorum.

182 774 246 814 19.
279 781 455 814 uersam.
517 771 697 814 Mutant.
757 772 808 814 In
839 772 933 815 aliis
963 782 1121 816 uexant.
1149 774 1257 830 lego.

180 847 246 887 20.
278 846 363 888 has.
424 844 575 901 Sagas.

180 921 245 961 21.
277 920 461 961 simulac.
519 918 624 961 Mox
654 928 710 960 ut.
1925 928 1965 959 10

179 1008 299 1048 uaqa.
361 992 473 1045 Quia
504 1008 581 1049 per
610 992 842 1034 zodiacum
871 1000 1072 1049 uagatum
1115 1000 1160 1035 ut
1190 995 1308 1039 Maro
1340 995 1414 1051 (A.
1445 995 1479 1047 Ι,
1514 997 1637 1052 742);
1685 998 1762 1038 Hic
1793 999 1901 1039 canit

70 1075 271 1110 errantem
302 1067 440 1108 lunam
474 1065 663 1123 [solisque
694 1066 881 1123 labores]

174 1140 345 1196 protulit
374 1155 429 1182 os.
498 1141 609 1195 Verq.
641 1138 716 1194 (A.
747 1139 872 1190 VIII,
906 1141 1029 1197 591):
1062 1142 1229 1183 Extulit
1258 1158 1301 1184 os
1332 1157 1510 1186 sacrum.

179 1213 244 1254 23.
284 1213 372 1255 Vide·
405 1222 562 1269 eqomet.
621 1212 709 1255 Hic
753 1228 899 1256 uersus
944 1214 1106 1271 tragice
1150 1216 1374 1270 profertur,
1420 1224 1466 1257 ut
1510 1215 1583 1273 (A.
1616 1216 1738 1267 VIII,
1773 1218 1894 1272 691):

66 1286 169 1330 Vidi
197 1293 363 1342 egomet.
393 1287 475 1329 duo
506 1288 557 1328 de
587 1301 762 1329 numero
793 1302 887 1329 cum
933 1303 1109 1345 corpore
1153 1296 1295 1332 nostro
1342 1289 1524 1347 [Prensa
1568 1306 1696 1332 manu
1739 1307 1896 1347 magna
1923 1297 1962 1327 15

34 1366 38 1511 1
66 1361 202 1402 medio
233 1361 457 1416 resupinus
487 1362 528 1402 in
554 1369 677 1403 'antro
708 1362 934 1417 Franqeret
964 1362 1018 1403 ad
1048 1362 1240 1419 Samum]

178 1435 242 1476 24.
281 1435 496 1477 Canidiam.
554 1434 640 1477 Pro
673 1433 871 1477 Gratidia
906 1434 1188 1491 Neapolitana
1231 1437 1526 1492 unguentaria,
1573 1452 1699 1493 quam
1731 1453 1896 1494 semper

34 1513 37 1576 ¹
64 1513 108 1550 ut
136 1509 365 1550 ueneficam
397 1509 533 1564 carpit
562 1508 779 1551 Horatius.

34 1579 37 1626 Ι
175 1582 241 1623 25.
275 1597 364 1624 cam
385 1582 551 1638 Sayana
571 1584 734 1624 maiore.
797 1581 933 1635 Quasi
963 1583 1044 1625 sint
1066 1583 1187 1632 duae,
1222 1582 1396 1641 Sagana
1417 1591 1457 1626 et
1479 1583 1674 1627 Canidia.
1737 1585 1893 1628 Osten—

34 1632 133 1706 {die
178 1655 304 1697 etiam
334 1655 462 1697 fuisse
493 1655 710 1697 minor.em
771 1655 861 1697 Aut
891 1658 1040 1699 maiore
1070 1657 1296 1709 natalibus,
1343 1666 1415 1700 aut
1451 1665 1600 1710 aetate,
1648 1665 1717 1702 aut
1750 1675 1890 1711 censu,
1918 1665 1960 1697 20

34 1710 38 1782 Ῑ
62 1735 130 1770 aut
159 1732 322 1780 maiore,
355 1744 481 1784 quam
511 1730 622 1770 fuit
610 1745 704 1784 lpsa
728 1727 924 1771 Canidia.

173 1804 238 1843 27.
266 1804 438 1859 pullam.
498 1801 690 1858 Nigram.

173 1877 370 1919 diuellere.
428 1875 688 1918 Dilacerare.

171 1951 386 1993 mordicus.
445 1950 714 1993 Aduerbium
745 1966 770 1992 a
800 1951 1044 1994 mordendo.
1105 1950 1296 1994 Aliter:
1331 1951 1417 1995 Pro
1450 1967 1512 2004 eo,
1544 1953 1656 2008 quod
1687 1960 1748 1995 est
1778 1968 1890 1995 mor—

62 2023 174 2066 sibus
203 2023 319 2066 uelut
349 2024 649 2066 aduerbialitei
678 2024 854 2076 locutus,
885 2032 930 2066 ut
959 2026 1167 2067 ναάτσιῖιις.
1916 2034 1956 2064 25

174 2172 369 2213 elzcerent.
427 2171 728 2214 Prouocarent.

170 2245 237 2286 30.
268 2245 385 2287 lanea
416 2254 452 2287 et
482 2245 629 2301 effiyz‘es
661 2254 758 2287 erat.
819 2244 895 2287 Bis
926 2244 1106 2288 subaudi
1136 2246 1297 2302 effiqz‘es,
1333 2247 1396 2304 [ut
1426 2247 1479 2290 sit
1498 2247 1621 2289 lanea
1643 2247 1805 2303 effigies
1827 2246 1886 2304 et]

34 1854 37 1901 i

33 1934 37 2071 ξ

172 2099 237 2139 29.
268 2112 411 2140 manes.
453 2096 569 2151 Quid
591 2099 673 2140 sint
693 2101 857 2141 manes?
884 2097 1068 2141 Animae
1089 2114 1291 2155 1esponsa
1312 2099 1498 2142 daturae.
1530 2098 1793 2155 Ἐπεξήγησις
1816 2106 1888 2141 est.

34 2313 37 2329 '
63 2331 180 2360 cerea
210 2318 348 2360 etiam.

171 2393 236 2433 31.
268 2407 368 2448 qaae
394 2394 544 2448 paenis.
606 2390 680 2434 Sic
710 2399 920 2442 steterant,
956 2399 1001 2434 ut
1031 2407 1152 2435 cerea
1181 2394 1348 2436 laneam
1379 2401 1602 2437 coerceret.
1664 2395 1751 2435 Iam
1774 2397 1885 2450 peri·
1913 2402 1953 2433 30

61 2471 152 2506 lura
171 2467 307 2508 modis.
338 2465 390 2506 Id
407 2473 487 2508 est:
511 2466 569 2507 ita
590 2466 727 2508 stabat
747 2466 908 2522 effigies
930 2480 1051 2508 cerea
1072 2474 1165 2509 ante
1182 2467 1347 2510 laneam
1365 2468 1484 2523 quasi
1500 2483 1676 2524 passura
1693 2468 1886 2525 paenas]

172 2549 430 2597 conpesceret.
491 2537 712 2590 Caederet,
745 2548 1017 2582 consumeret.

173 2689 205 2728 1)
232 2690 330 2720 schol.
349 2700 408 2721 om.
426 2689 600 2732 ·(G(Q)‚va.
649 2690 684 2729 2)
711 2691 827 2728 spatio,
853 2690 907 2720 uia
931 2699 957 2732 γ.
983 2690 1054 2720 rell.
1082 2699 1141 2721 om.
1155 2692 1230 2732 Ayy.
1257 2691 1289 2722 in
1313 2702 1364 2731 ap.
1391 2692 1424 2721 in
1449 2691 1522 2721 colle
1546 2695 1668 2729 aperto,
1695 2696 1726 2722 ct
1745 2693 1885 2730 egregiis

34 2741 38 2778 1
62 2745 192 2777 aedibus
217 2751 341 2778 ornato.
390 2747 425 2786 3)
451 2748 551 2777 Paulo
576 2751 651 2778 ante
677 2757 736 2777 om.
762 2757 788 2789 γ.
814 2748 851 2777 111
877 2758 937 2786 quo
963 2757 1065 2786 nuper
1090 2758 1116 2790 γ.
1143 2749 1212 2778 rell.
1239 2758 1300 2780 om.
1365 2749 1400 2787 4)
1428 2748 1584 2778 Homines
1611 2749 1735 2778 scilicet
1760 2759 1786 2790 γ.
1814 2750 1883 2778 rell.

34 2779 38 2848 ‚
62 2810 122 2832 om.
168 2804 203 2842 5)
230 2803 418 2843 Squalidum
442 2814 468 2846 γ.
495 2804 564 2834 rell.
592 2814 653 2834 om.
719 2805 753 2844 9)
780 2803 880 2844 Sagas
905 2815 932 2847 γ.
958 2805 1028 2835 rell.
1057 2815 1116 2835 om.
1184 2805 1239 2844 12)
1266 2805 1403 2843 solisque
1429 2805 1490 2834 lab.
1529 2803 1691 2844 (G?‹‘2)x-a.
1728 2806 1796 2835 rell.
1823 2816 1883 2836 om.

63 2858 117 2896 13)
143 2859 270 2890 Extulit
304 2861 380 2891 libri
413 2861 487 2891 Aer.
515 2864 547 2891 et
571 2861 666 2900 Verg.
705 2861 848 2891 Protulit
884 2862 998 2891 inculc.
1038 2861 1065 2897 Q
1102 2871 1142 2891 ex
1179 2862 1256 2892 Hor.
1324 2862 1378 2900 15)
1404 2861 1526 2891 Prensa
1551 2880 1585 2882 ff
1619 2871 1734 2891 saxum
1771 2873 1831 2892 0111.
1857 2872 1883 2904 γ.

65 2915 117 2954 19)
142 2915 241 2952 Quasi
266 2918 333 2947 sint.
357 2918 439 2947 duae
462 2927 537 2958 saga
563 2921 594 2947 et
620 2918 749 2947 canidia
773 2928 800 2959 γ.
826 2919 898 2948 rell.
925 2927 986 2948 om.
1027 2919 1123 2948 etiam
1148 2918 1193 2949 fu.
1220 2929 1245 2961 γ.
1270 2919 1340 2948 rell.
1377 2918 1421 2947 fu.
1448 2919 1555 2948 etiam.
1622 2919 1679 2957 20)
1706 2927 1801 2948 censu
1828 2924 1883 2949 aut

61 2972 176 3002 maiore
199 2983 226 3015 γ.
252 2974 319 3003 rell.
346 2983 443 3004 censu
467 2977 522 3004 aut
546 2975 705 3004 maiorem.
755 2975 812 3014 24)
839 2975 922 3004 Adu.
949 2975 1061 3012 mord„
1087 2985 1223 3018 0111.ἃ,γ.
1275 2976 1331 3015 26)
1358 2979 1406 3004 est
1430 2984 1456 3016 γ.
1483 2974 1676 3013 efsexegesis
1702 2985 1761 3017 pv.
1790 2985 1881 3014 epex.

61 3025 282 3071 3,.ἐπεξὴγησις
299 3029 374 3066 th.
425 3031 482 3070 27)
507 3035 677 3061 auocarent
701 3030 735 3061 G.
786 3032 843 3070 28)
870 3032 1006 3062 subaud.
1032 3033 1145 3073 γ.1·611.
1174 3032 1322 3062 subaudi.
1349 3036 1439 3061 iit-
1455 3036 1487 3061 et
1512 3041 1571 3061 0111.
1598 3041 1623 3073 γ.
1673 3032 1729 3071 30)
1758 3033 1881 3062 coherc.

61 3093 120 3126 γ,ν.
144 3086 181 3115 Id
206 3091 255 3116 est
278 3105 320 3108 »—
344 3097 462 3126 paenas
485 3097 502 3129 γ
526 3098 596 3118 cum
623 3098 706 3118 nouo
731 3088 888 3119 lemmate.
915 3090 985 3119 rell.
1013 3093 1173 3120 coerceret
1199 3091 1219 3119 i.
1249 3099 1274 3119 e.
1301 3090 1408 3119 stabat
1433 3107 1468 3109 -—
1500 3098 1643 3127 paenam.
1710 3090 1766 3129 32)
1793 3099 1880 3127 comp.

61 3142 180 3173 cederet
205 3153 292 3175 cons.
318 3154 344 3187 γ.
370 3154 467 3184 comp.
495 3146 582 3176 caed.
608 3145 792 3185 uerberaret,
817 3155 905 3177 cons.
932 3146 968 3177 C.
996 3147 1064 3177 rell.
1091 3156 1151 3178 om.

1558 3211 1607 3235 10*
