2148 3412
181 528 199 558 2'!

187 893 222 925 10

185 1265 223 1295 15

249 94 330 133 624
887 101 991 134 ACR.
1017 101 1077 132 ET
1102 101 1270 133 PORPH.
1295 100 1444 134 COMM.

249 241 352 283 quae
383 234 528 282 postea
567 225 739 267 inuenta
777 231 851 275 cst,
890 224 956 266 uel
995 233 1110 266 uetus
1148 224 1256 274 idco,
1294 225 1505 279 quoniam,
1544 232 1765 280 postquam
1806 224 1882 277 [in]
1921 224 2068 266 uitium

247 300 422 342 incurrit
453 305 493 340 et
522 299 663 341 amisit
694 299 855 348 choros,
888 298 1100 339 neoterica
1120 297 1335 339 nominata
1356 306 1430 348 est,
1462 297 1557 339 licet
1579 298 1762 353 primum
1783 297 1967 346 inuenta,
1998 297 2071 339 sed

248 379 340 427 post
370 371 622 428 tragoedias.
674 373 834 414 excidit.
866 370 1034 426 Erupit,
1066 370 1185 426 lapsa
1215 380 1287 412 est.
1338 380 1373 412 et
1403 372 1487 412 uim
1520 372 1687 426 Dignam
1717 372 1797 426 leqe
1828 373 1926 425 reyz‘.
1975 372 2071 420 Vim,

247 445 291 486 id
327 452 401 495 est,
440 444 707 486 insolentiam
745 452 785 486 et
824 444 1107 498 iniquitatem3
1148 443 1247 484 dum
1283 443 1394 484 enim
1432 443 1476 484 in
1516 444 1745 485 comoediis
1785 444 1871 486 suis
1911 443 2072 499 aliquos

247 527 436 573 carpunt,
471 518 550 574 [in]
583 518 730 559 uitium
762 518 991 559 incurrunt.
1036 515 1150 557 Ante
1181 530 1281 557 uero
1310 515 1465 557 licebat
1484 516 1527 557 in
1550 516 1777 559 comoediis
1798 516 1928 558 libere
1952 515 2072 574 [lice-

249 591 337 648 bat]
370 592 570 641 lacerare,
602 592 714 645 quod
746 600 891 646 postea
921 591 1014 645 lege
1044 589 1302 645 prohibitum
1335 597 1415 638 θείς
1455 590 1568 643 quod
1598 590 1753 631 factum
1784 597 1845 632 est
1875 589 1951 632 sub
1981 588 2073 631 Au-

247 673 381 720 gusto.
443 666 677 720 chorusque.
739 663 856 706 Grex
888 670 1075 705 aetorum
1107 662 1413 717 intellegendus
1447 663 1542 719 [est]
1574 678 1698 704 nune.

361 739 454 780 284.
492 740 693 794 Turpiter.
734 736 848 790 Quia
881 736 1178 793 [reprehensus
1199 742 1237 776 et
1259 736 1446 788 inuitus]
1476 736 1712 792 prohibitus
1734 747 1795 778 est
1813 736 1922 792 lege,
1955 736 2074 791 quasi

247 811 525 866 reprehensus
555 812 680 853 uitiis.
730 812 900 852 obticuit.
951 809 1195 850 Prohibitus
1231 809 1337 865 lege.
1395 811 1552 852 sublato
1582 811 1669 851 iure
1709 811 1890 852 nocendi.
1936 809 2074 852 Lace-

248 885 382 934 randi,
414 885 613 939 quoniam
644 883 808 926 sublata
841 886 935 936 [est]
969 881 1208 924 auctoribus
1237 882 1437 937 loquendi
1468 883 1652 925 libertas.

362 961 455 1001 285.
487 960 557 1002 Nil
584 961 859 1015 1³nte⁷72ptcttu172
888 958 1020 998 nostri
1047 956 1195 1011 liquere
1218 965 1371 1011 poetae.
1416 956 1510 998 Hoc
1541 964 1619 998 est:
1652 955 1708 997 Et
1729 956 1874 997 Latini
1895 956 2075 1011 scripse-

248 1039 345 1074 runt
386 1032 622 1074 istiusmodi
668 1031 923 1081 comoedias,
968 1030 1011 1070 in
1055 1029 1208 1083 quibus
1252 1029 1499 1070 nominatim
1549 1029 1869 1071 maledicebant.
1932 1029 2080 1086 [nostri

249 1106 397 1162 liquere
420 1108 593 1162 poemen]
656 1104 818 1146 Omnes
850 1103 979 1145 secuti
1011 1109 1119 1152 sunt,
1152 1103 1292 1143 omnia
1323 1110 1591 1158 temptarunt.
1652 1105 1791 1145 nostri.
1851 1103 2010 1144 Latini.

362 1180 456 1221 286.
497 1180 591 1221 287.
632 1180 799 1233 uestz'qe'a
838 1178 993 1219 Graeca
1029 1178 1121 1217 aasz*
1161 1176 1351 1217 deserere.
1422 1174 1530 1217 Cum
1574 1176 1802 1218 uoluissent
1840 1176 2077 1219 istiusmodi

250 1252 488 1294 comoedias
525 1251 722 1300 scribere,
760 1252 803 1291 in
842 1250 994 1305 quibus
1033 1249 1281 1291 nominatim
1322 1249 1642 1291 maledicebant.
1703 1248 1812 1291 Cum
1849 1250 2079 1292 uoluissent

249 1325 302 1367 ab
333 1325 604 1380 exemplariis
637 1323 815 1376 Graecis
850 1323 1081 1380 [deserere]
1124 1323 1332 1364 recedere.
1395 1332 1430 1364 et
1467 1324 1667 1365 celebrare
1706 1324 1918 1365 domestica
1957 1325 2076 1378 facta.

248 1398 435 1440 Priuata.
495 1398 546 1439 Id
576 1406 655 1440 est:
698 1397 978 1452 [priusquam]
1012 1396 1235 1437 uoluerunt
1264 1397 1324 1437 uti
1356 1396 1454 1447 suis,
1494 1404 1534 1437 et
1565 1411 1658 1438 cum
1693 1397 1961 1452 [coepissent]
2004 1397 2076 1438 de-

249 1471 399 1513 sissent
428 1480 576 1526 poetae
615 1471 759 1520 nostri,
800 1469 990 1512 Graecos
1027 1469 1182 1510 imitari
1220 1480 1259 1510 et
1297 1469 1493 1511 historias
1523 1469 1701 1512 Latinas
1738 1470 1935 1519 scribere,
1975 1470 2078 1511 lau-

249 1545 337 1586 dati
368 1553 473 1587 sunt.

363 1621 456 1662 288.
498 1620 563 1661 Vel
594 1621 663 1675 qui
692 1627 923 1676 praetextas
954 1619 1019 1659 uel
1057 1619 1126 1674 qul
1159 1618 1328 1659 docuere
1368 1625 1535 1671 loqutus.
1598 1616 1710 1669 [Hoc
1746 1620 1822 1669 est]
1864 1616 2078 1669 Quoniam

249 1693 328 1735 hoc
368 1708 500 1749 genus
542 1692 779 1734 fabularum
817 1707 898 1733 non
937 1702 999 1732 est
1036 1706 1060 1731 a
1093 1688 1272 1732 Graecis
1312 1693 1428 1743 [non]
1469 1696 1663 1740 tractum,
1695 1689 1738 1730 id
1769 1696 1851 1731 est:
1894 1693 1966 1743 [et]
2006 1691 2078 1746 qui

249 1774 486 1822 praetextas
522 1766 686 1808 fabulas
727 1767 928 1814 fecerunt,
966 1765 1033 1805 uel
1072 1771 1249 1820 togatas,
1288 1771 1529 1805 meruerunt
1565 1778 1649 1805 non
1685 1763 1905 1804 minimum
1937 1763 2076 1806 decus.

250 1842 511 1882 Praetextam
549 1839 736 1892 Quidam
774 1839 918 1880 dicunt
957 1838 1233 1893 tragoediam,
1271 1844 1456 1893 togatam
1498 1843 1636 1878 autem
1674 1837 1933 1878 comoediam
1974 1852 2076 1879 esse.

249 1913 337 1956 Alii
353 1923 491 1955 autem
513 1913 669 1963 dicunt,
692 1920 951 1968 praetextam
973 1919 1012 1953 et
1034 1918 1221 1967 togatam
1244 1911 1482 1952 comoedias
1499 1925 1601 1961 esse,
1624 1911 1698 1953 sed
1718 1917 1896 1967 togatas,
1919 1911 1962 1952 in
1981 1911 2076 1967 qui-

251 1987 327 2029 bus
360 1986 527 2028 Graeca
558 1993 809 2041 argumenta
845 1995 951 2035 sunt,
994 1985 1036 2026 in
1068 1985 1219 2039 quibus
1251 1985 1419 2033 Latina,
1452 1992 1700 2039 praetextas.
1760 1984 2007 2027 Praetexta-s
2037 1991 2078 2027 et

366 2143 398 2182 1)
427 2143 477 2172 uel
503 2153 561 2173 om.
588 2152 613 2184 γ.
709 2143 740 2171 in
765 2151 825 2172 0111.
844 2141 900 2182 γΝ.
921 2140 1100 2179 priusqucmtz
1123 2140 1271 2170 iudicium
1298 2141 1359 2170 inc.
1387 2142 1493 2170 veafh.
1543 2142 1578 2179 2)
1604 2138 1767 2185 νεοτερικὴ
1793 2141 2077 2171 sim—nominata

248 2210 275 2242 γ.
302 2200 370 2230 rell.
398 2201 569 2238 appellata.
631 2199 665 2238 3)
691 2199 808 2236 Erupit
834 2199 924 2236 lapsa
951 2201 998 2227 est
1021 2197 1074 2238 TC.
1100 2198 1170 2227 rell.
1195 2206 1257 2227 om.
1319 2197 1353 2235 4)
1380 2196 1586 2228 inuidentiam
1612 2202 1644 2227 et
1668 2198 1747 2236 iniq.
1784 2198 1852 2235 N‚1-.
1878 2197 2076 2228 insolentiam

248 2256 300 2299 γΟ.
327 2257 447 2295 (insol.‚
473 2255 762 2294 maledicentiam).
790 2255 859 2284 rell.
885 2254 1075 2284 uiolentiam.
1140 2253 1174 2291 ὃ)
1200 2254 1317 2283 uitium
1343 2254 1552 2284 incurrerunt
1576 2263 1602 2295 γ.
1640 2255 1757 2284 uitium
1783 2255 1951 2284 incurrunt
1975 2254 2077 2292 N‚vca

250 2313 326 2351 (om.
353 2324 410 2343 rex
437 2314 626 2343 homoeotel.
653 2311 834 2350 comoediis).
860 2311 920 2340 uim
946 2312 1008 2340 inc.
1043 2309 1076 2340 C.
1114 2310 1145 2339 in
1170 2310 1228 2339 uit.
1254 2310 1316 2339 ine.
1343 2310 1418 2347 th.
1445 2328 1485 2331 -ω
1511 2311 1616 2340 Antea
1640 2311 1679 2340 N.
1716 2311 1834 2340 licebat
1860 2320 1937 2341 com.
1962 2320 1989 2353 γ.
2040 2311 2073 2350 7)

249 2370 286 2400 ab
311 2371 391 2408 Aug.
418 2380 443 2399 r.
470 2370 633 2408 chorusque
659 2386 698 2389 -—
726 2369 797 2406 lege
823 2378 882 2397 om.
922 2367 1081 2403 NG‚1·vca.
1123 2384 1150 2386 --
1178 2370 1225 2395 est
1251 2376 1311 2396 om.
1337 2376 1363 2407 γ.
1428 2366 1462 2404 8)
1489 2368 1612 2405 repreh.
1641 2371 1672 2397 et
1697 2368 1818 2398 inuitus
1844 2377 1903 2397 om.
1929 2377 1956 2409 γ.
1993 2367 2076 2403 Quia

249 2429 338 2466 proh.
365 2446 390 2447 j
430 2427 522 2456 uitiis
549 2436 573 2468 γ.
600 2426 670 2456 rell.
698 2435 757 2455 om.
822 2425 857 2464 9)
884 2424 966 2459 Quia
991 2434 1037 2462 pr.
1065 2427 1112 2453 est
1137 2423 1208 2461 lege
1238 2423 1303 2465 γ,Ο.
1329 2424 1397 2453 rell.
1425 2434 1484 2453 om.
1526 2425 1617 2462 quasi
1643 2433 1708 2462 rep.
1747 2425 1838 2454 uitiis
1863 2434 1889 2466 γ.
1917 2424 1988 2453 rell.
2015 2434 2074 2453 om.

253 2485 307 2523 10)
334 2483 509 2513 Lacerandi
538 2501 575 2503 --
605 2487 684 2512 auct.
712 2483 772 2520 loq.
800 2481 934 2510 libertas
959 2480 1108 2522 ]‘N‚rv,fh
1135 2480 1339 2519 (autoribus).
1366 2498 1376 2500 >
1432 2481 1588 2511 actoribus
1615 2491 1650 2510 ca
1676 2485 1707 2511 et
1732 2479 1767 2516 C,
1794 2481 1847 2519 qui
1874 2481 2074 2519 praemittit:

249 2544 410 2579 potestate
436 2541 533 2569 alicui
562 2539 750 2576 derogandi,
778 2538 833 2566 lac.
861 2542 921 2566 eto.
943 2554 981 2557 ——
1002 2540 1050 2566 est
1075 2546 1136 2565 om.
1162 2546 1187 2578 γ.
1242 2538 1295 2575 11)
1322 2537 1422 2567 intent.
1449 2537 1540 2567 cth.
1568 2547 1633 2567 cum
1651 2537 1758 2566 Latini
1775 2546 1841 2566 voa.
1892 2538 1947 2577 12)
1973 2537 2075 2567 huius-

250 2599 333 2628 modi
359 2598 480 2628 rvcafh.
508 2598 577 2627 rell.
603 2597 786 2626 istiusmodi.
815 2595 897 2625 conf.
914 2594 954 2624 C:
982 2595 1102 2624 ‘omnia
1128 2598 1302 2632 tentarunt,
1330 2595 1431 2624 secuti
1451 2598 1537 2631 sunt,
1564 2595 1683 2623 idest:
1710 2593 1818 2623 Latini
1843 2602 1953 2633 quoque
1976 2593 2074 2623 istius-

249 2656 333 2685 modi
360 2655 539 2684 comoedias
567 2655 763 2692 scripserunt
788 2652 968 2682 maledicas?
1021 2652 1075 2689 12)
1104 2651 1234 2681 Lemma
1260 2652 1463 2690 superfluum.
1491 2651 1560 2680 Hoc
1579 2654 1610 2680 et
1628 2660 1693 2688 seq.
1712 2651 1815 2680 schol.
1841 2660 1901 2680 om.
1927 2649 2075 2687 NG,rvca

250 2722 289 2741 ex
316 2712 507 2742 homoeotel.
533 2710 755 2741 maledicebant.
808 2710 862 2748 13)
892 2709 996 2738 Latini
1023 2718 1048 2749 γ.
1075 2709 1143 2738 rell.
1171 2718 1232 2738 om.
1287 2710 1340 2747 14)
1368 2708 1447 2738 Cum
1474 2718 1522 2738 uo.
1541 2707 1579 2736 ab
1599 2706 1805 2744 exemplariis
1830 2706 2074 2745 (exemplarium

249 2778 298 2806 ap.
324 2768 519 2807 Arnobium)
548 2778 596 2805 gr.
622 2768 766 2797 deserere.
793 2765 876 2795 conf.
904 2765 948 2794 C:
975 2764 1076 2803 uestigs.
1107 2766 1161 2794 (ir.
1201 2775 1271 2794 cum
1297 2766 1483 2795 recederent
1507 2774 1526 2793 a
1551 2763 1606 2794 Gr.
1633 2763 1876 2801 exemplaribus'
1904 2767 1963 2793 etc.
2015 2764 2072 2803 17)

249 2824 380 2853 Priuata
404 2834 430 2866 γ.
459 2825 527 2854 rell.
555 2834 615 2854 om.
642 2842 682 2844 -ν
704 2827 867 2862 postquam
893 2821 951 2851 nol.
979 2830 1004 2862 γ.
1043 2826 1209 2859 postquam
1235 2821 1292 2851 1ιοῖ,
1320 2820 1438 2860 (G·?)Q.
1460 2820 1644 2859 priusquam
1669 2821 1774 2850 vcafh.
1839 2821 1892 2859 18)
1919 2819 2073 2849 desissent

250 2890 275 2921 γ.
302 2881 371 2910 rell.
398 2882 586 2919 coepissent.
613 2899 647 2901 ψ
666 2880 793 2910 Graecis
818 2879 863 2909 fh.
891 2879 968 2908 hist.
995 2879 1050 2907 lat.
1076 2887 1102 2919 γ.
1129 2878 1195 2907 rell.
1222 2879 1279 2908 lat.
1306 2880 1383 2908 hist.
1434 2878 1490 2916 20)
1516 2877 1585 2906 Hoc
1611 2882 1658 2907 est
1684 2886 1744 2906 om.
1771 2885 1786 2918 γ
1811 2877 1841 2905 11.
1868 2877 1888 2906 l.
1915 2876 2074 2911 Quoniam

250 2937 309 2966 hoc
331 2946 358 2978 γ.
383 2938 453 2967 rell.
480 2948 539 2968 om.
605 2938 662 2977 21)
691 2948 753 2968 11011
780 2941 826 2966 est
853 2946 870 2965 a
892 2945 939 2974 gr.
965 2945 990 2977 γ.
1017 2935 1085 2964 rell.
1123 2945 1140 2964 a
1166 2935 1220 2965 Gr.
1258 2945 1330 2966 non.
1359 2952 1397 2955 —
1427 2939 1458 2964 et
1482 2943 1543 2964 om.
1567 2943 1593 2974 γ,
1630 2936 1847 2971 praetextatas
1865 2950 1905 2953 --
1923 2935 2072 2970 praetex-

250 2997 342 3022 tatam
366 2993 447 3022 cath.
477 2999 642 3031 pretextas
670 3013 678 3016 -
701 3012 705 3014 ν
735 2998 917 3032 pretextam
942 2990 1031 3034 *sNGn
1058 2997 1237 3029 praetextas
1258 3011 1287 3013 υ
1308 2995 1503 3030 praetextam
1528 2989 1588 3025 vQ.
1649 2989 1704 3027 ⁴23)
1730 2988 1767 3018 Id
1793 2993 1839 3018 est
1865 2989 1919 3027 qui
1946 3006 1986 3010 ——
2011 2988 2072 3017 La-

251 3050 321 3078 tina
347 3059 407 3078 om.
434 3059 459 3090 γ.
485 3051 517 3082 h.
546 3051 578 3086 1.‚
616 3052 721 3089 posita
747 3054 854 3079 autem
892 3048 977 3078 infra
1014 3052 1158 3078 extremo
1196 3049 1323 3078 scholio.
1349 3066 1391 3069 —-
1417 3052 1484 3085 tog.
1510 3050 1618 3076 autem
1641 3055 1721 3075 eom.
1749 3053 1818 3074 esse
1842 3055 1868 3087 γ.
1894 3046 1964 3075 rell.
1990 3054 2070 3075 com.

251 3112 357 3136 autem
384 3111 535 3143 togatam.
587 3108 644 3144 25)
669 3107 836 3137 Precesctas.
863 3109 1027 3144 pretextas
1055 3109 1086 3135 et
1110 3104 1257 3144 coffl'tcetas
1283 3115 1310 3147 γ.
1338 3106 1534 3142 scripserunt
1559 3111 1584 3143 γ.
1604 3102 1634 3131 11.
1653 3102 1672 3131 1.
1690 3101 1758 3132 rell.
1776 3101 1868 3131 infra.
