<?xml version="1.0" encoding="UTF-8"?>
<!DOCTYPE html PUBLIC "-//W3C//DTD XHTML 1.0 Transitional//EN"
    "http://www.w3.org/TR/xhtml1/DTD/xhtml1-transitional.dtd">
<html xmlns="http://www.w3.org/1999/xhtml" xml:lang="en" lang="en">
 <head>
  <title>
</title>
<meta http-equiv="Content-Type" content="text/html;charset=utf-8" />
  <meta name='ocr-system' content='tesseract 3.04.00' />
  <meta name='ocr-capabilities' content='ocr_page ocr_carea ocr_par ocr_line ocrx_word'/>
</head>
<body>
  <div class='ocr_page' id='page_1' title='image "acronisetporphyr02pseuuoft_0611.png"; bbox 0 0 2148 3412; ppageno 0'>
   <div class='ocr_carea' id='block_1_1' title="bbox 802 103 1896 146">
    <p class='ocr_par' dir='ltr' id='par_1_1' title="bbox 802 103 1896 146">
     <span class='ocr_line' id='line_1_1' title="bbox 802 103 1896 146; baseline 0.001 -3"><span class='ocrx_word' id='word_1_1' title='bbox 802 112 851 144; x_wconf 85' lang='lat' dir='ltr'>IN</span> <span class='ocrx_word' id='word_1_2' title='bbox 877 112 986 146; x_wconf 69' lang='grc' dir='ltr'><strong>ΛΒΤ.</strong></span> <span class='ocrx_word' id='word_1_3' title='bbox 1012 112 1145 145; x_wconf 84' lang='lat' dir='ltr'>POET.</span> <span class='ocrx_word' id='word_1_4' title='bbox 1816 103 1896 144; x_wconf 84' lang='lat'>603</span> 
     </span>
    </p>
   </div>
   <div class='ocr_carea' id='block_1_2' title="bbox 23 235 1899 1031">
    <p class='ocr_par' dir='ltr' id='par_1_2' title="bbox 63 235 1897 441">
     <span class='ocr_line' id='line_1_2' title="bbox 179 235 1896 292; baseline 0.003 -17"><span class='ocrx_word' id='word_1_5' title='bbox 179 235 271 276; x_wconf 81' lang='lat'>155.</span> <span class='ocrx_word' id='word_1_6' title='bbox 303 235 426 277; x_wconf 80' lang='lat' dir='ltr'>donec</span> <span class='ocrx_word' id='word_1_7' title='bbox 457 243 599 277; x_wconf 74' lang='lat' dir='ltr'>cantor</span> <span class='ocrx_word' id='word_1_8' title='bbox 618 236 722 286; x_wconf 77' lang='lat' dir='ltr'>‘Vos,</span> <span class='ocrx_word' id='word_1_9' title='bbox 749 237 967 292; x_wconf 55' lang='lat' dir='ltr'>plaudite?</span> <span class='ocrx_word' id='word_1_10' title='bbox 1001 238 1118 279; x_wconf 73' lang='lat' dir='ltr'>dicat.</span> <span class='ocrx_word' id='word_1_11' title='bbox 1178 237 1229 278; x_wconf 91' lang='lat' dir='ltr'>Id</span> <span class='ocrx_word' id='word_1_12' title='bbox 1260 245 1334 288; x_wconf 84' lang='lat' dir='ltr'>est,</span> <span class='ocrx_word' id='word_1_13' title='bbox 1366 244 1494 279; x_wconf 87' lang='lat' dir='ltr'>actor.</span> <span class='ocrx_word' id='word_1_14' title='bbox 1553 237 1605 279; x_wconf 89' lang='lat' dir='ltr'>Id</span> <span class='ocrx_word' id='word_1_15' title='bbox 1634 244 1716 280; x_wconf 86' lang='lat' dir='ltr'>est:</span> <span class='ocrx_word' id='word_1_16' title='bbox 1749 238 1896 289; x_wconf 90' lang='lat' dir='ltr'>donec,</span> 
     </span>
     <span class='ocr_line' id='line_1_3' title="bbox 64 307 1897 367; baseline 0.003 -19"><span class='ocrx_word' id='word_1_17' title='bbox 64 307 181 348; x_wconf 89' lang='lat' dir='ltr'>finita</span> <span class='ocrx_word' id='word_1_18' title='bbox 211 307 366 358; x_wconf 84' lang='lat' dir='ltr'>fabula,</span> <span class='ocrx_word' id='word_1_19' title='bbox 399 308 598 349; x_wconf 87' lang='lat' dir='ltr'>tollantur</span> <span class='ocrx_word' id='word_1_20' title='bbox 628 309 787 350; x_wconf 89' lang='lat' dir='ltr'>aulaea.</span> <span class='ocrx_word' id='word_1_21' title='bbox 854 311 1066 352; x_wconf 72' lang='lat' dir='ltr'>cantorem</span> <span class='ocrx_word' id='word_1_22' title='bbox 1096 310 1231 352; x_wconf 88' lang='lat' dir='ltr'>uoluit</span> <span class='ocrx_word' id='word_1_23' title='bbox 1261 312 1478 367; x_wconf 82' lang='lat' dir='ltr'>adpellare</span> <span class='ocrx_word' id='word_1_24' title='bbox 1509 327 1618 362; x_wconf 89' lang='lat' dir='ltr'>eum,</span> <span class='ocrx_word' id='word_1_25' title='bbox 1651 312 1723 367; x_wconf 90' lang='lat' dir='ltr'>qui</span> <span class='ocrx_word' id='word_1_26' title='bbox 1753 312 1897 354; x_wconf 92' lang='lat' dir='ltr'>hocin</span> 
     </span>
     <span class='ocr_line' id='line_1_4' title="bbox 63 380 1895 441; baseline 0.003 -20"><span class='ocrx_word' id='word_1_27' title='bbox 63 381 148 422; x_wconf 90' lang='lat' dir='ltr'>imo</span> <span class='ocrx_word' id='word_1_28' title='bbox 169 380 282 422; x_wconf 80' lang='lat' dir='ltr'>dicit.</span> <span class='ocrx_word' id='word_1_29' title='bbox 334 380 540 437; x_wconf 77' lang='lat' dir='ltr'><em>[plaudite.</em></span> <span class='ocrx_word' id='word_1_30' title='bbox 563 381 686 423; x_wconf 87' lang='lat' dir='ltr'>Haec</span> <span class='ocrx_word' id='word_1_31' title='bbox 707 391 794 424; x_wconf 88' lang='lat' dir='ltr'>erat</span> <span class='ocrx_word' id='word_1_32' title='bbox 817 385 1075 426; x_wconf 80' lang='lat' dir='ltr'>consuetudo</span> <span class='ocrx_word' id='word_1_33' title='bbox 1096 384 1139 425; x_wconf 86' lang='lat' dir='ltr'>in</span> <span class='ocrx_word' id='word_1_34' title='bbox 1162 386 1523 427; x_wconf 77' lang='lat' dir='ltr'>consummatione</span> <span class='ocrx_word' id='word_1_35' title='bbox 1545 385 1895 441; x_wconf 76' lang='lat' dir='ltr'>tragoediarum]</span> 
     </span>
    </p>

    <p class='ocr_par' dir='ltr' id='par_1_3' title="bbox 65 455 1898 589">
     <span class='ocr_line' id='line_1_5' title="bbox 178 455 1898 515; baseline 0.003 -20"><span class='ocrx_word' id='word_1_36' title='bbox 178 455 270 496; x_wconf 82' lang='lat'>156.</span> <span class='ocrx_word' id='word_1_37' title='bbox 304 457 457 497; x_wconf 71' lang='lat' dir='ltr'>Aetatis</span> <span class='ocrx_word' id='word_1_38' title='bbox 489 457 681 513; x_wconf 68' lang='lat' dir='ltr'>cuiusque</span> <span class='ocrx_word' id='word_1_39' title='bbox 711 471 774 498; x_wconf 73' lang='lat'>720.</span> <span class='ocrx_word' id='word_1_40' title='bbox 806 474 836 498; x_wconf 82' lang='lat' dir='ltr'>s.</span> <span class='ocrx_word' id='word_1_41' title='bbox 871 466 893 499; x_wconf 90' lang='lat' dir='ltr'>t.</span> <span class='ocrx_word' id='word_1_42' title='bbox 927 473 1070 500; x_wconf 81' lang='lat' dir='ltr'>mores.</span> <span class='ocrx_word' id='word_1_43' title='bbox 1146 458 1232 515; x_wconf 85' lang='lat' dir='ltr'>[Ac</span> <span class='ocrx_word' id='word_1_44' title='bbox 1264 459 1298 500; x_wconf 87' lang='lat' dir='ltr'>si</span> <span class='ocrx_word' id='word_1_45' title='bbox 1329 459 1508 501; x_wconf 88' lang='lat' dir='ltr'>diceret:</span> <span class='ocrx_word' id='word_1_46' title='bbox 1556 459 1590 501; x_wconf 90' lang='lat' dir='ltr'>si</span> <span class='ocrx_word' id='word_1_47' title='bbox 1623 459 1751 501; x_wconf 86' lang='lat' dir='ltr'>debes</span> <span class='ocrx_word' id='word_1_48' title='bbox 1781 459 1898 514; x_wconf 87' lang='lat' dir='ltr'>loqui</span> 
     </span>
     <span class='ocr_line' id='line_1_6' title="bbox 65 527 1609 589; baseline 0.003 -21"><span class='ocrx_word' id='word_1_49' title='bbox 65 527 116 568; x_wconf 89' lang='lat' dir='ltr'>de</span> <span class='ocrx_word' id='word_1_50' title='bbox 147 527 383 579; x_wconf 85' lang='lat' dir='ltr'>iuuenibus,</span> <span class='ocrx_word' id='word_1_51' title='bbox 415 544 499 571; x_wconf 89' lang='lat' dir='ltr'>non</span> <span class='ocrx_word' id='word_1_52' title='bbox 530 529 604 571; x_wconf 90' lang='lat' dir='ltr'>des</span> <span class='ocrx_word' id='word_1_53' title='bbox 635 530 695 572; x_wconf 89' lang='lat' dir='ltr'>eis</span> <span class='ocrx_word' id='word_1_54' title='bbox 726 530 1028 586; x_wconf 74' lang='lat' dir='ltr'>proprietatem</span> <span class='ocrx_word' id='word_1_55' title='bbox 1060 547 1207 574; x_wconf 90' lang='lat' dir='ltr'>senum</span> <span class='ocrx_word' id='word_1_56' title='bbox 1239 533 1399 575; x_wconf 90' lang='lat' dir='ltr'>aliusue</span> <span class='ocrx_word' id='word_1_57' title='bbox 1430 533 1609 589; x_wconf 69' lang='lat' dir='ltr'>aetatis]</span> 
     </span>
    </p>

    <p class='ocr_par' dir='ltr' id='par_1_4' title="bbox 23 602 1899 1031">
     <span class='ocr_line' id='line_1_7' title="bbox 178 602 1899 662; baseline 0.003 -19"><span class='ocrx_word' id='word_1_58' title='bbox 178 602 271 644; x_wconf 83' lang='lat'>157.</span> <span class='ocrx_word' id='word_1_59' title='bbox 306 603 595 659; x_wconf 72' lang='lat' dir='ltr'>Mobilibusque</span> <span class='ocrx_word' id='word_1_60' title='bbox 642 605 724 646; x_wconf 80' lang='lat' dir='ltr'>dec.</span> <span class='ocrx_word' id='word_1_61' title='bbox 765 613 848 646; x_wconf 69' lang='lat' dir='ltr'>nat.</span> <span class='ocrx_word' id='word_1_62' title='bbox 890 607 926 647; x_wconf 89' lang='lat' dir='ltr'>d.</span> <span class='ocrx_word' id='word_1_63' title='bbox 970 614 1007 647; x_wconf 77' lang='lat' dir='ltr'>et</span> <span class='ocrx_word' id='word_1_64' title='bbox 1043 612 1174 649; x_wconf 73' lang='lat' dir='ltr'>annis.</span> <span class='ocrx_word' id='word_1_65' title='bbox 1250 605 1543 657; x_wconf 86' lang='lat' dir='ltr'>Currentibus,</span> <span class='ocrx_word' id='word_1_66' title='bbox 1589 607 1688 661; x_wconf 89' lang='lat' dir='ltr'>quia</span> <span class='ocrx_word' id='word_1_67' title='bbox 1733 622 1899 662; x_wconf 84' lang='lat' dir='ltr'>semper</span> 
     </span>
     <span class='ocr_line' id='line_1_8' title="bbox 64 674 1899 734; baseline 0.003 -18"><span class='ocrx_word' id='word_1_68' title='bbox 64 674 264 717; x_wconf 87' lang='lat' dir='ltr'>labuntur</span> <span class='ocrx_word' id='word_1_69' title='bbox 294 676 406 717; x_wconf 87' lang='lat' dir='ltr'>anni.</span> <span class='ocrx_word' id='word_1_70' title='bbox 467 679 637 720; x_wconf 69' lang='lat' dir='ltr'>naturis.</span> <span class='ocrx_word' id='word_1_71' title='bbox 687 677 806 730; x_wconf 81' lang='lat' dir='ltr'>Quae</span> <span class='ocrx_word' id='word_1_72' title='bbox 838 679 962 720; x_wconf 87' lang='lat' dir='ltr'>certis</span> <span class='ocrx_word' id='word_1_73' title='bbox 992 680 1253 734; x_wconf 80' lang='lat' dir='ltr'>temporibus</span> <span class='ocrx_word' id='word_1_74' title='bbox 1299 687 1524 730; x_wconf 80' lang='lat' dir='ltr'>mutantur,</span> <span class='ocrx_word' id='word_1_75' title='bbox 1571 681 1694 722; x_wconf 87' lang='lat' dir='ltr'>annis</span> <span class='ocrx_word' id='word_1_76' title='bbox 1740 680 1899 722; x_wconf 87' lang='lat' dir='ltr'>scilicet</span> 
     </span>
     <span class='ocr_line' id='line_1_9' title="bbox 70 749 1899 811; baseline 0.003 -21"><span class='ocrx_word' id='word_1_77' title='bbox 70 749 380 792; x_wconf 82' lang='lat' dir='ltr'>accedentibus.</span> <span class='ocrx_word' id='word_1_78' title='bbox 459 750 515 792; x_wconf 88' lang='lat' dir='ltr'>Et</span> <span class='ocrx_word' id='word_1_79' title='bbox 547 758 608 793; x_wconf 90' lang='lat' dir='ltr'>est</span> <span class='ocrx_word' id='word_1_80' title='bbox 637 767 840 808; x_wconf 83' lang='lat' dir='ltr'>magnum</span> <span class='ocrx_word' id='word_1_81' title='bbox 873 753 1085 807; x_wconf 81' lang='lat' dir='ltr'>epitheton</span> <span class='ocrx_word' id='word_1_82' title='bbox 1125 754 1399 811; x_wconf 70' lang='lat' dir='ltr'>[mobz‘libus];</span> <span class='ocrx_word' id='word_1_83' title='bbox 1446 755 1548 808; x_wconf 89' lang='lat' dir='ltr'>quid</span> <span class='ocrx_word' id='word_1_84' title='bbox 1593 755 1705 796; x_wconf 88' lang='lat' dir='ltr'>enim</span> <span class='ocrx_word' id='word_1_85' title='bbox 1747 762 1899 796; x_wconf 88' lang='lat' dir='ltr'>natura</span> 
     </span>
     <span class='ocr_line' id='line_1_10' title="bbox 62 822 1898 884; baseline 0.003 -21"><span class='ocrx_word' id='word_1_86' title='bbox 62 822 286 865; x_wconf 79' lang='lat' dir='ltr'>mobilius?</span> <span class='ocrx_word' id='word_1_87' title='bbox 345 823 499 875; x_wconf 89' lang='lat' dir='ltr'>Puero,</span> <span class='ocrx_word' id='word_1_88' title='bbox 546 825 805 867; x_wconf 79' lang='lat' dir='ltr'>adulescenti</span> <span class='ocrx_word' id='word_1_89' title='bbox 849 833 889 868; x_wconf 93' lang='lat' dir='ltr'>et</span> <span class='ocrx_word' id='word_1_90' title='bbox 932 836 1097 869; x_wconf 85' lang='lat' dir='ltr'>maturo</span> <span class='ocrx_word' id='word_1_91' title='bbox 1143 829 1233 870; x_wconf 88' lang='lat' dir='ltr'>seni</span> <span class='ocrx_word' id='word_1_92' title='bbox 1279 829 1321 869; x_wconf 76' lang='grc' dir='ltr'>τὸ</span> <span class='ocrx_word' id='word_1_93' title='bbox 1368 829 1535 884; x_wconf 70' lang='grc' dir='ltr'>πρέπον,</span> <span class='ocrx_word' id='word_1_94' title='bbox 1581 828 1624 869; x_wconf 89' lang='lat' dir='ltr'>id</span> <span class='ocrx_word' id='word_1_95' title='bbox 1656 836 1729 879; x_wconf 83' lang='lat' dir='ltr'>est,</span> <span class='ocrx_word' id='word_1_96' title='bbox 1772 830 1898 870; x_wconf 89' lang='lat' dir='ltr'>decus</span> 
     </span>
     <span class='ocr_line' id='line_1_11' title="bbox 23 896 1896 958; baseline 0.003 -20"><span class='ocrx_word' id='word_1_97' title='bbox 23 934 29 939; x_wconf 90' lang='lat'>.</span> <span class='ocrx_word' id='word_1_98' title='bbox 62 896 332 939; x_wconf 85' lang='lat' dir='ltr'>tribuendum</span> <span class='ocrx_word' id='word_1_99' title='bbox 362 906 435 939; x_wconf 86' lang='lat' dir='ltr'>est.</span> <span class='ocrx_word' id='word_1_100' title='bbox 497 901 626 941; x_wconf 75' lang='lat' dir='ltr'>annis.</span> <span class='ocrx_word' id='word_1_101' title='bbox 659 897 732 940; x_wconf 89' lang='lat' dir='ltr'>Ad</span> <span class='ocrx_word' id='word_1_102' title='bbox 762 906 940 942; x_wconf 83' lang='lat' dir='ltr'>aetatem</span> <span class='ocrx_word' id='word_1_103' title='bbox 971 901 1149 948; x_wconf 87' lang='lat' dir='ltr'>rettulit;</span> <span class='ocrx_word' id='word_1_104' title='bbox 1183 904 1338 944; x_wconf 67' lang='lat' dir='ltr'>naturis</span> <span class='ocrx_word' id='word_1_105' title='bbox 1371 903 1445 958; x_wconf 88' lang='lat' dir='ltr'>(ad</span> <span class='ocrx_word' id='word_1_106' title='bbox 1476 910 1700 957; x_wconf 87' lang='lat' dir='ltr'>utrumque</span> <span class='ocrx_word' id='word_1_107' title='bbox 1718 904 1896 958; x_wconf 81' lang='lat' dir='ltr'>sexum).</span> 
     </span>
     <span class='ocr_line' id='line_1_12' title="bbox 63 970 1755 1031; baseline 0.003 -19"><span class='ocrx_word' id='word_1_108' title='bbox 63 970 125 1013; x_wconf 84' lang='lat' dir='ltr'>Ut</span> <span class='ocrx_word' id='word_1_109' title='bbox 155 971 277 1022; x_wconf 88' lang='lat' dir='ltr'>scias,</span> <span class='ocrx_word' id='word_1_110' title='bbox 311 972 665 1027; x_wconf 86' lang='lat' dir='ltr'>quemadmodum</span> <span class='ocrx_word' id='word_1_111' title='bbox 698 973 847 1015; x_wconf 87' lang='lat' dir='ltr'>debeat</span> <span class='ocrx_word' id='word_1_112' title='bbox 879 974 945 1015; x_wconf 89' lang='lat' dir='ltr'>uir</span> <span class='ocrx_word' id='word_1_113' title='bbox 974 975 1103 1030; x_wconf 86' lang='lat' dir='ltr'>loqui,</span> <span class='ocrx_word' id='word_1_114' title='bbox 1137 983 1176 1017; x_wconf 89' lang='lat' dir='ltr'>et</span> <span class='ocrx_word' id='word_1_115' title='bbox 1208 976 1562 1031; x_wconf 85' lang='lat' dir='ltr'>quemadmodum</span> <span class='ocrx_word' id='word_1_116' title='bbox 1593 976 1755 1018; x_wconf 88' lang='lat' dir='ltr'>mulier.</span> 
     </span>
    </p>
   </div>
   <div class='ocr_carea' id='block_1_3' title="bbox 62 1046 1899 1253">
    <p class='ocr_par' dir='ltr' id='par_1_5' title="bbox 62 1046 1899 1253">
     <span class='ocr_line' id='line_1_13' title="bbox 178 1046 1899 1107; baseline 0.003 -20"><span class='ocrx_word' id='word_1_117' title='bbox 178 1047 271 1088; x_wconf 79' lang='lat'>158.</span> <span class='ocrx_word' id='word_1_118' title='bbox 303 1046 487 1089; x_wconf 79' lang='lat' dir='ltr'>Reddere</span> <span class='ocrx_word' id='word_1_119' title='bbox 518 1049 589 1103; x_wconf 73' lang='lat' dir='ltr'>qul</span> <span class='ocrx_word' id='word_1_120' title='bbox 615 1063 702 1090; x_wconf 69' lang='lat' dir='ltr'>noo.</span> <span class='ocrx_word' id='word_1_121' title='bbox 735 1049 816 1088; x_wconf 70' lang='lat' dir='ltr'>iam</span> <span class='ocrx_word' id='word_1_122' title='bbox 847 1054 921 1090; x_wconf 72' lang='lat' dir='ltr'>scic</span> <span class='ocrx_word' id='word_1_123' title='bbox 948 1064 1062 1105; x_wconf 75' lang='lat' dir='ltr'>puer.</span> <span class='ocrx_word' id='word_1_124' title='bbox 1125 1049 1211 1102; x_wconf 82' lang='lat' dir='ltr'>Qui</span> <span class='ocrx_word' id='word_1_125' title='bbox 1242 1050 1327 1091; x_wconf 89' lang='lat' dir='ltr'>iam</span> <span class='ocrx_word' id='word_1_126' title='bbox 1372 1057 1509 1107; x_wconf 87' lang='lat' dir='ltr'>potest</span> <span class='ocrx_word' id='word_1_127' title='bbox 1552 1051 1645 1101; x_wconf 76' lang='lat' dir='ltr'>fari,</span> <span class='ocrx_word' id='word_1_128' title='bbox 1691 1057 1736 1092; x_wconf 92' lang='lat' dir='ltr'>ut</span> <span class='ocrx_word' id='word_1_129' title='bbox 1781 1052 1899 1093; x_wconf 77' lang='lat' dir='ltr'>Maro</span> 
     </span>
     <span class='ocr_line' id='line_1_14' title="bbox 72 1116 1899 1180; baseline 0.003 -21"><span class='ocrx_word' id='word_1_130' title='bbox 72 1116 145 1173; x_wconf 89' lang='lat' dir='ltr'>(A.</span> <span class='ocrx_word' id='word_1_131' title='bbox 162 1117 197 1169; x_wconf 92' lang='grc' dir='ltr'>Ι,</span> <span class='ocrx_word' id='word_1_132' title='bbox 215 1120 340 1175; x_wconf 84' lang='lat'>409):</span> <span class='ocrx_word' id='word_1_133' title='bbox 374 1136 422 1162; x_wconf 79' lang='lat' dir='ltr'>ac</span> <span class='ocrx_word' id='word_1_134' title='bbox 452 1135 573 1163; x_wconf 79' lang='lat' dir='ltr'>ueras</span> <span class='ocrx_word' id='word_1_135' title='bbox 605 1123 750 1163; x_wconf 68' lang='lat' dir='ltr'>audire</span> <span class='ocrx_word' id='word_1_136' title='bbox 781 1132 813 1163; x_wconf 80' lang='lat' dir='ltr'>el</span> <span class='ocrx_word' id='word_1_137' title='bbox 844 1123 1012 1165; x_wconf 78' lang='lat' dir='ltr'>reddere</span> <span class='ocrx_word' id='word_1_138' title='bbox 1043 1139 1173 1174; x_wconf 76' lang='lat' dir='ltr'>uoces,</span> <span class='ocrx_word' id='word_1_139' title='bbox 1205 1125 1248 1165; x_wconf 90' lang='lat' dir='ltr'>id</span> <span class='ocrx_word' id='word_1_140' title='bbox 1280 1132 1353 1175; x_wconf 81' lang='lat' dir='ltr'>est,</span> <span class='ocrx_word' id='word_1_141' title='bbox 1395 1139 1514 1179; x_wconf 88' lang='lat' dir='ltr'>puer,</span> <span class='ocrx_word' id='word_1_142' title='bbox 1546 1126 1617 1180; x_wconf 88' lang='lat' dir='ltr'>qui</span> <span class='ocrx_word' id='word_1_143' title='bbox 1649 1124 1732 1166; x_wconf 89' lang='lat' dir='ltr'>iam</span> <span class='ocrx_word' id='word_1_144' title='bbox 1764 1132 1899 1180; x_wconf 87' lang='lat' dir='ltr'>potest</span> 
     </span>
     <span class='ocr_line' id='line_1_15' title="bbox 62 1191 1899 1253; baseline 0.003 -19"><span class='ocrx_word' id='word_1_145' title='bbox 62 1192 189 1248; x_wconf 91' lang='lat' dir='ltr'>loqui.</span> <span class='ocrx_word' id='word_1_146' title='bbox 252 1191 361 1235; x_wconf 84' lang='lat' dir='ltr'>Sunt</span> <span class='ocrx_word' id='word_1_147' title='bbox 393 1195 505 1236; x_wconf 88' lang='lat' dir='ltr'>enim</span> <span class='ocrx_word' id='word_1_148' title='bbox 535 1195 669 1251; x_wconf 86' lang='lat' dir='ltr'>pueri,</span> <span class='ocrx_word' id='word_1_149' title='bbox 702 1195 787 1250; x_wconf 84' lang='lat' dir='ltr'>qui,</span> <span class='ocrx_word' id='word_1_150' title='bbox 821 1196 1014 1251; x_wconf 87' lang='lat' dir='ltr'>quamuis</span> <span class='ocrx_word' id='word_1_151' title='bbox 1045 1206 1277 1253; x_wconf 80' lang='lat' dir='ltr'>agnoscant</span> <span class='ocrx_word' id='word_1_152' title='bbox 1308 1199 1530 1252; x_wconf 87' lang='lat' dir='ltr'>quaedam,</span> <span class='ocrx_word' id='word_1_153' title='bbox 1563 1207 1702 1241; x_wconf 88' lang='lat' dir='ltr'>tamen</span> <span class='ocrx_word' id='word_1_154' title='bbox 1723 1214 1807 1241; x_wconf 91' lang='lat' dir='ltr'>non</span> <span class='ocrx_word' id='word_1_155' title='bbox 1837 1200 1899 1240; x_wconf 93' lang='grc'>10-</span> 
     </span>
    </p>
   </div>
   <div class='ocr_carea' id='block_1_4' title="bbox 64 1268 1895 1397">
    <p class='ocr_par' dir='ltr' id='par_1_6' title="bbox 64 1268 1895 1397">
     <span class='ocr_line' id='line_1_16' title="bbox 64 1268 1895 1330; baseline 0.004 -23"><span class='ocrx_word' id='word_1_156' title='bbox 64 1274 227 1319; x_wconf 88' lang='lat' dir='ltr'>cuntur,</span> <span class='ocrx_word' id='word_1_157' title='bbox 262 1268 385 1323; x_wconf 89' lang='lat' dir='ltr'>quale</span> <span class='ocrx_word' id='word_1_158' title='bbox 417 1276 479 1310; x_wconf 89' lang='lat' dir='ltr'>est</span> <span class='ocrx_word' id='word_1_159' title='bbox 508 1268 616 1310; x_wconf 89' lang='lat' dir='ltr'>illud</span> <span class='ocrx_word' id='word_1_160' title='bbox 647 1269 760 1325; x_wconf 90' lang='lat' dir='ltr'>apud</span> <span class='ocrx_word' id='word_1_161' title='bbox 796 1271 956 1312; x_wconf 79' lang='lat' dir='ltr'>Poetam</span> <span class='ocrx_word' id='word_1_162' title='bbox 979 1269 1048 1326; x_wconf 88' lang='lat' dir='ltr'>(B.</span> <span class='ocrx_word' id='word_1_163' title='bbox 1071 1270 1148 1322; x_wconf 88' lang='lat' dir='ltr'>IV,</span> <span class='ocrx_word' id='word_1_164' title='bbox 1173 1272 1267 1327; x_wconf 83' lang='lat'>60):</span> <span class='ocrx_word' id='word_1_165' title='bbox 1307 1272 1453 1328; x_wconf 71' lang='lat' dir='ltr'>Incipe,</span> <span class='ocrx_word' id='word_1_166' title='bbox 1494 1287 1630 1329; x_wconf 58' lang='lat' dir='ltr'>partie</span> <span class='ocrx_word' id='word_1_167' title='bbox 1644 1288 1763 1330; x_wconf 79' lang='lat' dir='ltr'>puer,</span> <span class='ocrx_word' id='word_1_168' title='bbox 1809 1276 1895 1316; x_wconf 66' lang='lat' dir='ltr'>risu</span> 
     </span>
     <span class='ocr_line' id='line_1_17' title="bbox 67 1351 513 1397; baseline 0.002 -15"><span class='ocrx_word' id='word_1_169' title='bbox 67 1355 302 1397; x_wconf 73' lang='lat' dir='ltr'>coqnoscere</span> <span class='ocrx_word' id='word_1_170' title='bbox 332 1351 513 1384; x_wconf 68' lang='lat' dir='ltr'>matrem.</span> 
     </span>
    </p>
   </div>
   <div class='ocr_carea' id='block_1_5' title="bbox 64 1415 1900 1622">
    <p class='ocr_par' dir='ltr' id='par_1_7' title="bbox 64 1415 1900 1622">
     <span class='ocr_line' id='line_1_18' title="bbox 178 1415 1900 1475; baseline 0.003 -17"><span class='ocrx_word' id='word_1_171' title='bbox 178 1417 330 1473; x_wconf 73' lang='grc' dir='ltr'><strong>01ροἀο</strong></span> <span class='ocrx_word' id='word_1_172' title='bbox 353 1425 469 1459; x_wconf 81' lang='lat' dir='ltr'>certo.</span> <span class='ocrx_word' id='word_1_173' title='bbox 533 1415 620 1468; x_wconf 78' lang='lat' dir='ltr'>Qui</span> <span class='ocrx_word' id='word_1_174' title='bbox 641 1416 837 1458; x_wconf 86' lang='lat' dir='ltr'>incedere</span> <span class='ocrx_word' id='word_1_175' title='bbox 859 1424 1006 1472; x_wconf 88' lang='lat' dir='ltr'>potest,</span> <span class='ocrx_word' id='word_1_176' title='bbox 1043 1418 1128 1460; x_wconf 89' lang='lat' dir='ltr'>iam</span> <span class='ocrx_word' id='word_1_177' title='bbox 1148 1420 1269 1460; x_wconf 84' lang='lat' dir='ltr'>firmo</span> <span class='ocrx_word' id='word_1_178' title='bbox 1300 1419 1482 1475; x_wconf 85' lang='lat' dir='ltr'>uestigio</span> <span class='ocrx_word' id='word_1_179' title='bbox 1514 1427 1554 1461; x_wconf 83' lang='lat' dir='ltr'>et</span> <span class='ocrx_word' id='word_1_180' title='bbox 1584 1420 1749 1463; x_wconf 88' lang='lat' dir='ltr'>incessu</span> <span class='ocrx_word' id='word_1_181' title='bbox 1760 1437 1769 1470; x_wconf 83' lang='lat'><em>3</em></span> <span class='ocrx_word' id='word_1_182' title='bbox 1803 1437 1900 1464; x_wconf 88' lang='lat' dir='ltr'>nam</span> 
     </span>
     <span class='ocr_line' id='line_1_19' title="bbox 64 1489 1688 1547; baseline 0.004 -16"><span class='ocrx_word' id='word_1_183' title='bbox 64 1489 245 1532; x_wconf 82' lang='lat' dir='ltr'>infantes</span> <span class='ocrx_word' id='word_1_184' title='bbox 277 1497 436 1532; x_wconf 85' lang='lat' dir='ltr'>certum</span> <span class='ocrx_word' id='word_1_185' title='bbox 466 1490 617 1546; x_wconf 87' lang='lat' dir='ltr'>pedem</span> <span class='ocrx_word' id='word_1_186' title='bbox 650 1506 735 1533; x_wconf 89' lang='lat' dir='ltr'>non</span> <span class='ocrx_word' id='word_1_187' title='bbox 764 1492 934 1542; x_wconf 88' lang='lat' dir='ltr'>habent,</span> <span class='ocrx_word' id='word_1_188' title='bbox 968 1492 1067 1547; x_wconf 82' lang='lat' dir='ltr'>quia.</span> <span class='ocrx_word' id='word_1_189' title='bbox 1097 1500 1281 1534; x_wconf 85' lang='lat' dir='ltr'>tremunt</span> <span class='ocrx_word' id='word_1_190' title='bbox 1310 1493 1501 1536; x_wconf 86' lang='lat' dir='ltr'>membra</span> <span class='ocrx_word' id='word_1_191' title='bbox 1532 1509 1688 1537; x_wconf 88' lang='lat' dir='ltr'>eorum.</span> 
     </span>
     <span class='ocr_line' id='line_1_20' title="bbox 178 1564 1259 1622; baseline 0.002 -16"><span class='ocrx_word' id='word_1_192' title='bbox 178 1566 271 1606; x_wconf 84' lang='lat'>159.</span> <span class='ocrx_word' id='word_1_193' title='bbox 303 1566 445 1620; x_wconf 68' lang='lat' dir='ltr'>Sz&#39;ywat</span> <span class='ocrx_word' id='word_1_194' title='bbox 475 1566 652 1607; x_wconf 77' lang='lat' dir='ltr'>humum.</span> <span class='ocrx_word' id='word_1_195' title='bbox 711 1564 909 1621; x_wconf 84' lang='lat' dir='ltr'>Inprimit</span> <span class='ocrx_word' id='word_1_196' title='bbox 940 1566 1132 1622; x_wconf 83' lang='lat' dir='ltr'>uestigiis</span> <span class='ocrx_word' id='word_1_197' title='bbox 1163 1568 1259 1609; x_wconf 88' lang='lat' dir='ltr'>suis.</span> 
     </span>
    </p>
   </div>
   <div class='ocr_carea' id='block_1_6' title="bbox 72 1637 1902 1847">
    <p class='ocr_par' dir='ltr' id='par_1_8' title="bbox 72 1637 1902 1847">
     <span class='ocr_line' id='line_1_21' title="bbox 172 1637 1899 1696; baseline 0.003 -16"><span class='ocrx_word' id='word_1_198' title='bbox 172 1640 344 1695; x_wconf 76' lang='lat' dir='ltr'>paribus</span> <span class='ocrx_word' id='word_1_199' title='bbox 373 1639 582 1681; x_wconf 76' lang='lat' dir='ltr'>colludere.</span> <span class='ocrx_word' id='word_1_200' title='bbox 645 1637 755 1681; x_wconf 87' lang='lat' dir='ltr'>Cum</span> <span class='ocrx_word' id='word_1_201' title='bbox 786 1640 934 1681; x_wconf 87' lang='lat' dir='ltr'>aetatis</span> <span class='ocrx_word' id='word_1_202' title='bbox 965 1655 1064 1682; x_wconf 90' lang='lat' dir='ltr'>suae</span> <span class='ocrx_word' id='word_1_203' title='bbox 1096 1640 1343 1696; x_wconf 84' lang='lat' dir='ltr'>aequalibus</span> <span class='ocrx_word' id='word_1_204' title='bbox 1374 1641 1533 1683; x_wconf 88' lang='lat' dir='ltr'>ludere.</span> <span class='ocrx_word' id='word_1_205' title='bbox 1606 1641 1679 1685; x_wconf 83' lang='lat' dir='ltr'>Sic</span> <span class='ocrx_word' id='word_1_206' title='bbox 1711 1644 1899 1686; x_wconf 84' lang='lat' dir='ltr'>scriben-</span> 
     </span>
     <span class='ocr_line' id='line_1_22' title="bbox 72 1711 1638 1770; baseline 0.004 -18"><span class='ocrx_word' id='word_1_207' title='bbox 72 1711 148 1753; x_wconf 88' lang='lat' dir='ltr'>dus</span> <span class='ocrx_word' id='word_1_208' title='bbox 179 1719 239 1753; x_wconf 89' lang='lat' dir='ltr'>est</span> <span class='ocrx_word' id='word_1_209' title='bbox 270 1720 397 1767; x_wconf 92' lang='lat' dir='ltr'>atque</span> <span class='ocrx_word' id='word_1_210' title='bbox 427 1713 686 1762; x_wconf 84' lang='lat' dir='ltr'>formandus,</span> <span class='ocrx_word' id='word_1_211' title='bbox 718 1721 761 1754; x_wconf 92' lang='lat' dir='ltr'>ut</span> <span class='ocrx_word' id='word_1_212' title='bbox 794 1728 888 1755; x_wconf 89' lang='lat' dir='ltr'>cum</span> <span class='ocrx_word' id='word_1_213' title='bbox 920 1714 1094 1770; x_wconf 90' lang='lat' dir='ltr'>paribus</span> <span class='ocrx_word' id='word_1_214' title='bbox 1125 1715 1254 1766; x_wconf 85' lang='lat' dir='ltr'>ludat,</span> <span class='ocrx_word' id='word_1_215' title='bbox 1287 1731 1371 1757; x_wconf 90' lang='lat' dir='ltr'>non</span> <span class='ocrx_word' id='word_1_216' title='bbox 1403 1731 1496 1757; x_wconf 88' lang='lat' dir='ltr'>cum</span> <span class='ocrx_word' id='word_1_217' title='bbox 1529 1731 1638 1758; x_wconf 87' lang='lat' dir='ltr'>sene.</span> 
     </span>
     <span class='ocr_line' id='line_1_23' title="bbox 177 1787 1902 1847; baseline 0.003 -20"><span class='ocrx_word' id='word_1_218' title='bbox 177 1787 270 1828; x_wconf 84' lang='lat'>159.</span> <span class='ocrx_word' id='word_1_219' title='bbox 306 1788 398 1828; x_wconf 84' lang='grc'><strong>160.</strong></span> <span class='ocrx_word' id='word_1_220' title='bbox 432 1797 467 1829; x_wconf 83' lang='lat' dir='ltr'>et</span> <span class='ocrx_word' id='word_1_221' title='bbox 486 1789 591 1829; x_wconf 67' lang='lat' dir='ltr'>iram</span> <span class='ocrx_word' id='word_1_222' title='bbox 615 1787 772 1843; x_wconf 69' lang='lat' dir='ltr'>Colliqz&#39;c</span> <span class='ocrx_word' id='word_1_223' title='bbox 792 1804 840 1830; x_wconf 80' lang='lat' dir='ltr'>ac</span> <span class='ocrx_word' id='word_1_224' title='bbox 858 1792 972 1844; x_wconf 79' lang='lat' dir='ltr'>pom&#39;t</span> <span class='ocrx_word' id='word_1_225' title='bbox 993 1798 1146 1832; x_wconf 80' lang='lat' dir='ltr'>temere.</span> <span class='ocrx_word' id='word_1_226' title='bbox 1218 1788 1320 1831; x_wconf 83' lang='lat' dir='ltr'>Sine</span> <span class='ocrx_word' id='word_1_227' title='bbox 1352 1790 1535 1839; x_wconf 83' lang='lat' dir='ltr'>ratione3</span> <span class='ocrx_word' id='word_1_228' title='bbox 1581 1806 1679 1832; x_wconf 89' lang='lat' dir='ltr'>nam</span> <span class='ocrx_word' id='word_1_229' title='bbox 1709 1792 1831 1847; x_wconf 87' lang='lat' dir='ltr'>pueri</span> <span class='ocrx_word' id='word_1_230' title='bbox 1862 1800 1902 1833; x_wconf 90' lang='lat' dir='ltr'>et</span> 
     </span>
    </p>
   </div>
   <div class='ocr_carea' id='block_1_7' title="bbox 64 1859 1901 1992">
    <p class='ocr_par' dir='ltr' id='par_1_9' title="bbox 64 1859 1901 1992">
     <span class='ocr_line' id='line_1_24' title="bbox 64 1859 1901 1922; baseline 0.004 -21"><span class='ocrx_word' id='word_1_231' title='bbox 64 1859 153 1902; x_wconf 87' lang='lat' dir='ltr'>sine</span> <span class='ocrx_word' id='word_1_232' title='bbox 184 1875 309 1903; x_wconf 87' lang='lat' dir='ltr'>causa</span> <span class='ocrx_word' id='word_1_233' title='bbox 340 1861 584 1903; x_wconf 87' lang='lat' dir='ltr'>irascuntur</span> <span class='ocrx_word' id='word_1_234' title='bbox 606 1870 645 1903; x_wconf 92' lang='lat' dir='ltr'>et</span> <span class='ocrx_word' id='word_1_235' title='bbox 664 1869 834 1913; x_wconf 86' lang='lat' dir='ltr'>temere,</span> <span class='ocrx_word' id='word_1_236' title='bbox 858 1862 952 1905; x_wconf 90' lang='lat' dir='ltr'>illos</span> <span class='ocrx_word' id='word_1_237' title='bbox 978 1863 1110 1913; x_wconf 85' lang='lat' dir='ltr'>decet,</span> <span class='ocrx_word' id='word_1_238' title='bbox 1142 1864 1248 1904; x_wconf 87' lang='lat' dir='ltr'>iram</span> <span class='ocrx_word' id='word_1_239' title='bbox 1270 1864 1495 1919; x_wconf 84' lang='lat' dir='ltr'>deponere.</span> <span class='ocrx_word' id='word_1_240' title='bbox 1568 1863 1757 1922; x_wconf 80' lang='lat' dir='ltr'>Colligit.</span> <span class='ocrx_word' id='word_1_241' title='bbox 1788 1865 1901 1908; x_wconf 83' lang='lat' dir='ltr'>Iras-</span> 
     </span>
     <span class='ocr_line' id='line_1_25' title="bbox 65 1933 736 1992; baseline 0.003 -17"><span class='ocrx_word' id='word_1_242' title='bbox 65 1933 183 1976; x_wconf 86' lang='lat' dir='ltr'>citur.</span> <span class='ocrx_word' id='word_1_243' title='bbox 239 1936 364 1992; x_wconf 75' lang='lat' dir='ltr'>pom&#39;t.</span> <span class='ocrx_word' id='word_1_244' title='bbox 397 1935 569 1978; x_wconf 90' lang='lat' dir='ltr'>Desinit</span> <span class='ocrx_word' id='word_1_245' title='bbox 599 1935 736 1978; x_wconf 85' lang='lat' dir='ltr'>irasci.</span> 
     </span>
    </p>
   </div>
   <div class='ocr_carea' id='block_1_8' title="bbox 63 2109 1906 3182">
    <p class='ocr_par' dir='ltr' id='par_1_10' title="bbox 63 2109 1902 2204">
     <span class='ocr_line' id='line_1_26' title="bbox 63 2109 1902 2154; baseline 0.003 -16"><span class='ocrx_word' id='word_1_246' title='bbox 63 2117 125 2151; x_wconf 63' lang='grc' dir='ltr'><strong>γ,11.</strong></span> <span class='ocrx_word' id='word_1_247' title='bbox 190 2109 248 2149; x_wconf 83' lang='grc'>28)</span> <span class='ocrx_word' id='word_1_248' title='bbox 275 2119 365 2149; x_wconf 77' lang='lat' dir='ltr'>exsp.</span> <span class='ocrx_word' id='word_1_249' title='bbox 391 2120 451 2140; x_wconf 87' lang='lat' dir='ltr'>om.</span> <span class='ocrx_word' id='word_1_250' title='bbox 479 2119 495 2153; x_wconf 73' lang='grc' dir='ltr'><strong>γ</strong></span> <span class='ocrx_word' id='word_1_251' title='bbox 520 2110 594 2150; x_wconf 81' lang='lat' dir='ltr'>(sed</span> <span class='ocrx_word' id='word_1_252' title='bbox 620 2111 717 2140; x_wconf 87' lang='lat' dir='ltr'>serior</span> <span class='ocrx_word' id='word_1_253' title='bbox 740 2119 853 2141; x_wconf 83' lang='lat' dir='ltr'>manus</span> <span class='ocrx_word' id='word_1_254' title='bbox 879 2110 999 2141; x_wconf 82' lang='lat' dir='ltr'>saeculi</span> <span class='ocrx_word' id='word_1_255' title='bbox 1022 2110 1107 2140; x_wconf 85' lang='lat' dir='ltr'>XIV.</span> <span class='ocrx_word' id='word_1_256' title='bbox 1133 2112 1339 2150; x_wconf 81' lang='lat' dir='ltr'>expectantis</span> <span class='ocrx_word' id='word_1_257' title='bbox 1366 2121 1463 2151; x_wconf 84' lang='lat' dir='ltr'>supra</span> <span class='ocrx_word' id='word_1_258' title='bbox 1499 2114 1663 2144; x_wconf 87' lang='lat' dir='ltr'>manentis</span> <span class='ocrx_word' id='word_1_259' title='bbox 1689 2114 1809 2154; x_wconf 85' lang='lat' dir='ltr'>posuit)</span> <span class='ocrx_word' id='word_1_260' title='bbox 1841 2113 1902 2144; x_wconf 83' lang='lat' dir='ltr'>Nx</span> 
     </span>
     <span class='ocr_line' id='line_1_27' title="bbox 64 2164 275 2204; baseline 0.009 -9"><span class='ocrx_word' id='word_1_261' title='bbox 64 2164 164 2204; x_wconf 76' lang='lat' dir='ltr'>Med..</span> <span class='ocrx_word' id='word_1_262' title='bbox 188 2176 275 2197; x_wconf 78' lang='lat' dir='ltr'>rvca.</span> 
     </span>
    </p>

    <p class='ocr_par' dir='ltr' id='par_1_11' title="bbox 66 2224 1906 3182">
     <span class='ocr_line' id='line_1_28' title="bbox 180 2224 1902 2268; baseline 0.002 -15"><span class='ocrx_word' id='word_1_263' title='bbox 180 2224 215 2264; x_wconf 86' lang='lat'>2)</span> <span class='ocrx_word' id='word_1_264' title='bbox 242 2224 386 2262; x_wconf 77' lang='lat' dir='ltr'>tollatur,</span> <span class='ocrx_word' id='word_1_265' title='bbox 406 2234 467 2254; x_wconf 88' lang='lat' dir='ltr'>om.</span> <span class='ocrx_word' id='word_1_266' title='bbox 493 2225 618 2262; x_wconf 78' lang='lat' dir='ltr'>aulaea,</span> <span class='ocrx_word' id='word_1_267' title='bbox 643 2234 670 2266; x_wconf 79' lang='grc' dir='ltr'>γ.</span> <span class='ocrx_word' id='word_1_268' title='bbox 687 2243 727 2245; x_wconf 87' lang='grc'>-</span> <span class='ocrx_word' id='word_1_269' title='bbox 743 2225 797 2264; x_wconf 89' lang='lat' dir='ltr'>qui</span> <span class='ocrx_word' id='word_1_270' title='bbox 822 2224 853 2254; x_wconf 78' lang='lat' dir='ltr'>in</span> <span class='ocrx_word' id='word_1_271' title='bbox 877 2224 931 2255; x_wconf 70' lang='lat' dir='ltr'>hoc</span> <span class='ocrx_word' id='word_1_272' title='bbox 955 2224 1043 2254; x_wconf 79' lang='lat' dir='ltr'>mimo</span> <span class='ocrx_word' id='word_1_273' title='bbox 1068 2225 1148 2255; x_wconf 82' lang='lat' dir='ltr'>dicit</span> <span class='ocrx_word' id='word_1_274' title='bbox 1162 2225 1424 2268; x_wconf 65' lang='lat' dir='ltr'>(dicitu7·N)*sN.</span> <span class='ocrx_word' id='word_1_275' title='bbox 1441 2227 1474 2255; x_wconf 88' lang='lat' dir='ltr'>in</span> <span class='ocrx_word' id='word_1_276' title='bbox 1498 2226 1556 2256; x_wconf 83' lang='lat' dir='ltr'>hoc</span> <span class='ocrx_word' id='word_1_277' title='bbox 1580 2236 1705 2266; x_wconf 77' lang='lat' dir='ltr'>mymmo</span> <span class='ocrx_word' id='word_1_278' title='bbox 1730 2236 1754 2256; x_wconf 84' lang='lat' dir='ltr'>r.</span> <span class='ocrx_word' id='word_1_279' title='bbox 1782 2228 1816 2256; x_wconf 86' lang='grc'>111</span> <span class='ocrx_word' id='word_1_280' title='bbox 1841 2227 1902 2256; x_wconf 85' lang='grc'><strong>1100</strong></span> 
     </span>
     <span class='ocr_line' id='line_1_29' title="bbox 67 2280 1900 2326; baseline 0.001 -16"><span class='ocrx_word' id='word_1_281' title='bbox 67 2280 131 2311; x_wconf 86' lang='grc'><strong>11110</strong></span> <span class='ocrx_word' id='word_1_282' title='bbox 148 2291 178 2311; x_wconf 84' lang='lat' dir='ltr'>v.</span> <span class='ocrx_word' id='word_1_283' title='bbox 198 2281 305 2311; x_wconf 86' lang='lat' dir='ltr'>hocin</span> <span class='ocrx_word' id='word_1_284' title='bbox 320 2282 385 2311; x_wconf 87' lang='lat' dir='ltr'>imo</span> <span class='ocrx_word' id='word_1_285' title='bbox 403 2281 519 2317; x_wconf 83' lang='lat' dir='ltr'>cath.</span> <span class='ocrx_word' id='word_1_286' title='bbox 540 2281 581 2311; x_wconf 82' lang='lat' dir='ltr'>cf.</span> <span class='ocrx_word' id='word_1_287' title='bbox 601 2280 645 2311; x_wconf 90' lang='lat' dir='ltr'>C:</span> <span class='ocrx_word' id='word_1_288' title='bbox 666 2284 792 2312; x_wconf 55' lang='lat' dir='ltr'>‘canton</span> <span class='ocrx_word' id='word_1_289' title='bbox 809 2282 971 2318; x_wconf 73' lang='lat' dir='ltr'>recitator,</span> <span class='ocrx_word' id='word_1_290' title='bbox 991 2286 1090 2317; x_wconf 70' lang='lat' dir='ltr'>actor,</span> <span class='ocrx_word' id='word_1_291' title='bbox 1109 2283 1249 2313; x_wconf 86' lang='lat' dir='ltr'>mimus.&#39;</span> <span class='ocrx_word' id='word_1_292' title='bbox 1299 2283 1333 2322; x_wconf 86' lang='lat'>3)</span> <span class='ocrx_word' id='word_1_293' title='bbox 1359 2283 1449 2313; x_wconf 85' lang='lat' dir='ltr'>Haec</span> <span class='ocrx_word' id='word_1_294' title='bbox 1462 2301 1503 2304; x_wconf 79' lang='lat'>—-</span> <span class='ocrx_word' id='word_1_295' title='bbox 1519 2284 1760 2321; x_wconf 78' lang='lat' dir='ltr'>tragoediarum</span> <span class='ocrx_word' id='word_1_296' title='bbox 1787 2293 1846 2313; x_wconf 88' lang='lat' dir='ltr'>om.</span> <span class='ocrx_word' id='word_1_297' title='bbox 1873 2293 1900 2326; x_wconf 78' lang='grc' dir='ltr'>γ.</span> 
     </span>
     <span class='ocr_line' id='line_1_30' title="bbox 66 2336 1900 2382; baseline 0.002 -16"><span class='ocrx_word' id='word_1_298' title='bbox 66 2336 103 2377; x_wconf 86' lang='grc'>4)</span> <span class='ocrx_word' id='word_1_299' title='bbox 121 2337 346 2369; x_wconf 78' lang='lat' dir='ltr'>Ac—aetatis</span> <span class='ocrx_word' id='word_1_300' title='bbox 364 2349 423 2369; x_wconf 89' lang='grc'><strong>0111.</strong></span> <span class='ocrx_word' id='word_1_301' title='bbox 441 2349 468 2381; x_wconf 75' lang='grc' dir='ltr'>γ.</span> <span class='ocrx_word' id='word_1_302' title='bbox 518 2340 552 2378; x_wconf 87' lang='grc'>6)</span> <span class='ocrx_word' id='word_1_303' title='bbox 577 2347 683 2368; x_wconf 75' lang='lat' dir='ltr'>mores.</span> <span class='ocrx_word' id='word_1_304' title='bbox 702 2339 756 2378; x_wconf 89' lang='lat' dir='ltr'>qui</span> <span class='ocrx_word' id='word_1_305' title='bbox 775 2340 871 2369; x_wconf 84' lang='lat' dir='ltr'>certis</span> <span class='ocrx_word' id='word_1_306' title='bbox 889 2343 986 2377; x_wconf 84' lang='lat' dir='ltr'>temp.</span> <span class='ocrx_word' id='word_1_307' title='bbox 1013 2338 1209 2370; x_wconf 65' lang='lat' dir='ltr'>immutentur</span> <span class='ocrx_word' id='word_1_308' title='bbox 1234 2341 1328 2370; x_wconf 83' lang='lat' dir='ltr'>annis</span> <span class='ocrx_word' id='word_1_309' title='bbox 1355 2340 1482 2370; x_wconf 85' lang='lat' dir='ltr'>scilicet</span> <span class='ocrx_word' id='word_1_310' title='bbox 1506 2341 1764 2370; x_wconf 63' lang='lat' dir='ltr'>(miecedentibus</span> <span class='ocrx_word' id='word_1_311' title='bbox 1788 2350 1815 2382; x_wconf 78' lang='grc' dir='ltr'>γ.</span> <span class='ocrx_word' id='word_1_312' title='bbox 1864 2340 1900 2378; x_wconf 83' lang='grc'>8)</span> 
     </span>
     <span class='ocr_line' id='line_1_31' title="bbox 69 2395 1901 2436; baseline 0 -11"><span class='ocrx_word' id='word_1_313' title='bbox 69 2399 118 2426; x_wconf 83' lang='lat' dir='ltr'>est</span> <span class='ocrx_word' id='word_1_314' title='bbox 141 2405 273 2434; x_wconf 83' lang='lat' dir='ltr'>magnus</span> <span class='ocrx_word' id='word_1_315' title='bbox 298 2407 359 2427; x_wconf 90' lang='lat' dir='ltr'>om.</span> <span class='ocrx_word' id='word_1_316' title='bbox 387 2401 418 2426; x_wconf 89' lang='lat' dir='ltr'>et</span> <span class='ocrx_word' id='word_1_317' title='bbox 442 2396 514 2433; x_wconf 83' lang='lat' dir='ltr'>X,v.</span> <span class='ocrx_word' id='word_1_318' title='bbox 542 2414 585 2417; x_wconf 94' lang='lat'>—-</span> <span class='ocrx_word' id='word_1_319' title='bbox 609 2395 763 2426; x_wconf 77' lang='lat' dir='ltr'>mobilibus</span> <span class='ocrx_word' id='word_1_320' title='bbox 789 2397 861 2426; x_wconf 89' lang='lat' dir='ltr'>add.</span> <span class='ocrx_word' id='word_1_321' title='bbox 889 2396 927 2431; x_wconf 80' lang='lat' dir='ltr'>Q.</span> <span class='ocrx_word' id='word_1_322' title='bbox 966 2396 1115 2427; x_wconf 82' lang='lat' dir='ltr'>Distinxi</span> <span class='ocrx_word' id='word_1_323' title='bbox 1141 2401 1213 2435; x_wconf 89' lang='lat' dir='ltr'>post.</span> <span class='ocrx_word' id='word_1_324' title='bbox 1237 2396 1381 2434; x_wconf 73' lang='lat' dir='ltr'>mobilius,</span> <span class='ocrx_word' id='word_1_325' title='bbox 1421 2397 1589 2436; x_wconf 84' lang='lat' dir='ltr'>sequentia</span> <span class='ocrx_word' id='word_1_326' title='bbox 1613 2398 1711 2427; x_wconf 85' lang='lat' dir='ltr'>uerba</span> <span class='ocrx_word' id='word_1_327' title='bbox 1736 2397 1835 2427; x_wconf 79' lang='lat' dir='ltr'>Puero</span> <span class='ocrx_word' id='word_1_328' title='bbox 1862 2414 1901 2417; x_wconf 82' lang='lat'>-—</span> 
     </span>
     <span class='ocr_line' id='line_1_32' title="bbox 67 2452 1903 2492; baseline 0 -10"><span class='ocrx_word' id='word_1_329' title='bbox 67 2452 253 2484; x_wconf 75' lang='lat' dir='ltr'>tribuendum</span> <span class='ocrx_word' id='word_1_330' title='bbox 277 2458 319 2483; x_wconf 74' lang='lat' dir='ltr'>est</span> <span class='ocrx_word' id='word_1_331' title='bbox 343 2454 427 2483; x_wconf 88' lang='lat' dir='ltr'>inter</span> <span class='ocrx_word' id='word_1_332' title='bbox 453 2463 486 2484; x_wconf 88' lang='lat' dir='ltr'>se</span> <span class='ocrx_word' id='word_1_333' title='bbox 513 2454 726 2492; x_wconf 77' lang='lat' dir='ltr'>coniungens.</span> <span class='ocrx_word' id='word_1_334' title='bbox 767 2454 850 2483; x_wconf 80' lang='lat' dir='ltr'>Nam</span> <span class='ocrx_word' id='word_1_335' title='bbox 876 2454 971 2484; x_wconf 82' lang='lat' dir='ltr'>lectio</span> <span class='ocrx_word' id='word_1_336' title='bbox 997 2454 1030 2483; x_wconf 92' lang='lat' dir='ltr'>in</span> <span class='ocrx_word' id='word_1_337' title='bbox 1056 2453 1139 2489; x_wconf 87' lang='lat' dir='ltr'>th:</span> <span class='ocrx_word' id='word_1_338' title='bbox 1167 2455 1245 2492; x_wconf 87' lang='lat' dir='ltr'>quid</span> <span class='ocrx_word' id='word_1_339' title='bbox 1272 2455 1357 2485; x_wconf 86' lang='grc'><strong>0111111</strong></span> <span class='ocrx_word' id='word_1_340' title='bbox 1383 2458 1499 2484; x_wconf 81' lang='lat' dir='ltr'>natura</span> <span class='ocrx_word' id='word_1_341' title='bbox 1523 2455 1676 2485; x_wconf 87' lang='lat' dir='ltr'>mobilius</span> <span class='ocrx_word' id='word_1_342' title='bbox 1701 2463 1800 2492; x_wconf 89' lang='lat' dir='ltr'>puero</span> <span class='ocrx_word' id='word_1_343' title='bbox 1825 2454 1903 2483; x_wconf 84' lang='lat' dir='ltr'>adu-</span> 
     </span>
     <span class='ocr_line' id='line_1_33' title="bbox 68 2507 1903 2552; baseline 0.001 -13"><span class='ocrx_word' id='word_1_344' title='bbox 68 2510 209 2541; x_wconf 84' lang='lat' dir='ltr'>lescente</span> <span class='ocrx_word' id='word_1_345' title='bbox 235 2515 265 2541; x_wconf 87' lang='lat' dir='ltr'>et</span> <span class='ocrx_word' id='word_1_346' title='bbox 288 2516 407 2541; x_wconf 78' lang='lat' dir='ltr'>maturo</span> <span class='ocrx_word' id='word_1_347' title='bbox 430 2520 507 2541; x_wconf 71' lang='lat' dir='ltr'>sene.</span> <span class='ocrx_word' id='word_1_348' title='bbox 537 2510 567 2551; x_wconf 64' lang='lat' dir='ltr'>[P</span> <span class='ocrx_word' id='word_1_349' title='bbox 594 2510 713 2550; x_wconf 61' lang='lat' dir='ltr'>decern]</span> <span class='ocrx_word' id='word_1_350' title='bbox 741 2507 777 2542; x_wconf 80' lang='grc' dir='ltr'>τὸ</span> <span class='ocrx_word' id='word_1_351' title='bbox 803 2508 932 2552; x_wconf 75' lang='grc' dir='ltr'>πρέπον,</span> <span class='ocrx_word' id='word_1_352' title='bbox 959 2511 992 2539; x_wconf 86' lang='lat' dir='ltr'>id</span> <span class='ocrx_word' id='word_1_353' title='bbox 1018 2514 1078 2547; x_wconf 82' lang='lat' dir='ltr'>est,</span> <span class='ocrx_word' id='word_1_354' title='bbox 1115 2510 1257 2540; x_wconf 64' lang='lat' dir='ltr'>decorem</span> <span class='ocrx_word' id='word_1_355' title='bbox 1292 2511 1397 2550; x_wconf 77' lang='lat' dir='ltr'>cuique</span> <span class='ocrx_word' id='word_1_356' title='bbox 1426 2511 1587 2551; x_wconf 72' lang='lat' dir='ltr'>proprium</span> <span class='ocrx_word' id='word_1_357' title='bbox 1623 2512 1694 2541; x_wconf 85' lang='lat' dir='ltr'>trib.</span> <span class='ocrx_word' id='word_1_358' title='bbox 1733 2511 1792 2540; x_wconf 76' lang='lat' dir='ltr'>est&#39;</span> <span class='ocrx_word' id='word_1_359' title='bbox 1831 2510 1903 2540; x_wconf 84' lang='lat' dir='ltr'>ideo</span> 
     </span>
     <span class='ocr_line' id='line_1_34' title="bbox 68 2567 1904 2608; baseline -0.001 -10"><span class='ocrx_word' id='word_1_360' title='bbox 68 2568 179 2606; x_wconf 84' lang='lat' dir='ltr'>inepta</span> <span class='ocrx_word' id='word_1_361' title='bbox 204 2572 264 2606; x_wconf 85' lang='lat' dir='ltr'>est,</span> <span class='ocrx_word' id='word_1_362' title='bbox 303 2569 386 2608; x_wconf 81' lang='lat' dir='ltr'>quod</span> <span class='ocrx_word' id='word_1_363' title='bbox 410 2573 552 2599; x_wconf 79' lang='lat' dir='ltr'>maturus</span> <span class='ocrx_word' id='word_1_364' title='bbox 579 2578 680 2599; x_wconf 81' lang='lat' dir='ltr'>senex</span> <span class='ocrx_word' id='word_1_365' title='bbox 705 2572 819 2598; x_wconf 70' lang='lat' dir='ltr'>natura</span> <span class='ocrx_word' id='word_1_366' title='bbox 842 2578 902 2598; x_wconf 79' lang='grc' dir='ltr'>ηοη</span> <span class='ocrx_word' id='word_1_367' title='bbox 926 2567 1041 2597; x_wconf 75' lang='lat' dir='ltr'>mobilis</span> <span class='ocrx_word' id='word_1_368' title='bbox 1066 2571 1124 2598; x_wconf 89' lang='lat' dir='ltr'>est.</span> <span class='ocrx_word' id='word_1_369' title='bbox 1163 2568 1298 2603; x_wconf 81' lang='lat' dir='ltr'>Quaerit</span> <span class='ocrx_word' id='word_1_370' title='bbox 1324 2573 1430 2598; x_wconf 81' lang='lat' dir='ltr'>autem</span> <span class='ocrx_word' id='word_1_371' title='bbox 1456 2568 1633 2606; x_wconf 80' lang='lat' dir='ltr'>interpres:</span> <span class='ocrx_word' id='word_1_372' title='bbox 1660 2568 1738 2606; x_wconf 90' lang='lat' dir='ltr'>quid</span> <span class='ocrx_word' id='word_1_373' title='bbox 1764 2571 1813 2597; x_wconf 88' lang='lat' dir='ltr'>est</span> <span class='ocrx_word' id='word_1_374' title='bbox 1837 2576 1904 2596; x_wconf 87' lang='lat' dir='ltr'>mo-</span> 
     </span>
     <span class='ocr_line' id='line_1_35' title="bbox 68 2623 1904 2665; baseline -0.002 -10"><span class='ocrx_word' id='word_1_375' title='bbox 68 2626 166 2656; x_wconf 87' lang='lat' dir='ltr'>bilius</span> <span class='ocrx_word' id='word_1_376' title='bbox 198 2636 286 2665; x_wconf 81' lang='lat' dir='ltr'>quam</span> <span class='ocrx_word' id='word_1_377' title='bbox 321 2627 456 2656; x_wconf 72' lang='lat' dir='ltr'>natura?</span> <span class='ocrx_word' id='word_1_378' title='bbox 491 2626 629 2657; x_wconf 84' lang='lat' dir='ltr'>Mobiles</span> <span class='ocrx_word' id='word_1_379' title='bbox 655 2636 755 2656; x_wconf 83' lang='lat' dir='ltr'>annos</span> <span class='ocrx_word' id='word_1_380' title='bbox 781 2626 844 2655; x_wconf 87' lang='lat' dir='ltr'>iam</span> <span class='ocrx_word' id='word_1_381' title='bbox 869 2626 1082 2664; x_wconf 80' lang='lat' dir='ltr'>explicuerat.</span> <span class='ocrx_word' id='word_1_382' title='bbox 1147 2626 1182 2663; x_wconf 78' lang='lat'>9)</span> <span class='ocrx_word' id='word_1_383' title='bbox 1209 2625 1404 2655; x_wconf 70' lang='lat' dir='ltr'>adolescenti</span> <span class='ocrx_word' id='word_1_384' title='bbox 1429 2624 1641 2664; x_wconf 79' lang='lat' dir='ltr'>(adulescenti</span> <span class='ocrx_word' id='word_1_385' title='bbox 1662 2625 1694 2664; x_wconf 81' lang='grc' dir='ltr'>τ)</span> <span class='ocrx_word' id='word_1_386' title='bbox 1721 2623 1782 2654; x_wconf 88' lang='lat' dir='ltr'>NX</span> <span class='ocrx_word' id='word_1_387' title='bbox 1805 2624 1904 2660; x_wconf 85' lang='lat' dir='ltr'>Med.‚</span> 
     </span>
     <span class='ocr_line' id='line_1_36' title="bbox 69 2676 1904 2722; baseline 0 -10"><span class='ocrx_word' id='word_1_388' title='bbox 69 2693 153 2714; x_wconf 86' lang='lat' dir='ltr'>rvca.</span> <span class='ocrx_word' id='word_1_389' title='bbox 179 2683 252 2714; x_wconf 84' lang='lat' dir='ltr'>seni</span> <span class='ocrx_word' id='word_1_390' title='bbox 273 2683 335 2713; x_wconf 86' lang='lat' dir='ltr'>XN</span> <span class='ocrx_word' id='word_1_391' title='bbox 358 2683 458 2722; x_wconf 91' lang='lat' dir='ltr'>Med.‚</span> <span class='ocrx_word' id='word_1_392' title='bbox 492 2694 539 2713; x_wconf 84' lang='lat' dir='ltr'>rv.</span> <span class='ocrx_word' id='word_1_393' title='bbox 566 2684 635 2713; x_wconf 90' lang='lat' dir='ltr'>rell.</span> <span class='ocrx_word' id='word_1_394' title='bbox 663 2692 744 2713; x_wconf 87' lang='lat' dir='ltr'>sene.</span> <span class='ocrx_word' id='word_1_395' title='bbox 771 2681 985 2712; x_wconf 74' lang='lat' dir='ltr'>adbolescenti</span> <span class='ocrx_word' id='word_1_396' title='bbox 1019 2687 1051 2712; x_wconf 86' lang='lat' dir='ltr'>et</span> <span class='ocrx_word' id='word_1_397' title='bbox 1087 2685 1213 2711; x_wconf 84' lang='lat' dir='ltr'>maturo</span> <span class='ocrx_word' id='word_1_398' title='bbox 1250 2681 1322 2711; x_wconf 75' lang='lat' dir='ltr'>seni</span> <span class='ocrx_word' id='word_1_399' title='bbox 1356 2676 1438 2712; x_wconf 69' lang='lat' dir='ltr'>TON</span> <span class='ocrx_word' id='word_1_400' title='bbox 1464 2676 1621 2711; x_wconf 77' lang='lat' dir='ltr'>HPeNON</span> <span class='ocrx_word' id='word_1_401' title='bbox 1651 2681 1727 2719; x_wconf 83' lang='lat' dir='ltr'>(sic)</span> <span class='ocrx_word' id='word_1_402' title='bbox 1755 2681 1775 2710; x_wconf 90' lang='lat' dir='ltr'>i.</span> <span class='ocrx_word' id='word_1_403' title='bbox 1801 2681 1904 2712; x_wconf 77' lang='lat' dir='ltr'>decus.</span> 
     </span>
     <span class='ocr_line' id='line_1_37' title="bbox 71 2738 1904 2782; baseline -0.003 -11"><span class='ocrx_word' id='word_1_404' title='bbox 71 2750 131 2771; x_wconf 90' lang='lat' dir='ltr'>om.</span> <span class='ocrx_word' id='word_1_405' title='bbox 157 2741 262 2780; x_wconf 75' lang='lat' dir='ltr'>cuique</span> <span class='ocrx_word' id='word_1_406' title='bbox 280 2740 453 2779; x_wconf 69' lang='lat' dir='ltr'>proprium,</span> <span class='ocrx_word' id='word_1_407' title='bbox 480 2742 556 2771; x_wconf 86' lang='lat' dir='ltr'>trib.</span> <span class='ocrx_word' id='word_1_408' title='bbox 585 2743 635 2770; x_wconf 84' lang='lat' dir='ltr'>est</span> <span class='ocrx_word' id='word_1_409' title='bbox 659 2750 686 2782; x_wconf 80' lang='grc' dir='ltr'>γ.</span> <span class='ocrx_word' id='word_1_410' title='bbox 711 2739 875 2770; x_wconf 83' lang='lat' dir='ltr'>Vocabula</span> <span class='ocrx_word' id='word_1_411' title='bbox 902 2739 1000 2775; x_wconf 74' lang='lat' dir='ltr'>decor,</span> <span class='ocrx_word' id='word_1_412' title='bbox 1027 2738 1115 2769; x_wconf 79' lang='lat' dir='ltr'>decus</span> <span class='ocrx_word' id='word_1_413' title='bbox 1141 2744 1172 2769; x_wconf 86' lang='lat' dir='ltr'>et</span> <span class='ocrx_word' id='word_1_414' title='bbox 1197 2739 1336 2769; x_wconf 73' lang='lat' dir='ltr'>decorum</span> <span class='ocrx_word' id='word_1_415' title='bbox 1361 2739 1499 2768; x_wconf 85' lang='lat' dir='ltr'>alterum</span> <span class='ocrx_word' id='word_1_416' title='bbox 1525 2747 1581 2776; x_wconf 89' lang='lat' dir='ltr'>pro</span> <span class='ocrx_word' id='word_1_417' title='bbox 1606 2738 1708 2767; x_wconf 82' lang='lat' dir='ltr'>altero</span> <span class='ocrx_word' id='word_1_418' title='bbox 1732 2742 1904 2775; x_wconf 86' lang='lat' dir='ltr'>ponuntur.</span> 
     </span>
     <span class='ocr_line' id='line_1_38' title="bbox 69 2791 1905 2841; baseline -0.003 -12"><span class='ocrx_word' id='word_1_419' title='bbox 69 2794 106 2828; x_wconf 82' lang='grc' dir='ltr'>τὸ</span> <span class='ocrx_word' id='word_1_420' title='bbox 130 2796 249 2841; x_wconf 77' lang='grc' dir='ltr'>πρέπον</span> <span class='ocrx_word' id='word_1_421' title='bbox 275 2798 389 2834; x_wconf 82' lang='lat' dir='ltr'>cath.</span> <span class='ocrx_word' id='word_1_422' title='bbox 415 2802 448 2828; x_wconf 91' lang='lat' dir='ltr'>to</span> <span class='ocrx_word' id='word_1_423' title='bbox 474 2807 596 2836; x_wconf 87' lang='lat' dir='ltr'>prepon</span> <span class='ocrx_word' id='word_1_424' title='bbox 620 2807 651 2827; x_wconf 86' lang='lat' dir='ltr'>v.</span> <span class='ocrx_word' id='word_1_425' title='bbox 677 2798 811 2827; x_wconf 87' lang='lat' dir='ltr'>lacunae</span> <span class='ocrx_word' id='word_1_426' title='bbox 837 2797 870 2826; x_wconf 90' lang='lat' dir='ltr'>in</span> <span class='ocrx_word' id='word_1_427' title='bbox 894 2796 954 2826; x_wconf 87' lang='lat' dir='ltr'>NX</span> <span class='ocrx_word' id='word_1_428' title='bbox 978 2796 1075 2833; x_wconf 85' lang='lat' dir='ltr'>Med.‚</span> <span class='ocrx_word' id='word_1_429' title='bbox 1108 2806 1131 2825; x_wconf 83' lang='lat' dir='ltr'>r.</span> <span class='ocrx_word' id='word_1_430' title='bbox 1159 2797 1241 2826; x_wconf 83' lang='lat' dir='ltr'>conf.</span> <span class='ocrx_word' id='word_1_431' title='bbox 1270 2795 1314 2825; x_wconf 85' lang='lat' dir='ltr'>C:</span> <span class='ocrx_word' id='word_1_432' title='bbox 1341 2795 1440 2841; x_wconf 62' lang='lat' dir='ltr'>deror.</span> <span class='ocrx_word' id='word_1_433' title='bbox 1469 2804 1525 2824; x_wconf 84' lang='lat' dir='ltr'>sua</span> <span class='ocrx_word' id='word_1_434' title='bbox 1550 2795 1744 2833; x_wconf 72' lang='lat' dir='ltr'>proprietas,</span> <span class='ocrx_word' id='word_1_435' title='bbox 1780 2791 1816 2825; x_wconf 81' lang='grc' dir='ltr'>τὸ</span> <span class='ocrx_word' id='word_1_436' title='bbox 1852 2803 1905 2837; x_wconf 78' lang='grc' dir='ltr'>πρ.</span> 
     </span>
     <span class='ocr_line' id='line_1_39' title="bbox 70 2850 1905 2896; baseline -0.002 -12"><span class='ocrx_word' id='word_1_437' title='bbox 70 2854 187 2884; x_wconf 84' lang='lat' dir='ltr'>Editor</span> <span class='ocrx_word' id='word_1_438' title='bbox 210 2855 390 2894; x_wconf 80' lang='lat' dir='ltr'>Pragensis</span> <span class='ocrx_word' id='word_1_439' title='bbox 416 2855 546 2885; x_wconf 78' lang='lat' dir='ltr'>addidit</span> <span class='ocrx_word' id='word_1_440' title='bbox 572 2858 648 2884; x_wconf 87' lang='lat' dir='ltr'>ante</span> <span class='ocrx_word' id='word_1_441' title='bbox 673 2850 709 2884; x_wconf 80' lang='grc' dir='ltr'>τὸ</span> <span class='ocrx_word' id='word_1_442' title='bbox 734 2852 870 2896; x_wconf 74' lang='grc' dir='ltr'>πρέπον.</span> <span class='ocrx_word' id='word_1_443' title='bbox 901 2854 1000 2891; x_wconf 70' lang='lat' dir='ltr'>decor,</span> <span class='ocrx_word' id='word_1_444' title='bbox 1031 2863 1092 2892; x_wconf 87' lang='lat' dir='ltr'>quo</span> <span class='ocrx_word' id='word_1_445' title='bbox 1119 2854 1281 2883; x_wconf 85' lang='lat' dir='ltr'>sententia</span> <span class='ocrx_word' id='word_1_446' title='bbox 1307 2862 1371 2883; x_wconf 88' lang='lat' dir='ltr'>non</span> <span class='ocrx_word' id='word_1_447' title='bbox 1409 2851 1582 2881; x_wconf 87' lang='lat' dir='ltr'>dilucidior</span> <span class='ocrx_word' id='word_1_448' title='bbox 1617 2851 1701 2880; x_wconf 81' lang='lat' dir='ltr'>facta</span> <span class='ocrx_word' id='word_1_449' title='bbox 1739 2854 1798 2881; x_wconf 88' lang='lat' dir='ltr'>est.</span> <span class='ocrx_word' id='word_1_450' title='bbox 1850 2852 1905 2890; x_wconf 84' lang='lat'>10)</span> 
     </span>
     <span class='ocr_line' id='line_1_40' title="bbox 71 2908 1906 2953; baseline -0.002 -11"><span class='ocrx_word' id='word_1_451' title='bbox 71 2911 160 2942; x_wconf 76' lang='lat' dir='ltr'>annis</span> <span class='ocrx_word' id='word_1_452' title='bbox 183 2913 224 2941; x_wconf 89' lang='lat' dir='ltr'>ad</span> <span class='ocrx_word' id='word_1_453' title='bbox 248 2917 367 2943; x_wconf 79' lang='lat' dir='ltr'>etatem</span> <span class='ocrx_word' id='word_1_454' title='bbox 391 2913 509 2942; x_wconf 77' lang='lat' dir='ltr'>retulit.</span> <span class='ocrx_word' id='word_1_455' title='bbox 533 2911 651 2941; x_wconf 69' lang='lat' dir='ltr'>natm-is</span> <span class='ocrx_word' id='word_1_456' title='bbox 674 2915 712 2941; x_wconf 79' lang='lat' dir='ltr'>ut</span> <span class='ocrx_word' id='word_1_457' title='bbox 737 2911 821 2940; x_wconf 84' lang='lat' dir='ltr'>scias</span> <span class='ocrx_word' id='word_1_458' title='bbox 846 2928 888 2933; x_wconf 69' lang='lat'>——</span> <span class='ocrx_word' id='word_1_459' title='bbox 913 2912 1028 2941; x_wconf 88' lang='lat' dir='ltr'>mulier</span> <span class='ocrx_word' id='word_1_460' title='bbox 1051 2920 1078 2953; x_wconf 75' lang='grc' dir='ltr'>γ.</span> <span class='ocrx_word' id='word_1_461' title='bbox 1116 2910 1207 2940; x_wconf 81' lang='lat' dir='ltr'>decor</span> <span class='ocrx_word' id='word_1_462' title='bbox 1230 2910 1347 2939; x_wconf 75' lang='lat' dir='ltr'>natm-is</span> <span class='ocrx_word' id='word_1_463' title='bbox 1372 2908 1400 2938; x_wconf 82' lang='lat' dir='ltr'>d.</span> <span class='ocrx_word' id='word_1_464' title='bbox 1426 2913 1453 2938; x_wconf 81' lang='lat' dir='ltr'>et</span> <span class='ocrx_word' id='word_1_465' title='bbox 1476 2919 1503 2938; x_wconf 88' lang='grc' dir='ltr'>α.</span> <span class='ocrx_word' id='word_1_466' title='bbox 1531 2910 1570 2938; x_wconf 86' lang='lat' dir='ltr'>ad</span> <span class='ocrx_word' id='word_1_467' title='bbox 1595 2913 1767 2947; x_wconf 87' lang='lat' dir='ltr'>utrumque</span> <span class='ocrx_word' id='word_1_468' title='bbox 1791 2917 1906 2938; x_wconf 82' lang='lat' dir='ltr'>sexum</span> 
     </span>
     <span class='ocr_line' id='line_1_41' title="bbox 73 2965 1906 3007; baseline -0.002 -9"><span class='ocrx_word' id='word_1_469' title='bbox 73 2970 171 3000; x_wconf 84' lang='lat' dir='ltr'>etiam</span> <span class='ocrx_word' id='word_1_470' title='bbox 195 2970 305 3006; x_wconf 73' lang='lat' dir='ltr'>retulit</span> <span class='ocrx_word' id='word_1_471' title='bbox 330 2971 466 2999; x_wconf 80' lang='lat' dir='ltr'>naturis.</span> <span class='ocrx_word' id='word_1_472' title='bbox 493 2970 587 3000; x_wconf 85' lang='lat' dir='ltr'>docet</span> <span class='ocrx_word' id='word_1_473' title='bbox 613 2969 699 2999; x_wconf 87' lang='lat' dir='ltr'>enim</span> <span class='ocrx_word' id='word_1_474' title='bbox 725 2968 907 3007; x_wconf 85' lang='lat' dir='ltr'>quemadm.</span> <span class='ocrx_word' id='word_1_475' title='bbox 932 2978 957 2998; x_wconf 87' lang='lat' dir='ltr'>r.</span> <span class='ocrx_word' id='word_1_476' title='bbox 1005 2968 1129 3006; x_wconf 85' lang='lat' dir='ltr'>Vulgo:</span> <span class='ocrx_word' id='word_1_477' title='bbox 1156 2967 1256 2996; x_wconf 75' lang='lat' dir='ltr'>decor.</span> <span class='ocrx_word' id='word_1_478' title='bbox 1280 2970 1341 2996; x_wconf 74' lang='lat' dir='ltr'>nat.</span> <span class='ocrx_word' id='word_1_479' title='bbox 1368 2966 1495 2996; x_wconf 79' lang='lat' dir='ltr'>dandus.</span> <span class='ocrx_word' id='word_1_480' title='bbox 1543 2966 1595 2995; x_wconf 88' lang='lat' dir='ltr'>Ad</span> <span class='ocrx_word' id='word_1_481' title='bbox 1627 2970 1767 2996; x_wconf 85' lang='lat' dir='ltr'>aetatem</span> <span class='ocrx_word' id='word_1_482' title='bbox 1793 2965 1906 2996; x_wconf 80' lang='lat' dir='ltr'>retulit</span> 
     </span>
     <span class='ocr_line' id='line_1_42' title="bbox 73 3021 1906 3064; baseline -0.003 -8"><span class='ocrx_word' id='word_1_483' title='bbox 73 3027 211 3056; x_wconf 80' lang='lat' dir='ltr'>naturis.</span> <span class='ocrx_word' id='word_1_484' title='bbox 236 3027 329 3057; x_wconf 86' lang='lat' dir='ltr'>docet</span> <span class='ocrx_word' id='word_1_485' title='bbox 354 3027 440 3055; x_wconf 87' lang='lat' dir='ltr'>enim</span> <span class='ocrx_word' id='word_1_486' title='bbox 466 3026 648 3064; x_wconf 88' lang='lat' dir='ltr'>quemadm.</span> <span class='ocrx_word' id='word_1_487' title='bbox 675 3029 735 3056; x_wconf 87' lang='lat' dir='ltr'>etc.</span> <span class='ocrx_word' id='word_1_488' title='bbox 763 3024 941 3055; x_wconf 86' lang='lat' dir='ltr'>Manifeste</span> <span class='ocrx_word' id='word_1_489' title='bbox 965 3024 1054 3054; x_wconf 78' lang='lat' dir='ltr'>annis</span> <span class='ocrx_word' id='word_1_490' title='bbox 1079 3024 1119 3053; x_wconf 87' lang='lat' dir='ltr'>ad</span> <span class='ocrx_word' id='word_1_491' title='bbox 1144 3027 1285 3054; x_wconf 81' lang='lat' dir='ltr'>aetatem</span> <span class='ocrx_word' id='word_1_492' title='bbox 1311 3026 1445 3061; x_wconf 79' lang='lat' dir='ltr'>spectat,</span> <span class='ocrx_word' id='word_1_493' title='bbox 1471 3032 1535 3053; x_wconf 92' lang='lat' dir='ltr'>non</span> <span class='ocrx_word' id='word_1_494' title='bbox 1559 3022 1688 3053; x_wconf 74' lang='lat' dir='ltr'>naturis.</span> <span class='ocrx_word' id='word_1_495' title='bbox 1752 3021 1807 3061; x_wconf 78' lang='lat'>17)</span> <span class='ocrx_word' id='word_1_496' title='bbox 1833 3032 1906 3060; x_wconf 88' lang='lat' dir='ltr'>pos-</span> 
     </span>
     <span class='ocr_line' id='line_1_43' title="bbox 71 3079 1906 3126; baseline -0.003 -13"><span class='ocrx_word' id='word_1_497' title='bbox 71 3083 110 3114; x_wconf 77' lang='lat' dir='ltr'>sit</span> <span class='ocrx_word' id='word_1_498' title='bbox 131 3083 220 3126; x_wconf 53' lang='lat' dir='ltr'>yNX.</span> <span class='ocrx_word' id='word_1_499' title='bbox 269 3083 402 3113; x_wconf 85' lang='lat' dir='ltr'>Lemma</span> <span class='ocrx_word' id='word_1_500' title='bbox 427 3087 453 3112; x_wconf 77' lang='lat' dir='ltr'>et</span> <span class='ocrx_word' id='word_1_501' title='bbox 470 3093 504 3122; x_wconf 78' lang='lat' dir='ltr'>p.</span> <span class='ocrx_word' id='word_1_502' title='bbox 531 3087 610 3113; x_wconf 82' lang='lat' dir='ltr'>certo</span> <span class='ocrx_word' id='word_1_503' title='bbox 634 3082 758 3112; x_wconf 85' lang='lat' dir='ltr'>additis</span> <span class='ocrx_word' id='word_1_504' title='bbox 784 3081 892 3111; x_wconf 86' lang='lat' dir='ltr'>uerbis</span> <span class='ocrx_word' id='word_1_505' title='bbox 919 3081 1028 3122; x_wconf 68' lang='lat' dir='ltr'>Sigmat</span> <span class='ocrx_word' id='word_1_506' title='bbox 1049 3081 1127 3112; x_wconf 72' lang='lat' dir='ltr'>llum.</span> <span class='ocrx_word' id='word_1_507' title='bbox 1153 3081 1350 3118; x_wconf 80' lang='lat' dir='ltr'>amplificant</span> <span class='ocrx_word' id='word_1_508' title='bbox 1376 3079 1436 3109; x_wconf 88' lang='lat' dir='ltr'>NX</span> <span class='ocrx_word' id='word_1_509' title='bbox 1461 3080 1546 3110; x_wconf 86' lang='lat' dir='ltr'>Med.</span> <span class='ocrx_word' id='word_1_510' title='bbox 1575 3079 1633 3117; x_wconf 87' lang='lat' dir='ltr'>G‚r</span> <span class='ocrx_word' id='word_1_511' title='bbox 1671 3080 1747 3118; x_wconf 68' lang='lat' dir='ltr'>(hoe</span> <span class='ocrx_word' id='word_1_512' title='bbox 1772 3083 1822 3109; x_wconf 81' lang='lat' dir='ltr'>est</span> <span class='ocrx_word' id='word_1_513' title='bbox 1847 3080 1906 3108; x_wconf 85' lang='lat' dir='ltr'>im-</span> 
     </span>
     <span class='ocr_line' id='line_1_44' title="bbox 72 3136 1906 3182; baseline -0.004 -10"><span class='ocrx_word' id='word_1_514' title='bbox 72 3142 185 3180; x_wconf 83' lang='lat' dir='ltr'>primit</span> <span class='ocrx_word' id='word_1_515' title='bbox 210 3146 292 3173; x_wconf 88' lang='lat' dir='ltr'>uest.</span> <span class='ocrx_word' id='word_1_516' title='bbox 318 3143 384 3172; x_wconf 86' lang='lat' dir='ltr'>suis</span> <span class='ocrx_word' id='word_1_517' title='bbox 409 3141 442 3171; x_wconf 80' lang='lat' dir='ltr'>id</span> <span class='ocrx_word' id='word_1_518' title='bbox 464 3146 524 3171; x_wconf 78' lang='lat' dir='ltr'>est:</span> <span class='ocrx_word' id='word_1_519' title='bbox 550 3141 621 3180; x_wconf 89' lang='lat' dir='ltr'>qui)</span> <span class='ocrx_word' id='word_1_520' title='bbox 647 3150 718 3182; x_wconf 67' lang='lat' dir='ltr'>voa,</span> <span class='ocrx_word' id='word_1_521' title='bbox 746 3141 960 3179; x_wconf 85' lang='lat' dir='ltr'>incipientes:</span> <span class='ocrx_word' id='word_1_522' title='bbox 987 3140 1148 3178; x_wconf 87' lang='lat' dir='ltr'>Imprimit</span> <span class='ocrx_word' id='word_1_523' title='bbox 1174 3138 1225 3177; x_wconf 88' lang='lat' dir='ltr'>(ut</span> <span class='ocrx_word' id='word_1_524' title='bbox 1238 3138 1283 3177; x_wconf 80' lang='lat' dir='ltr'>N)</span> <span class='ocrx_word' id='word_1_525' title='bbox 1309 3142 1391 3167; x_wconf 85' lang='lat' dir='ltr'>uest.</span> <span class='ocrx_word' id='word_1_526' title='bbox 1418 3137 1496 3173; x_wconf 78' lang='lat' dir='ltr'>suis,</span> <span class='ocrx_word' id='word_1_527' title='bbox 1524 3138 1578 3176; x_wconf 87' lang='lat' dir='ltr'>qui</span> <span class='ocrx_word' id='word_1_528' title='bbox 1605 3140 1664 3167; x_wconf 88' lang='lat' dir='ltr'>etc.</span> <span class='ocrx_word' id='word_1_529' title='bbox 1714 3137 1772 3176; x_wconf 84' lang='lat'>21)</span> <span class='ocrx_word' id='word_1_530' title='bbox 1798 3136 1906 3166; x_wconf 76' lang='lat' dir='ltr'>laudat</span> 
     </span>
    </p>
   </div>
   <div class='ocr_carea' id='block_1_9' title="bbox 1926 913 1966 944">
    <p class='ocr_par' dir='ltr' id='par_1_12' title="bbox 1926 913 1966 944">
     <span class='ocr_line' id='line_1_45' title="bbox 1926 913 1966 944; baseline 0 0"><span class='ocrx_word' id='word_1_531' title='bbox 1926 913 1966 944; x_wconf 85' lang='grc'>10</span> 
     </span>
    </p>
   </div>
   <div class='ocr_carea' id='block_1_10' title="bbox 1925 1282 1964 1312">
    <p class='ocr_par' dir='ltr' id='par_1_13' title="bbox 1925 1282 1964 1312">
     <span class='ocr_line' id='line_1_46' title="bbox 1925 1282 1964 1312; baseline 0 0"><span class='ocrx_word' id='word_1_532' title='bbox 1925 1282 1964 1312; x_wconf 83' lang='grc'>15</span> 
     </span>
    </p>
   </div>
  </div>
 </body>
</html>
