2148 3412
118 990 158 1020 10

118 1356 156 1386 15

176 190 256 228 214
812 195 916 227 ΑΘΗ.
942 194 1001 225 ET
1029 193 1195 238 romfffl.
1223 192 1374 224 comm.

290 323 354 363 64.
392 322 530 362 l'lrum
574 319 821 360 imitabitur?
895 318 1038 359 Utrum
1083 331 1159 371 pro
1205 330 1453 372 quemquam,
1498 315 1577 355 hoc
1622 322 1700 355 est:
1748 311 2006 353 Auidienum

177 396 390 436 sordidum
442 409 495 433 an
547 391 790 434 Gallonium
843 404 1115 445 praeconem,
1167 389 1285 429 cuius
1335 388 1555 442 acipenser
1605 387 1804 427 infamem
1853 387 2008 426 fecerat

177 468 392 509 mensam?

293 545 383 581 Hac.
420 555 456 580 u.
489 540 513 579 l.
544 538 580 579 h.
616 555 645 578 τ’.
679 540 797 592 ιιφιῃίί.
857 535 1137 578 Prouerbium
1169 542 1252 584 est3
1300 549 1396 574 nam
1435 533 1506 574 ubi
1545 533 1652 574 duae
1698 547 1764 573 res
1808 532 2008 574 molestae

178 623 283 664 sunt,
317 613 516 654 dicimus:
565 612 640 653 hac
672 613 796 658 ccmz's,
835 611 908 651 hac
939 611 1057 666 lupus
1091 618 1213 663 urqet.
1278 608 1433 663 Lupum
1465 621 1567 661 ergo
1597 606 1858 647 luxuriosum
1890 605 2008 656 dixit,

179 703 316 729 canem
348 686 476 727 uitam
510 685 736 726 sordidam.

290 768 416 814 uryet.
476 758 525 799 Id
548 766 625 799 est:
659 757 759 811 quid
796 756 920 798 faciat
954 756 1046 811 quis
1076 755 1185 796 inter
1216 753 1423 795 luxuriam
1457 752 1764 807 auaritiamque
1795 752 2009 794 distentus.

179 832 522 875 Prouerbialiter.

294 909 426 962 lupus.
460 905 672 960 Prodigus
703 904 880 945 luxuria.

299 982 421 1022 canis.
482 979 677 1020 Perditus
708 977 898 1018 auaritia.

294 1055 357 1095 65.
391 1054 572 1095 Mundus
602 1054 686 1093 erit.
746 1051 796 1091 Id
829 1059 909 1091 est:
944 1048 1145 1090 mundum
1178 1055 1375 1103 sequetur
1406 1047 1575 1096 uictum,
1609 1045 1679 1101 qui
1701 1060 1837 1100 neque
1859 1046 1902 1086 in
1924 1057 2011 1087 sor-

180 1128 322 1167 didam
353 1141 488 1181 neque
521 1126 563 1166 in
594 1125 853 1166 luxuriosam
883 1123 1012 1164 uitam
1045 1122 1097 1163 sit
1126 1121 1363 1163 inclinatus.
1425 1122 1506 1161 erit.
1567 1118 1652 1161 Pro
1683 1121 1742 1160 sit.

293 1215 384 1256 (μια.
443 1198 577 1240 Deest
608 1198 781 1239 ratione.
814 1197 866 1237 al.
899 1198 975 1252 qui.
1009 1196 1073 1250 (id
1104 1196 1197 1250 est.)
1232 1202 1435 1249 quatenus
1467 1208 1550 1235 non
1583 1192 1661 1233 erit
1693 1192 1899 1234 sordidus.

294 1274 358 1315 65.
392 1274 457 1314 66.
492 1281 606 1327 atque
638 1272 686 1312 ln
709 1280 840 1312 neutr.
860 1285 927 1326 pa.
992 1268 1060 1325 [Id
1092 1276 1171 1309 est:
1204 1268 1266 1325 in]
1300 1267 1383 1309 Vel
1413 1266 1671 1308 luxuriosam
1701 1266 1769 1307 uel
1801 1266 2014 1308 sordidam

186 1347 336 1403 [uitam
367 1345 548 1401 sentiet]
612 1344 773 1385 Sentiet
807 1342 920 1399 [Ait]
954 1342 1078 1391 enim,
1112 1356 1206 1382 eum
1238 1356 1370 1395 aeque
1404 1340 1536 1397 [eum]
1569 1339 1768 1381 miserum
1801 1354 1890 1382 esse
1921 1340 1947 1380 i.
1979 1355 2011 1382 e.

179 1420 364 1469 anxium,
399 1418 476 1475 [et]
510 1418 582 1472 qui
604 1417 807 1458 derelietu
830 1416 957 1457 uestis
979 1422 1235 1470 torqueatur,
1270 1414 1347 1470 [et]
1383 1429 1509 1468 quam
1540 1428 1649 1463 eum,
1682 1413 1753 1468 qui
1785 1421 2012 1455 extremam

179 1494 470 1536 necessitatem
502 1492 689 1534 sordium
721 1491 891 1546 patitur,

295 1569 438 1609 cultus.
503 1564 757 1623 [Ornatus3]
794 1564 1005 1620 genitiuus
1039 1572 1112 1604 est.

293 1642 366 1682 1ηέ.
426 1639 514 1681 Aut
546 1639 622 1680 iste
653 1638 801 1687 uictus,
834 1645 905 1678 aut
935 1636 1006 1691 qui
1038 1636 1224 1690 sequitur
1255 1635 1516 1677 moderatum
1547 1634 1717 1675 uictum.

297 1716 361 1755 67.
394 1713 541 1755 Albuci
569 1715 670 1754 sem's
702 1712 892 1767 eoeemplo.
954 1710 1147 1752 Albucius
1178 1709 1350 1764 quidam
1383 1722 1509 1749 senex
1549 1707 1801 1757 luxuriosus,
1846 1706 2014 1760 quando

181 1788 373 1829 mittebat
405 1802 548 1828 seruos
581 1801 676 1827 suos
700 1786 759 1838 ,ad
793 1784 968 1827 obsonia
1001 1783 1285 1839 conparanda,
1331 1790 1507 1823 mortem
1540 1782 1600 1822 eis
1635 1780 1887 1830 minabatur,
1933 1779 2014 1820 nisi

180 1877 256 1916 pro
278 1861 491 1901 uoluntate
514 1860 603 1901 eius
636 1866 947 1914 conparassent.
1008 1856 1179 1898 Alias:
1215 1857 1421 1904 Albucius,
1455 1870 1548 1896 cum
1581 1855 1888 1904 conuiuaretur,
1929 1868 2014 1895 ser-

179 1935 244 1976 uis
275 1935 360 1976 suis
390 1934 528 1975 officia
559 1932 839 1974 distribuebat
869 1940 921 1981 et,
954 1938 1177 1985 antequam
1211 1929 1364 1983 aliquis
1394 1944 1538 1970 eorum
1575 1936 1781 1982 peccaret,
1814 1927 2015 1969 caedebat

181 2023 251 2049 eos
282 2008 438 2057 dicens,
473 2007 608 2047 uereri
640 2021 696 2055 se,
733 2020 798 2056 ne,
832 2020 923 2046 cum
958 2011 1194 2058 peccarent,
1241 2003 1416 2044 caedere
1448 2001 1510 2042 illi
1541 2010 1686 2056 postea
1717 2017 1800 2042 non
1831 2007 2013 2042 uacaret.

183 2081 302 2136 Ergo
333 2096 416 2122 non
448 2080 526 2121 erit
556 2080 625 2120 hic
657 2079 805 2120 similis
835 2078 1031 2119 Albucio.

297 2156 391 2196 dum
425 2155 560 2195 mimia
594 2154 704 2194 didit.
765 2151 879 2193 Dum
912 2151 1050 2193 officia-
1082 2149 1307 2192 distribuit.

300 2395 330 2432 1)
358 2395 418 2424 hoc
444 2398 491 2423 est
517 2403 542 2435 γ.
569 2394 639 2423 rell.
666 2403 726 2422 om.
778 2394 811 2431 2)
839 2393 998 2430 gallouum
1022 2400 1048 2431 γ.
1072 2408 1107 2410 -
1128 2391 1214 2419 cuius
1238 2399 1264 2431 γ.
1291 2390 1360 2419 rell.
1388 2389 1444 2418 cui.
1472 2390 1650 2427 accipenser
1674 2400 1700 2431 γ.
1750 2390 1785 2429 4)
1811 2390 1877 2419 Hac
1895 2398 2014 2418 —sor-

183 2451 285 2480 didam
309 2461 334 2491 γ.
361 2451 430 2480 rell.
459 2461 518 2480 om.
570 2452 602 2488 7)
628 2454 715 2489 uryet
740 2467 779 2469 ἡκ
806 2448 1054 2478 Prouerbialiter
1078 2457 1105 2488 γ.
1132 2447 1201 2476 rell.
1221 2457 1280 2476 om.
1331 2446 1365 2484 9)
1390 2455 1407 2487 γ
1433 2446 1564 2483 iusuper
1589 2446 1686 2475 habet
1712 2446 1891 2484 glossulas:
1918 2445 2013 2484 lupus.

182 2508 326 2537 luxuria.
395 2507 449 2544 10)
475 2507 568 2536 ermis.
596 2506 746 2535 auaritia.
799 2505 854 2543 11)
880 2504 1014 2533 Mondus
1039 2503 1134 2532 Fran.
1162 2521 1200 2524 Q
1229 2508 1378 2541 sequetur
1409 2512 1434 2543 γ.
1461 2502 1604 2541 sequitur
1635 2500 1867 2541 mvafh(G‘?)Q.
1895 2502 2015 2532 scholia

182 2573 269 2602 seqq.
296 2573 394 2602 usque
420 2564 460 2593 ad
480 2574 509 2592 u.
539 2564 578 2592 68
605 2573 664 2592 om.
691 2571 775 2591 mva.
828 2562 884 2599 12)
909 2560 975 2589 erit.
1002 2570 1058 2597 pro
1085 2561 1127 2589 sit
1153 2569 1178 2600 γ.
1206 2561 1274 2589 rell.
1299 2569 1358 2589 om.
1426 2560 1481 2599 13)
1506 2569 1565 2598 qua
1588 2569 1604 2600 'l'
1632 2558 1782 2597 (Pottier.
1808 2563 1904 2589 tacet.
1931 2558 2014 2588 conf.

183 2621 298 2659 Orell.)
325 2622 438 2651 Ambr.
466 2621 567 2650 Deest
593 2630 620 2661 γ.
648 2619 716 2648 rell.
743 2618 776 2647 id
793 2622 852 2648 est.
879 2618 919 2647 al.
944 2616 995 2655 qui
1019 2626 1044 2658 γ.
1072 2617 1142 2645 rell.
1171 2627 1231 2646 om.
1261 2634 1299 2637 Η
1327 2616 1359 2645 id
1385 2620 1433 2645 est
1458 2625 1516 2645 om.
1543 2626 1569 2658 γ.
1623 2616 1677 2654 14)
1704 2615 1742 2644 Id
1767 2621 1816 2645 est
1842 2617 1875 2645 in
1901 2625 1961 2646 om.
1986 2624 2013 2656 γ.

182 2678 232 2706 uel
259 2678 326 2706 lux.
353 2688 379 2719 γ.
405 2678 474 2706 rell.
503 2687 561 2706 om.
589 2677 650 2705 uel.
718 2676 772 2714 15)
799 2675 901 2704 uitam
928 2674 1047 2702 sentiet
1072 2683 1132 2702 om.
1157 2683 1183 2714 γ.
1211 2673 1242 2702 h.
1270 2673 1290 2701 l.
1319 2691 1358 2693 ——
1387 2672 1514 2702 Sentiet
1541 2673 1625 2702 enim
1658 2681 1728 2702 eum
1760 2682 1860 2711 aeque
1891 2673 1961 2702 mis.
1987 2680 2013 2712 γ.

182 2735 249 2763 rell.
276 2734 332 2763 Ait
358 2743 457 2772 aeque
485 2743 556 2763 eum
581 2733 745 2762 miserum.
814 2730 869 2768 16)
898 2730 1031 2759 anxium
1058 2730 1113 2767 qui
1138 2739 1164 2771 γ.
1193 2730 1260 2758 rell.
1287 2729 1420 2758 anxium
1446 2733 1475 2758 et
1497 2730 1561 2767 qui.
1593 2747 1628 2749 ——
1654 2729 1694 2758 de
1718 2728 1832 2758 delicto
1856 2738 1883 2769 γ.
1915 2728 2012 2765 Vulg.

182 2791 278 2819 lectio
305 2790 405 2828 (th)
431 2800 507 2819 sano
535 2794 619 2819 caret
645 2798 749 2817 sensu.
775 2787 867 2825 posui
902 2786 1110 2815 derelicta:
1127 2786 1335 2815 derelictione
1368 2787 1387 2815 i.
1415 2796 1440 2815 e.
1467 2786 1626 2823 neglectu.
1659 2786 1740 2815 conf.
1773 2784 1855 2814 Gell.
1881 2784 1935 2821 IV,
1965 2785 2013 2812 12.

182 2848 246 2876 (lic.
275 2847 335 2877 off.
362 2847 417 2883 lII⁷
447 2849 474 2875 fi.
501 2847 583 2876 Plin.
611 2846 680 2883 VII⁷
709 2847 758 2874 51.
799 2862 837 2865 α
875 2847 1041 2881 torquatur
1065 2852 1152 2880 quam
1177 2852 1241 2871 eum
1266 2844 1320 2880 qui
1346 2852 1371 2884 ‘n'-
1397 2843 1467 2872 rell.
1495 2846 1682 2880 torqueatur
1706 2846 1732 2870 et
1755 2842 1820 2879 qui.
1873 2841 1926 2879 18)
1954 2839 2014 2870 Or-

183 2908 278 2932 natus
306 2914 364 2932 om.
391 2913 417 2944 γ.
474 2905 531 2940 20)
558 2902 668 2932 Albuti
691 2920 733 2922 -ψ
758 2900 905 2929 Albutius
931 2899 1034 2934 thQ.
1062 2899 1179 2928 Albuci
1203 2917 1243 2919 „.
1270 2899 1422 2929 Albucius
1446 2909 1473 2941 γ,
1500 2902 1535 2927 ut
1561 2898 1809 2941 EBQDFHJIM
1833 2896 1880 2927 St.
1908 2897 2012 2926 Germ.

182 2961 291 2988 Ambr.
319 2960 434 2988 llernn.
465 2959 549 2989 ΛΗΘ
579 2959 724 2998 (albuch)
753 2962 811 2987 ete.
838 2967 939 2986 senex
966 2966 992 2997 γ.
1018 2960 1114 2985 recte.
1143 2957 1210 2985 rell.
1236 2966 1294 2985 om.
1359 2955 1417 2993 22)
1445 2955 1567 2984 albutus
1590 2964 1617 2995 γ.
1683 2955 1741 2992 23)
1770 2954 1856 2984 offici
1878 2963 1904 2995 γ.
1953 2953 2010 2990 25)

184 3017 297 3045 similis
323 3017 427 3045 albuci
451 3027 476 3057 γ.
528 3035 542 3036 ⁷⁷
571 3015 686 3044 Albuci
709 3025 734 3056 γ.
763 3015 831 3044 rell.
862 3014 1003 3043 Albutio.
1029 3013 1097 3054 Btp:
1125 3013 1228 3041 albuci.
1267 3013 1332 3041 Iste
1364 3012 1500 3041 albutius
1526 3011 1588 3050 (sic
1622 3011 1652 3039 in
1687 3011 1802 3049 schol.)
1834 3019 1950 3039 auarus
1982 3013 2013 3038 et

183 3075 311 3109 elegans·
338 3074 555 3101 ‹·01i11iui‹›1·mn
584 3077 753 3111 upl‘nuutor
778 3072 839 3101 fuit
867 3071 922 3100 scd
949 3080 1011 3100 non
1037 3070 1161 3099 hilaris.
1189 3075 1285 3108 atquc
1312 3070 1431 3098 circum
1458 3077 1565 3098 seruos
1597 3068 1671 3096 dum
1697 3067 1742 3095 eis
1768 3068 1890 3096 uictum
1917 3067 2014 3095 (labat

182 3131 370 3160 senissimus
397 3134 473 3159 erat.
501 3130 554 3168 qui
581 3130 619 3158 ob
645 3129 858 3167 cupiditatem
875 3128 1006 3158 nimiam
1034 3126 1171 3156 habendi
1198 3125 1311 3155 ‹lior-em
1337 3125 1512 3164 (ditiorem)
1538 3133 1670 3154 uxorem
1696 3133 1785 3153 suam
1811 3132 1934 3153 ueneno
1958 3131 2012 3152 ne·

182 3188 277 3218 cauit.
304 3187 425 3217 Neuius
452 3190 558 3216 autem
586 3191 644 3217 etc.
679 3187 761 3216 conf.
797 3186 914 3225 Porph.
