2148 3412
139 922 181 953 10

139 1289 179 1320 15

207 122 288 162 470*
834 132 936 165 Acii.
963 133 1023 165 ET
1049 131 1215 165 PORPH.
1242 132 1390 166 COMM.

321 256 386 297 60.
418 255 569 296 Curas:
599 255 800 297 interdum
818 257 998 311 nuqaris.
1060 255 1192 298 Deest
1223 265 1376 299 tamen:
1411 270 1513 312 ergo
1544 247 1794 310 aliquotiens
1824 257 2022 312 proprius

207 327 530 370 dissimulandus
574 334 634 370 est
677 328 811 379 ludus,
856 336 898 370 ut
944 329 1078 371 amico
1123 329 1308 379 satisfiat,
1355 344 1406 370 nc
1451 329 1540 371 sine
1585 329 1851 371 excusatione
1896 329 2020 372 absis.

208 400 428 452 Quamuis,
458 400 606 455 inquit,
637 402 802 457 sapiens
833 403 888 444 sis
920 410 960 443 et
989 403 1129 444 omnia
1159 403 1213 443 ad
1243 417 1477 453 numerum,
1509 402 1553 443 id
1583 408 1656 452 est,
1688 402 1741 443 ad
1773 402 2022 456 sapientiam

205 474 387 530 redigas,
419 474 503 516 noli
535 488 729 517 excusare
758 483 810 525 te,
842 476 954 530 quod
984 490 1067 516 non
1098 475 1219 517 ludas
1241 490 1334 517 cum
1356 475 1492 517 amico
1532 482 1615 525 tuo,
1651 475 1896 526 praesertim
1927 490 2021 518 cum

206 546 316 589 ludis
347 546 578 589 delecteris.

319 621 383 662 60.
417 621 482 661 61.
513 623 679 676 nuqare's
710 637 807 664 rure
832 631 1014 679 paterno.
1048 623 1237 664 Partitur
1268 622 1350 663 lint.
1382 635 1512 664 emere.
1591 622 1771 664 Sensus:
1819 620 2023 675 Quamuis

204 693 265 734 nil
295 701 412 734 extra
442 695 644 736 rationem
674 695 816 745 facias,
853 703 991 736 tamen
1023 694 1211 737 decurris
1241 695 1451 736 interdum
1483 695 1535 736 ad
1565 695 1686 737 ludos
1716 702 1757 737 et
1785 695 1829 736 in
1849 701 2024 751 paterna

205 766 307 808 uilla
336 767 532 809 naualem
563 783 761 825 pugnarn,
794 784 919 823 quam
950 767 1169 824 Augustus
1200 783 1294 810 cum
1325 767 1513 810 Antonio
1544 768 1686 824 gessit,
1721 768 1931 816 imitaris„

320 840 455 897 [Actia
484 856 632 896 puqna.
693 840 814 894 Quae
844 842 919 883 fuit
952 842 1059 882 inter
1083 840 1309 883 Caesarem
1341 848 1379 881 et
1401 840 1634 883 Antonium
1665 841 1778 896 apud
1799 840 2023 884 Actiacum

208 914 573 972 promontorium]

322 986 407 1043 [63.
439 988 610 1029 Hadria.
671 987 806 1038 Mare,
839 988 881 1028 in
914 1003 996 1043 quo
1026 988 1275 1044 pugnabant
1308 985 1468 1029 Caesar
1498 994 1537 1029 et
1568 987 1812 1045 Antonius]

319 1061 498 1101 61-—ss4.
531 1062 679 1103 lintres.
712 1060 863 1103 Naues.
925 1064 1136 1103 exereitus.
1168 1059 1314 1113 Quasi.

322 1135 375 1175 Te
406 1134 504 1175 duce
528 1150 569 1190 p.
596 1149 667 1190 pu.
699 1135 797 1176 host.
830 1149 949 1177 more.
1023 1134 1094 1175 Ad
1139 1133 1361 1175 Actiacam
1407 1135 1664 1190 (pugnamP)
1708 1133 1936 1189 respondit,
1981 1140 2025 1175 ut

207 1207 325 1249 Maro
356 1205 430 1262 (A.
462 1206 515 1257 V,
539 1208 660 1263 596):
700 1208 821 1249 Hunc
851 1223 998 1249 morem
1032 1222 1176 1249 omnus
1208 1217 1321 1263 alque
1349 1207 1446 1249 llaec
1478 1209 1697 1249 certamina
1728 1214 1803 1250 eto.
1862 1206 2024 1249 Aduer-

206 1281 351 1322 sare'us.
382 1279 591 1335 Pingitur.
653 1282 917 1323 Alterutrum.
963 1281 1107 1322 Unum
1139 1295 1160 1321 e
1192 1280 1367 1322 duobus.
1429 1282 1616 1322 Partitur
1647 1287 1721 1322 etc.
1790 1279 1922 1322 Modo
1953 1294 2025 1322 ex-

203 1353 335 1408 ponit,
380 1353 588 1408 quomodo
618 1353 800 1404 ludebat,
848 1355 946 1395 (lum
977 1354 1087 1395 ludis
1117 1354 1240 1407 quasi
1273 1368 1476 1409 pugnam,
1522 1368 1630 1407 quae
1659 1353 1737 1394 fuit
1774 1353 1884 1394 inter
1914 1351 2024 1395 Cae-

205 1441 339 1468 sarem
388 1434 427 1468 et
456 1426 701 1477 Antonium,
747 1436 784 1469 te
818 1425 1045 1469 Caesarem
1091 1427 1206 1476 facis,
1252 1427 1379 1467 frater
1421 1434 1515 1468 tuus
1545 1425 1779 1468 Antonium
1824 1441 1867 1469 se
1911 1425 2024 1477 facit,

204 1500 324 1555 quasi
355 1501 620 1542 aduersarius
650 1508 757 1542 tuus.
834 1499 881 1541 Si
914 1516 1015 1556 ergo
1046 1501 1125 1542 hoc
1155 1500 1272 1546 facis.
1319 1499 1404 1541 noli
1436 1507 1474 1541 te
1505 1514 1719 1550 excusare,
1765 1514 1859 1541 cum
1890 1499 2025 1542 amico

203 1573 360 1616 ludere.

319 1648 383 1689 65.
419 1648 644 1690 Consenlv're
675 1650 758 1690 sals
788 1649 929 1689 studiis
960 1650 1028 1704 qm
1061 1648 1166 1688 cred.
1207 1656 1252 1688 le.
1332 1645 1431 1702 [Ut]
1472 1660 1615 1688 eorum
1652 1646 1826 1702 obsequi
1863 1645 2024 1697 studiis,

204 1720 247 1762 id
278 1729 352 1771 est,
382 1720 677 1762 uoluntatibus.
739 1721 961 1762 crediderit.
993 1719 1171 1762 Amicus
1201 1718 1388 1774 quilibet.

317 1795 382 1835 66.
419 1796 580 1837 Fautor.
639 1793 859 1836 Efficietur
889 1804 995 1836 tuus.

316 1877 483 1924 utroque
514 1877 537 1909 t.
575 1869 600 1909 l.
630 1869 777 1924 pollice
808 1869 832 1909 I.
893 1866 1206 1923 Συνεκόοχικῶς
1236 1881 1360 1908 manu
1393 1875 1561 1923 utraque
1592 1866 1756 1909 sublata
1785 1867 2025 1922 pariterque

204 1940 370 1996 saepius
401 1949 523 1983 mota.
583 1941 679 1983 Hoc
710 1941 820 1982 enim
852 1955 985 1996 genus
1015 1940 1139 1983 ualde
1169 1939 1429 1982 laudantium
1459 1948 1531 1981 est.

345 2114 375 2151 l)
403 2113 499 2142 Deest
528 2131 567 2134 r-
594 2114 681 2143 absis
707 2114 755 2155 γὶ).
784 2114 852 2142 rell.
879 2123 939 2142 om.
970 2114 1117 2151 propt-ius
1145 2113 1174 2141 b.
1210 2112 1476 2142 dissimulandum
1499 2122 1525 2154 γ.
1591 2112 1625 2151 3)
1653 2112 1819 2149 Quamuis.
1850 2130 1892 2134 »-
1918 2114 2025 2143 omnia

204 2170 368 2200 moderate
397 2170 623 2208 sapienterque
647 2170 758 2206 faciam,
795 2173 904 2199 tamen
930 2169 1104 2208 aliquoties
1130 2168 1223 2198 ludus
1249 2169 1395 2206 proprius
1425 2168 1620 2198 simulandus
1650 2174 1709 2206 est,
1746 2173 1783 2199 ut.
1806 2186 1849 2190 —
1873 2169 1961 2199 absis
1986 2169 2022 2200 C.

204 2226 239 2264 4)
265 2235 335 2255 cum
360 2225 438 2255 ludis
464 2226 633 2256 delecteris
658 2227 688 2256 b.
715 2226 800 2255 ludis
827 2236 887 2256 om.
914 2225 1049 2261 veath.
1068 2225 1314 2263 —praesertim
1340 2235 1409 2255 cum
1436 2225 1554 2255 ludz‘bus
1579 2226 1748 2256 delectaris
1773 2225 1836 2269 Βφ.
1885 2226 1920 2265 6)
1945 2225 2024 2256 Sen-

203 2291 256 2311 sus
282 2299 324 2302 —
350 2282 487 2312 imitaris
512 2293 538 2324 γ.
589 2282 622 2322 7)
651 2284 696 2312 nil
722 2284 771 2324 Tb.
799 2283 868 2312 rell.
894 2283 986 2312 nihil.
1012 2299 1054 2303 -a
1079 2281 1218 2312 decurris
1234 2290 1260 2323 γ.
1286 2282 1423 2311 recurris
1450 2283 1479 2311 b.
1507 2282 1573 2312 rell.
1599 2282 1744 2312 decurras
1768 2282 1884 2312 interd.
1910 2283 1951 2312 ad
1976 2283 2024 2312 lu-

203 2338 279 2368 dum
305 2342 338 2368 et
363 2339 395 2368 in
420 2343 584 2376 paternam
608 2340 727 2369 uillam.
753 2340 807 2381 Tb:
834 2343 865 2368 et
890 2340 923 2368 in
941 2343 1074 2377 paterna
1091 2339 1170 2368 uilla
1188 2339 1335 2368 naualem
1352 2356 1387 2360 —-
1405 2339 1548 2368 imitaris.
1576 2339 1645 2368 rell.
1661 2339 1793 2369 -habent
1811 2349 1883 2369 nou.
1910 2339 2024 2369 lemma

203 2395 255 2424 61.
282 2394 421 2424 Partitur
445 2394 556 2424 lintres.
595 2396 748 2425 Naualem
776 2413 814 2416 μ
843 2396 976 2425 imitare.
1026 2395 1060 2434 9)
1089 2395 1183 2425 Actia
1211 2412 1247 2416 -
1276 2396 1528 2433 promontorium
1553 2404 1612 2425 oni.
1638 2395 1741 2439 γῦΒφ.
1771 2394 1856 2425 conf.
1883 2395 1917 2425 C.
1967 2394 2023 2434 11)

203 2450 326 2480 Hadria
351 2469 392 2472 *—
418 2451 581 2482 Antonius
611 2462 670 2482 om.
703 2453 751 2494 «(1).
790 2452 877 2481 Mare
910 2452 1120 2482 Hadriaticum
1149 2469 1185 2473 —-
1211 2453 1374 2483 Antonius
1406 2452 1441 2482 C.
1509 2452 1564 2490 12)
1589 2452 1697 2482 Naues
1722 2451 1842 2495 γΒερ,Ο.
1867 2452 1936 2482 rell.
1963 2461 2022 2481 om.

203 2508 301 2543 Quasi
326 2517 352 2549 γ.
379 2509 448 2538 rell.
475 2518 536 2538 om.
563 2509 721 2538 acm-citas.
748 2509 922 2539 Puerorum
950 2509 1051 2552 Bcpssl.
1104 2509 1159 2548 13)
1186 2509 1237 2538 Ad
1254 2509 1327 2539 Act.
1353 2519 1434 2547 resp.
1452 2527 1462 2529 -
1482 2528 1489 2529 ff
1510 2513 1595 2548 atque
1618 2518 1644 2551 γ.
1664 2509 1733 2538 rell.
1753 2518 1815 2538 om.
1865 2509 1921 2548 15)
1945 2508 2022 2538 Fin-

202 2566 290 2603 gitur
314 2575 340 2606 γ.
367 2564 449 2596 conf.
476 2565 543 2608 Βφε
570 2567 590 2595 i.
618 2566 713 2603 fingis
740 2570 781 2601 te,
808 2566 891 2604 quod
910 2567 953 2596 sit
970 2567 1029 2596 tibi
1048 2567 1265 2597 aduersarius.
1291 2567 1359 2596 rell.
1386 2576 1447 2596 om.
1463 2583 1502 2586 -—
1521 2565 1629 2595 Unum
1656 2574 1671 2594 e
1696 2565 1747 2594 du.
1772 2565 1854 2608 γΒφ.
1874 2565 1942 2594 rell.
1960 2574 2020 2595 om.

204 2638 242 2642 ---
269 2621 365 2651 Modo
390 2639 431 2642 -—
457 2622 568 2651 ludere
594 2624 622 2651 b.
650 2623 719 2652 rell.
747 2632 807 2652 om.
839 2622 920 2652 conf.
946 2622 1013 2665 Βφε
1041 2622 1148 2653 ‘Modo
1173 2640 1213 2644 —-
1241 2623 1381 2652 ludebat.
1408 2622 1536 2660 Pergit:
1575 2622 1695 2651 dudum
1731 2622 1872 2660 partitur
1906 2622 2021 2651 lintres

202 2680 372 2708 exercitus.
401 2677 634 2709 Commemorat
661 2688 717 2717 per
741 2680 913 2709 transitum
940 2680 1077 2718 qualiter
1101 2680 1252 2710 antonius
1278 2689 1347 2709 cum
1361 2678 1481 2709 Cesare
1506 2679 1592 2717 apud
1609 2679 1729 2709 actium
1747 2678 2022 2716 promuneturium

204 2735 288 2764 inter
312 2744 345 2764 se
371 2735 604 2765 dimicauerunt
631 2736 739 2765 nauali
767 2737 887 2774 praelio
914 2737 945 2766 in
970 2737 1150 2767 hadriatico
1175 2737 1264 2766 mari.
1302 2737 1382 2765 dicit
1408 2736 1494 2766 enim
1518 2729 1662 2766 horatius
1688 2734 1778 2765 lollio
1804 2735 1836 2764 id
1859 2735 1963 2773 ipsum
1988 2735 2022 2764 in
2075 2726 2078 2773 ,¹

203 2791 339 2829 quodam
364 2792 434 2821 lacu
458 2792 534 2821 ludo
560 2802 722 2823 exercere.
751 2803 821 2823 cuin
846 2792 944 2822 fratre
970 2797 999 2822 et
1028 2793 1196 2823 nauiculis.
1236 2797 1267 2822 et
1292 2792 1415 2823 tamdiu
1440 2793 1472 2821 in
1498 2793 1567 2830 ipso
1592 2792 1666 2821 ludo
1702 2796 1823 2821 certare
1858 2801 1930 2821 cum
1965 2799 2021 2820 suo

202 2846 310 2876 fratre.
337 2847 437 2877 donec
462 2857 559 2878 unum
587 2858 602 2878 e
628 2849 751 2879 duobus
778 2850 915 2879 uictoria
941 2859 995 2887 per
1021 2850 1129 2879 ludum
1155 2853 1330 2879 coronaret.
1368 2849 1411 2878 Et
1437 2852 1485 2878 est
1511 2857 1640 2878 sensus:
1677 2848 1762 2877 Dum
1786 2848 1879 2884 ludis,
1904 2848 2021 2886 inquit,

202 2912 220 2932 o
244 2902 339 2939 Lolli,
378 2906 469 2942 quasi
494 2914 632 2944 pugnam
662 2923 698 2926 -—
727 2907 827 2935 frater
850 2914 922 2935 uero
947 2911 1019 2936 tuus
1046 2924 1085 2927 m
1112 2907 1170 2936 hoc
1194 2906 1268 2946 assis,
1298 2906 1362 2936 noli
1389 2910 1419 2935 te
1445 2915 1515 2935 exc.
1542 2915 1567 2934 c.
1593 2914 1654 2934 am.
1680 2904 1810 2936 ludere.'
1861 2904 1916 2943 18)
1941 2903 2021 2934 facis
2073 2910 2076 2920 '

203 2960 233 2988 b.
260 2961 330 2998 agis
356 2960 418 3003 Βφ.
444 2962 509 2991 noli
536 2972 606 2992 exc.
631 2963 662 2992 b.
689 2963 755 2993 noli
783 2968 806 2992 te
831 2972 900 2992 exc.
927 2963 987 3006 Βφ.
1053 2963 1109 3002 20)
1135 2968 1167 2993 ut
1191 2972 1298 2993 eorum
1324 2980 1363 2983 ——
1390 2963 1514 2992 uolunt.
1539 2971 1565 3004 γ.
1592 2961 1660 2991 rell.
1679 2970 1738 2991 om.
1763 2960 1847 2991 conf.
1873 2959 1916 2990 C:
1954 2961 2021 2991 ‘ob-

204 3017 306 3054 sequi,
344 3021 374 3046 nt
398 3027 503 3048 eorum
528 3019 658 3057 obsequi
685 3020 813 3057 studiis,
850 3020 1003 3049 aduersus
1030 3020 1172 3050 nemini.’
1238 3020 1295 3059 21)
1321 3019 1392 3048 Am.
1422 3019 1558 3057 quilibet
1581 3027 1607 3059 γ.
1672 3017 1729 3057 22)
1754 3016 1923 3047 Efficietur
1945 3020 2020 3047 tuus
2072 3011 2075 3026 ’

202 3072 281 3114 γΒφ.
308 3073 376 3102 rell.
402 3083 461 3103 om.
511 3075 568 3114 23)
593 3076 738 3114 Utroque
761 3078 878 3115 pollice
902 3073 1021 3108 συνεκὸ.
1048 3076 1182 3113 vcath.
1213 3095 1244 3098 υ
1277 3077 1358 3106 subl.
1385 3076 1568 3114 pariterque
1592 3073 1656 3117 ⁴5,C.
1682 3092 1723 3095 -—
1750 3074 1844 3104 ualde
1867 3072 1923 3116 7‚C
1950 3073 2020 3113 (ge-
2071 3078 2073 3096 '¹

203 3138 260 3158 nus
286 3133 335 3158 est
358 3130 421 3159 ual.
448 3130 561 3171 laud).
588 3133 656 3162 rell.
681 3133 793 3163 ualz‘de.

2081 2226 2085 2340 f

2080 2389 2083 2423 Ι

2078 2447 2082 2552 l
2134 2466 2148 2534 -ῒ

2076 2579 2081 2660 a
2133 2586 2148 2648 21

2074 2785 2077 2846 ι

2071 2925 2097 3008 3.

2071 3101 2073 3151 Ι

2067 3368 2069 3412 l
