2148 3412
186 138 265 179 536
817 143 922 176 ACR.
948 143 1009 175 ET
1036 141 1202 175 PORPH.
1228 142 1376 175 COMM.

299 270 389 311 143.
427 269 629 310 Tellurem
656 282 791 323 porco.
851 266 937 307 Pro
962 281 1109 323 porca.
1148 273 1194 307 ut
1226 280 1247 307 c
1279 265 1488 308 contrario
1539 265 1734 320 Verqilz'us
1779 263 1853 317 (A.
1884 261 2007 313 VIII,

185 344 306 397 (341):
341 352 375 383 et
407 357 521 383 caesa
552 342 768 395 1'unqebnnl
797 341 962 394 foedera
990 355 1123 396 porca.

296 417 388 456 144.
428 416 608 456 Floribus
639 423 675 455 et
704 415 797 455 nino
827 415 998 469 qenz'wn.
1059 412 1189 453 Recte
1220 411 1377 452 dictum
1409 418 1482 461 cst,
1524 411 1635 465 quia,
1684 410 1755 465 qui
1786 410 2007 466 indulgent

181 488 305 543 genio
337 503 424 536 suo,
455 502 660 528 memores
693 493 799 536 sunt,
832 486 961 527 uitam
992 486 1218 527 humanam
1249 500 1333 525 non
1363 499 1453 526 esse
1484 484 1737 525 diuturnam.

115 574 132 602 5
297 562 388 602 145.
422 562 680 602 Fescennina.
739 559 823 601 Per
854 560 976 610 hunc,
1008 559 1156 613 inquit,
1188 572 1348 600 morem
1368 564 1556 599 ueterum
1579 557 1861 613 agricolarum
1883 557 2008 598 etiam

182 637 428 676 Fescennina
459 634 629 674 inuenta
661 639 767 681 sunt,
814 633 855 673 in
889 632 1040 686 quibus
1071 631 1415 687 exprimebantur
1445 631 1585 673 iocosa
1617 631 1819 673 conuicia.
1879 629 2009 671 Dicta

180 716 318 748 autem
351 709 594 749 Fescennina
625 705 677 747 ab
724 705 881 761 oppido
926 704 1205 755 Fescennino,
1250 705 1361 746 unde
1406 704 1588 760 primum
1634 710 1926 759 processerunt
1970 710 2010 744 et

179 778 421 822 Atellanica
451 780 667 822 nominata
698 786 803 821 sunt.

294 856 386 895 147.
422 855 676 910 Libertasque
715 860 968 894 recurrentes
1008 860 1168 908 accepta
1197 866 1276 908 per
1313 866 1452 893 annos.
1528 850 1585 892 Et
1616 852 1776 893 licentia
1815 850 1873 906 (u.
1907 850 2007 906 145)

114 938 154 970 10
182 927 377 968 cantandi
409 928 647 982 libertasque
679 926 832 967 dicitur
862 924 1110 967 iocularium
1142 924 1257 966 saluo
1293 926 1474 978 amore*)
1505 938 1582 980 per
1611 923 1902 966 anniuersaria
1932 938 2008 965 sa-

181 1015 370 1050 crorum;
404 1015 658 1055 quamquam
691 1006 798 1049 sunt,
831 998 903 1053 qui
934 997 1088 1046 dicant,
1123 1012 1199 1053 per
1229 1006 1481 1039 recurrentes
1513 1012 1639 1040 annos
1668 997 1905 1038 libertatem
1927 994 2008 1038 Sa-

180 1074 456 1116 turnaliorum
491 1072 736 1130 [annorum]
773 1071 1017 1128 significari.

295 1148 528 1189 148-150.
561 1148 684 1189 donec
714 1148 795 1187 iam
826 1160 972 1187 saeuus
1001 1153 1180 1201 apertam
1212 1145 1260 1186 In
1301 1146 1453 1187 rabiem
1499 1146 1623 1199 eoepit
1665 1145 1774 1186 uerte·
1815 1145 1929 1186 iocus
1973 1152 2010 1186 et

174 1234 251 1276 per
281 1221 464 1262 honestas
497 1221 562 1262 Ire
594 1221 730 1262 domos
760 1222 910 1275 inpune
940 1220 1096 1260 minax.
1166 1217 1316 1260 Donec
1360 1233 1437 1273 per
1482 1218 1618 1259 iocum
1664 1217 1805 1259 multis
1849 1217 2007 1273 inpune

113 1306 152 1337 15
178 1293 372 1335 laceratis
404 1294 617 1335 dedissent
649 1307 793 1334 omnes
824 1306 1009 1347 operam,
1040 1298 1085 1333 ut
1113 1292 1207 1348 lege
1241 1298 1472 1342 caueretur,
1512 1306 1565 1333 ne
1596 1291 1690 1346 quis
1721 1306 1891 1332 carmen
1922 1291 2007 1347 (in-

177 1368 332 1423 fameP)
364 1374 654 1422 conponeret-
690 1365 787 1418 Qua
821 1379 878 1419 bre
916 1365 1151 1415 constituta,
1198 1365 1411 1407 silentium
1456 1372 1517 1407 est
1547 1365 1775 1420 inpositum
1805 1364 2007 1407 archaeae

178 1440 431 1491 comoediae,
464 1440 506 1480 in
539 1455 621 1495 qua
651 1438 899 1481 nominatim
930 1438 1016 1479 uita
1047 1439 1202 1480 ciuium
1235 1438 1498 1494 carpebatur.

291 1514 382 1555 150.
417 1515 508 1554 151.
543 1521 707 1554 cruento
743 1513 876 1553 Dente.
939 1510 1077 1553 Saeuo
1107 1527 1249 1554 morsu
1280 1512 1600 1568 (detractionis).

291 1587 382 1627 154.
418 1587 509 1628 155.
550 1588 700 1627 Vertere
732 1577 1146 1627 modum—redacti..
1209 1584 1348 1626 Ordo:
1390 1586 1545 1627 Vertere
1574 1586 1736 1627 modum
1766 1591 1914 1640 poetae
1953 1585 2008 1626 ad

110 1674 150 1705 ⁴20
176 1659 282 1700 bene
304 1659 542 1710 dicendum,
574 1660 668 1701 ideo
692 1659 790 1714 quia
810 1658 1061 1700 fustuarium
1092 1658 1349 1713 supplicium
1381 1659 1648 1700 constitutum
1680 1665 1767 1700 erat
1798 1659 1841 1699 in
1865 1665 2006 1700 aucto-

175 1747 265 1774 rem
297 1734 531 1774 carminum
552 1733 785 1774 infamium.
849 1734 956 1774 Bene
988 1732 1198 1773 dicendum
1229 1738 1366 1773 autem
1400 1731 1549 1789 [nunc]
1583 1747 1668 1773 non
1699 1733 1842 1774 diserte
1874 1734 2006 1775 dicen-

178 1811 283 1857 dum,
316 1807 389 1848 sed
420 1822 499 1849 non
531 1809 634 1849 male
667 1807 878 1849 (licendum
908 1806 1130 1862 significat,
1166 1805 1246 1846 hoc
1275 1813 1354 1847 est:
1403 1821 1482 1848 non
1526 1807 1790 1848 lacerandum
1822 1822 1870 1848 ac
1899 1809 2008 1848 uitu-

167 1882 413 1936 perandum.
473 1880 531 1922 Et
560 1881 666 1922 bene
699 1881 865 1931 redacti,
897 1879 996 1934 quia
1026 1893 1110 1920 non
1140 1878 1353 1921 uoluntate
1386 1879 1575 1931 correcti,
1609 1880 1682 1922 sed
1714 1880 1850 1922 edocti
1881 1879 2005 1921 malo.

292 2071 323 2109 1)
351 2074 385 2099 ut
411 2071 570 2101 contrario
595 2069 751 2107 MRG‚va.
778 2073 814 2100 ut
838 2078 897 2099 om.
924 2068 970 2098 fh.
1007 2068 1034 2097 E
1062 2068 1222 2097 contrario
1248 2067 1294 2097 fh.
1328 2072 1363 2098 ut
1389 2078 1404 2098 e
1429 2072 1529 2099 contr.
1556 2068 1593 2104 Q.
1620 2070 1779 2100 contrario
1803 2069 1884 2107 Nep.
1910 2068 2003 2098 Eum.

179 2127 206 2155 1.
232 2125 353 2156 Viti-ua.
380 2127 466 2164 VIII,
495 2128 522 2156 1.
573 2127 606 2165 5)
632 2126 693 2155 Per
716 2127 803 2156 hunc
828 2143 869 2146 ἡ
894 2125 1093 2155 Fescennina
1116 2123 1208 2154 MAR
1234 2124 1356 2164 (inquit
1380 2135 1435 2163 per
1459 2126 1570 2164 hunc).
1597 2127 1666 2156 rell.
1694 2137 1754 2157 om.
1780 2125 1930 2156 Scholion
1955 2126 2005 2155 in-

175 2183 255 2220 cipit
280 2183 313 2212 in
338 2183 430 2213 vafh:
456 2184 594 2213 quenta
621 2188 694 2213 sunt
720 2183 794 2219 ista,
822 2183 854 2212 in
881 2192 909 2221 q.
937 2186 997 2212 etc.
1024 2183 1089 2211 ista
1114 2191 1174 2212 om.
1201 2182 1293 2211 codd.
1359 2183 1392 2221 6)
1420 2182 1636 2220 exprimebant
1659 2183 1685 2212 R
1710 2182 1827 2222 (Actu).
1879 2181 1912 2221 7)
1938 2182 2003 2220 pri-

174 2249 259 2269 mum
285 2250 344 2270 om.
371 2241 457 2270 vasli.
485 2241 565 2270 conf.
592 2240 666 2269 Aer.
717 2238 751 2278 9)
777 2239 848 2269 Lib.
875 2238 1026 2268 currentis
1050 2237 1123 2268 MG.
1151 2237 1256 2268 Schol.
1284 2239 1317 2268 in
1333 2238 1386 2281 Βφ
1404 2239 1535 2277 incipit:
1566 2239 1696 2270 libertas.
1722 2240 1742 2269 i.
1768 2239 1904 2269 licentia
1929 2247 2003 2268 can-

174 2297 267 2325 tandi
294 2301 324 2326 et
349 2301 460 2326 mutua
484 2297 656 2335 obprobria
681 2296 778 2325 dandi
805 2299 862 2325 etc.
917 2294 971 2334 10)
998 2305 1054 2334 per
1078 2295 1112 2324 M
1139 2295 1242 2334 (negl.
1271 2295 1313 2334 Q)
1339 2295 1398 2326 A2.
1425 2297 1494 2325 rell.
1521 2306 1582 2326 om.
1650 2297 1705 2335 12)
1733 2306 1892 2333 annorum,
1919 2296 2003 2334 quod

175 2363 257 2382 omn.
284 2353 360 2382 libri
386 2357 529 2389 tuentur,
556 2353 724 2382 delendum
750 2355 839 2389 puto.
867 2352 1044 2381 saturnalia
1069 2351 1126 2381 afio
1151 2351 1195 2381 M.
1234 2353 1478 2382 saturnaliorum
1502 2362 1583 2382 anno
1610 2354 1637 2383 2.
1676 2353 1832 2383 saturnali
1855 2362 1935 2382 anno
1961 2351 2002 2382 G.

174 2411 424 2439 saturnaliorum
450 2420 600 2439 annorum
626 2410 794 2448 (annorum
809 2410 844 2448 v)
863 2409 1024 2446 R,vath.
1051 2409 1182 2438 Lemma
1206 2409 1344 2439 Libertas
1368 2419 1486 2439 recurr.
1512 2410 1719 2448 ainplificaui.
1746 2409 1788 2445 Q:
1815 2410 1887 2440 ‘hoe
1911 2409 2003 2439 scho-

173 2467 239 2495 lion
265 2467 339 2496 aliis
366 2467 600 2496 emendandum
627 2467 761 2505 reliqui:
817 2466 871 2505 13)
898 2476 1006 2496 saeuos
1031 2465 1105 2496 MG.
1173 2467 1228 2505 15)
1255 2467 1294 2496 ad
1319 2476 1348 2496 u.
1376 2476 1496 2496 carme-n
1520 2467 1704 2496 addendum
1728 2467 1855 2496 uidetur
1879 2465 2000 2506 infame.

174 2524 256 2552 conf.
283 2524 379 2553 schol.
406 2524 446 2552 ad
471 2534 501 2553 u.
532 2524 602 2553 154.
630 2527 661 2552 et
687 2523 765 2552 Hor.
790 2532 820 2553 u.
852 2523 932 2552 153:
959 2523 1043 2553 malo
1069 2524 1219 2552 carmine.
1287 2523 1342 2561 16)
1369 2524 1482 2552 arehea
1506 2524 1670 2553 comoedia
1693 2523 1789 2553 M2G.
1856 2523 1911 2561 17)
1937 2523 2002 2552 uita

173 2582 234 2610 ciu.
261 2582 450 2619 carpebatur
474 2580 573 2611 MeG.
598 2581 669 2610 rell.
706 2580 788 2610 uitia
813 2581 873 2609 eiu.
901 2581 1122 2618 carpebantur.
1164 2580 1243 2610 conf.
1270 2580 1344 2610 Aer.
1412 2580 1467 2619 18)
1495 2590 1569 2610 seuo
1592 2589 1699 2610 morsu
1723 2578 1914 2610 detractionis
1937 2578 2000 2621 Βφ.

175 2638 231 2676 20)
257 2638 306 2666 De
331 2646 431 2675 paena
456 2636 607 2666 fustuarii
633 2637 685 2666 adi
711 2637 854 2666 Dirksen
880 2637 918 2666 de
934 2636 995 2666 XII
1021 2637 1121 2666 Tabb.
1148 2646 1177 2674 p.
1205 2637 1278 2667 507.
1308 2637 1382 2667 510.
1411 2637 1484 2668 733.
1511 2636 1592 2666 conf.
1620 2636 1690 2667 Cic.
1717 2637 1757 2666 de
1781 2636 1856 2674 Rep.
1881 2635 1926 2665 IV
1950 2644 2000 2673 ap.

173 2694 347 2731 Augustin.
374 2693 407 2724 G.
433 2693 473 2722 D.
499 2693 542 2730 II,
569 2694 598 2722 9.
626 2692 691 2732 (ed.
720 2693 820 2723 Orell.
846 2693 901 2723 VI.
928 2694 952 2722 I.
979 2703 1009 2731 p.
1036 2693 1128 2732 476).
1178 2694 1236 2732 21)
1261 2703 1320 2723 non
1345 2694 1464 2724 diserte
1481 2692 1711 2732 M2G(1m.).
1739 2703 1817 2723 nunc
1841 2693 1903 2722 dis.
1929 2692 2000 2731 (de-

173 2756 256 2780 serte
281 2751 315 2788 v)
343 2749 371 2780 G
398 2751 432 2788 (2
458 2750 516 2787 m),
543 2750 660 2785 vath.
689 2767 728 2770 --«
755 2750 872 2780 Totum
911 2750 1054 2779 scholion
1090 2750 1124 2779 in
1160 2749 1251 2779 libris
1289 2750 1516 2780 miserabiliter
1552 2750 1708 2788 scriptum
1737 2751 1865 2779 omnino
1890 2748 2001 2779 consu·
2080 2739 2084 2759 ⁴

174 2816 242 2836 sum
267 2811 295 2836 et
323 2812 506 2845 corruptum
533 2812 593 2843 cst,
620 2811 715 2845 atque
741 2811 814 2845 post
839 2816 918 2836 nunc
942 2806 1052 2836 diserte
1085 2806 1241 2836 dicendum
1276 2806 1394 2836 Editor
1428 2807 1600 2845 Pragensis
1636 2816 1722 2836 more
1758 2816 1813 2836 suo
1850 2807 2000 2835 lacunam
2080 2782 2085 2856 1
2128 2809 2138 2815 ²

2080 2887 2083 2905 a

175 2864 302 2900 punctis
329 2864 484 2901 signauit3
524 2863 580 2892 sed
605 2864 646 2892 ad
672 2872 799 2892 sensum
824 2863 916 2892 facile
951 2863 1114 2892 emendari
1139 2867 1274 2901 poterat.
1322 2862 1434 2892 Posui:
1473 2863 1530 2892 sed
1552 2872 1612 2892 non
1634 2863 1711 2892 male
1735 2862 1889 2892 dicendum
1914 2863 1999 2900 sign.

174 2919 303 2948 Etenim
328 2921 386 2949 hoc
413 2920 518 2949 dicere
544 2920 646 2949 uoluit
673 2920 842 2957 interpres,
868 2924 903 2949 ut
929 2920 1053 2957 liquido
1080 2923 1180 2957 patet.
1244 2919 1300 2959 22)
1326 2920 1369 2949 Di
1395 2918 1470 2958 (sic)
1500 2922 1605 2949 autem
1641 2929 1702 2949 non
1739 2919 1907 2948 dicendum
1943 2918 1999 2948 sed

174 2976 256 3004 male
282 2977 452 3005 (licendum
480 2977 562 3013 sign.
590 2975 688 3006 M2G.
716 2981 748 3006 at
764 2976 832 3015 (cuci
855 2975 924 3016 afh)
944 2986 1006 3006 non
1032 2977 1113 3005 bene
1139 2977 1308 3006 dicendum
1334 2977 1389 3006 sed
1415 2976 1497 3005 male
1523 2976 1691 3005 dicendum
1716 2976 1801 3014 sign.
1825 2975 1914 3004 vafh.
1940 2975 1999 3005 hoc

175 3038 222 3061 cst
250 3031 298 3060 2G
326 3032 382 3070 (est
409 3033 439 3061 in
465 3033 591 3071 marg.)⁷
616 3033 706 3062 vafh.
732 3034 803 3071 hoc⁷
843 3042 903 3063 om.
930 3036 981 3070 est,
1017 3032 1061 3062 M.
1088 3032 1139 3062 hic
1165 3032 1204 3068 Q.
1242 3042 1304 3062 non
1327 3042 1386 3062 om.
1415 3034 1444 3071 2,
1481 3033 1529 3062 ita
1552 3036 1588 3062 ut
1611 3033 1670 3062 sit:
1706 3042 1770 3063 non
1805 3031 1998 3061 maledicen-

175 3089 249 3116 dum
275 3089 357 3126 sign.
385 3089 414 3116 h.
442 3098 466 3117 c.
492 3089 706 3118 lacerandum.
732 3107 772 3109 ῌ
798 3094 850 3118 aut
874 3090 977 3127 uitup.
1004 3089 1091 3119 vafh.
1118 3090 1188 3118 rell.
1225 3100 1260 3119 ac
1285 3090 1387 3128 uitup.
1449 3089 1506 3127 23)
1532 3090 1688 3119 redactum
1712 3099 1803 3128 quam
1827 3087 1915 3119 M2G
1948 3088 1998 3128 (in

173 3154 272 3183 marg.
298 3144 397 3184 quia).
423 3145 580 3175 redactam
604 3145 680 3184 quia
703 3155 753 3176 va.
781 3145 902 3176 redacti
925 3145 1001 3185 quia
1024 3145 1099 3182 th.
1148 3145 1183 3184 *)
1207 3155 1289 3176 more
1312 3146 1417 3177 uoluit.
1443 3144 1478 3176 C.
1503 3145 1682 3176 Hermann.
