2148 3412
812 119 861 152 m
887 119 995 152 ΛΒΤ.
1021 118 1154 152 POET.
1815 106 1896 147 585

181 244 246 286 56.
280 258 370 286 cum
400 244 538 299 linqua
565 243 721 286 Catonis
752 252 784 285 et
811 245 927 285 Enni.
987 243 1049 284 M.
1081 243 1273 294 Porcius,
1305 242 1377 298 qui
1408 250 1448 284 et
1479 240 1709 284 Censorius
1742 240 1898 298 [dictus

69 323 130 359 est
161 315 268 359 Cato
298 323 338 358 et
366 316 533 358 Ennius
565 317 678 372 quod
708 317 872 371 priores
902 323 1042 370 patres
1073 317 1282 366 dixerunt,
1328 316 1390 357 illi
1420 316 1463 357 in
1509 315 1594 357 suis
1640 313 1898 357 carminibus

68 398 308 446 posuerunt,
342 397 382 431 et
412 404 539 445 super
568 390 648 432 hoc
677 405 790 431 noua
820 389 951 431 uerba
981 390 1281 447 inuenerunt.].

181 465 246 505 57.
279 464 612 519 Ser1n.patrium.
643 463 894 506 Romanum.
954 464 1154 506 dz'tauerzt.
1187 463 1533 519 Locupletauerit
1556 463 1586 520 [‚
1610 462 1790 519 auxerit]
1824 477 1899 503 no-

69 537 134 579 uis
164 537 320 580 uerbis.
1948 546 1965 574 5

182 612 247 653 59.
279 611 488 666 Sz'gynatum
506 626 642 668 praes.
674 620 769 653 nota
784 627 828 668 p.
848 626 887 653 n.
947 610 1045 652 Hoc
1075 626 1228 652 nomen
1259 626 1284 652 a
1314 611 1452 652 numis
1483 618 1662 652 tractum
1693 618 1767 661 est,
1800 609 1898 665 quia

67 684 184 726 numi
213 685 257 726 in
288 700 398 726 noua
427 686 571 727 fusura
602 685 746 726 iuuant
778 685 1040 740 inopiam(?).
1098 694 1306 741 praesente
1335 694 1442 727 nota.
1501 684 1551 725 Id
1582 692 1656 735 est,
1687 684 1899 725 notamine

66 758 201 814 ipsius
231 759 445 814 temporis,
478 767 518 800 et
548 766 715 815 praeter
735 765 998 800 uetustatem.
1059 758 1192 800 Verbi
1217 759 1355 815 gratia
1374 760 1529 814 fruitus
1551 765 1647 800 ante
1668 758 1898 806 dicebatur,

67 832 191 874 modo
220 833 405 886 [Μυίας
450 840 545 874 ante
577 831 796 874 dicebatur
820 835 987 889 punxit,
1033 832 1158 874 modo
1183 834 1357 889 pupugit
1387 832 1578 874 dicimus.
1641 831 1742 889 [Vel
1767 847 1900 888 prae—

71 915 177 949 seme
206 914 315 957 nota,
347 905 477 948 uerbo
508 906 673 948 nouiter
703 906 887 957 inuento,
920 913 964 947 ut
996 907 1026 962 (.
1059 939 1066 948 .
1097 907 1114 948 ?
1147 939 1155 947 .
1189 907 1242 962 .:)
1290 907 1363 949 hoc
1407 894 1548 948 nomen
1592 908 1800 949 inuentum
1846 914 1900 948 est
1927 915 1968 947 10

74 989 245 1038 tempore
268 981 467 1037 principis
496 979 641 1037 illius]
701 988 808 1022 nota.
841 979 1012 1021 Literis.

173 1055 403 1111 producere
424 1069 579 1097 nomen.
637 1053 760 1095 Noua
783 1054 1028 1104 elocutione,
1061 1069 1171 1096 nouo
1193 1054 1336 1104 uerbo,
1368 1055 1412 1095 id
1443 1061 1517 1105 est,
1550 1069 1704 1095 nouum
1725 1053 1901 1095 uerbum

69 1142 120 1170 ex
151 1127 354 1170 Veterum
386 1128 694 1185 significatione
726 1128 932 1178 deriuare,
966 1128 1020 1169 ad
1050 1128 1242 1169 notitiam
1274 1128 1487 1170 hominum
1527 1128 1746 1170 deducere.
1809 1127 1901 1183 [wo-

68 1217 168 1244 men.
199 1201 369 1244 Nouum
399 1202 577 1244 uerbum
609 1217 660 1244 ex
690 1209 881 1243 ueterum
913 1201 1254 1260 significatione]

185 1277 252 1317 60.
289 1278 340 1318 Ut
369 1278 495 1319 siluae
529 1277 650 1332 foliis.
727 1275 792 1317 Ne
824 1276 1132 1332 adspernentur
1161 1291 1272 1318 noua
1302 1276 1448 1326 uerba,
1495 1275 1794 1331 conparatione
1825 1290 1901 1317 no-
1929 1289 1969 1320 15

70 1364 217 1392 uorum
248 1350 444 1392 fohorum
478 1349 619 1407 [docet
650 1364 700 1391 ea
731 1364 853 1404 posse
884 1349 1072 1405 placere;
1119 1352 1159 1391 in
1206 1365 1333 1392 annos
1380 1349 1552 1406 autem]
1610 1364 1773 1406 pronos.
1820 1349 1904 1390 Per

69 1438 214 1473 annos,
245 1431 290 1466 ut
320 1424 522 1466 siluarum
552 1430 766 1465 mutantur
795 1422 896 1465 folia
926 1438 1004 1478 per
1034 1438 1166 1465 annos
1198 1438 1366 1479 pronos,
1414 1431 1454 1464 et
1483 1430 1545 1464 est
1575 1424 1794 1465 Homerica
1835 1422 1904 1478 (Il.

68 1496 147 1549 VI,
171 1500 251 1541 145
273 1499 410 1555 seqq.)
449 1498 708 1554 conpara-tio.
776 1511 939 1555 pronos.
982 1496 1189 1539 Decliues
1240 1504 1278 1538 et
1314 1497 1395 1538 cito
1444 1496 1646 1548 labentes,
1692 1496 1908 1539 instabiles

68 1571 286 1615 uolubiles.

183 1647 248 1688 61.
280 1648 432 1689 Prima.
490 1645 615 1688 Folia
645 1646 815 1688 scilicet.
1930 1659 1973 1690 20

183 1721 248 1763 63.
285 1722 481 1764 Debemur
502 1722 635 1763 morti.
696 1719 747 1760 Id
769 1726 849 1761 est:
873 1719 1058 1774 perimus
1079 1733 1181 1775 ergo
1202 1734 1278 1761 nos
1300 1727 1340 1761 et
1359 1727 1514 1770 nostra,
1538 1719 1746 1775 siquidem
1768 1719 1894 1760 etiam

69 1830 214 1862 inuideor.
252 1833 436 1871 prohibeor,
473 1833 525 1862 uel
550 1832 715 1862 inuidetur
751 1831 842 1861 mihi.
869 1830 962 1868 Mire,
1001 1831 1078 1860 dum
1102 1831 1132 1860 (1.
1158 1831 1179 1859 f.
1206 1841 1235 1861 u.
1269 1831 1421 1870 loquitur,
1459 1831 1582 1862 Graeco
1620 1840 1707 1861 more
1744 1831 1898 1870 loquitur.

71 1885 266 1932 φθονοῦμαι,
293 1889 327 1919 id
353 1893 414 1927 est,
440 1889 608 1927 inuidiam⁷
635 1889 759 1927 patior:
791 1887 931 1918 inuideor
956 1888 1042 1917 enim
1068 1896 1132 1917 non
1157 1888 1289 1917 uidetur
1315 1889 1395 1918 satis
1420 1887 1536 1918 Latine
1562 1889 1627 1918 dici
1652 1888 1770 1927 posse.‘

209 1947 242 1985 1)
269 1946 452 1986 m.furtius
478 1947 533 1985 qui
561 1950 592 1976 et
618 1945 789 1982 censorz'uS,
816 1955 877 1976 om.
915 1944 992 1975 Cato
1019 1963 1060 1965 —
1086 1946 1292 1982 inuenerunt,
1318 1954 1345 1986 γ.
1372 1945 1414 1974 Μ.
1441 1946 1552 1975 Furius
1577 1946 1631 1984 qui
1656 1943 1847 1982 NXG,rvca.
1875 1949 1905 1974 et

73 2013 131 2034 om.
158 2013 183 2033 r.
221 2004 404 2034 censorinus
438 2002 588 2040 NXG‚rv.
629 2003 736 2033 dictus
774 2007 823 2032 est
857 2012 916 2032 om.
943 2012 968 2044 γ.
1008 2006 1057 2032 θεῖ
1082 2012 1142 2032 om.
1170 2012 1195 2031 r.
1225 2001 1306 2032 Cato
1333 2007 1364 2032 et
1388 2019 1429 2024 --
1456 2003 1649 2032 inuenerunt
1673 2011 1732 2031 om.
1751 2000 1820 2043 ·,J‚C.
1870 2001 1905 2039 2)

72 2065 182 2100 patres
208 2072 268 2092 om.
295 2072 318 2092 r.
344 2063 466 2100 priores
487 2065 592 2099 poetae
617 2061 656 2090 N.
707 2061 741 2099 3)
768 2069 863 2098 super
888 2060 961 2089 haec
985 2059 1015 2089 N
1042 2060 1144 2099 (hec),
1172 2071 1196 2090 r.
1223 2061 1282 2090 Est
1306 2064 1413 2089 autem
1433 2069 1472 2089 ex
1491 2059 1555 2089 Cic.
1574 2063 1668 2089 notus
1687 2059 1741 2088 ille
1758 2058 1801 2088 M.
1827 2058 1907 2087 Por-

75 2119 142 2150 cius
180 2119 272 2158 Cato,
311 2121 418 2150 dictus
447 2119 616 2156 Censorius,
643 2123 670 2148 et
702 2118 810 2154 maior,
848 2119 901 2156 qui
927 2127 989 2147 una
1014 2127 1084 2147 cum
1109 2118 1239 2154 minore,
1264 2127 1319 2155 pro
1344 2120 1462 2155 nepote
1488 2117 1556 2146 eius
1582 2116 1743 2153 Uticensi,
1780 2125 1798 2145 a
1821 2115 1905 2144 Plin.

75 2176 143 2214 VII,
172 2178 212 2208 30
240 2181 506 2207 conmemoratur.
557 2176 592 2215 4)
619 2176 797 2206 Romanum
824 2185 850 2217 γ.
876 2175 946 2204 1·θ11.
974 2185 1033 2205 om.
1062 2173 1145 2204 conf.
1174 2173 1214 2203 C:
1241 2174 1430 2211 Romanum,
1459 2173 1618 2204 Latinum.
1634 2190 1673 2194 -—
1689 2173 1820 2202 auxerit
1846 2181 1906 2201 om.

74 2243 101 2275 γ.
151 2232 186 2274 6)
213 2233 345 2263 Lemma
381 2233 530 2273 slynatum
567 2232 776 2271 amplificaui.
815 2232 884 2261 Hoc
920 2241 1024 2261 nomen
1062 2241 1079 2260 a
1105 2232 1243 2261 nummis
1269 2235 1307 2261 tr.
1335 2234 1390 2268 est,
1422 2231 1496 2268 quia
1521 2240 1551 2259 n.
1578 2231 1611 2259 in
1636 2239 1667 2260 n.
1694 2230 1715 2259 f.
1744 2230 1854 2258 iuuant
1882 2237 1908 2270 T,

75 2290 179 2329 Vulgo
196 2291 267 2321 Hoc
292 2295 330 2320 tr.
359 2294 408 2320 est
434 2300 452 2320 a
475 2290 624 2319 nummis.
651 2289 729 2319 Post
746 2290 832 2318 hanc
849 2297 957 2318 uocem
983 2289 1100 2318 lacuna
1125 2289 1159 2318 in
1177 2288 1217 2327 G,
1244 2288 1298 2317 ubi
1317 2286 1364 2322 Q:
1384 2290 1477 2325 putat
1497 2286 1656 2315 excidisse
1671 2287 1907 2328 μεταφορικῶς.

76 2347 158 2378 conf.
185 2346 227 2377 C:
255 2347 424 2387 ‘siynatunn
451 2347 705 2377 demonstratum
726 2346 785 2385 <--
801 2345 882 2389 Βιρ).
904 2354 1008 2383 praes.
1034 2349 1114 2374 nota.
1141 2345 1388 2383 praesentistem
1406 2343 1491 2381 poris
1509 2343 1702 2378 charactere,
1730 2341 1907 2381 (praesenti

75 2408 219 2444 tempore
245 2405 434 2443 excogitata
458 2402 527 2446 Βφ)
552 2406 692 2433 tractata
716 2402 890 2442 metaphora
914 2406 964 2431 est
987 2411 1005 2431 a
1030 2403 1180 2441 nummis,
1214 2401 1289 2440 quia
1325 2400 1445 2430 nummi
1482 2401 1514 2429 in
1542 2408 1625 2428 noua
1648 2398 1760 2428 fusura
1784 2399 1908 2427 iuuant.

76 2460 231 2500 inopiam'.
260 2462 330 2491 rell.
357 2472 417 2492 om.
456 2462 531 2499 quia
568 2461 683 2490 iuuant
720 2460 871 2498 inopiam.
937 2459 971 2496 7)
998 2459 1035 2488 Id
1061 2463 1110 2488 est
1134 2468 1160 2501 γ.
1188 2458 1257 2488 rell.
1284 2467 1343 2487 0111.
1378 2457 1541 2487 notamine
1568 2456 1667 2494 ipsius
1693 2465 1719 2496 γ.
1745 2456 1814 2485 rell.
1841 2459 1907 2484 not.

77 2520 265 2558 praesentis.
294 2523 324 2549 et
349 2528 374 2560 γ.
401 2519 471 2547 rell.
498 2527 558 2547 om.
586 2520 714 2555 praeter
738 2520 802 2547 uet.
829 2526 888 2546 om.
907 2515 1062 2553 XG,rvca.
1114 2515 1149 2553 8)
1176 2515 1315 2545 frunitus
1333 2524 1358 2555 γ.
1378 2515 1421 2543 di.
1448 2513 1552 2552 punxi
1575 2522 1601 2555 γ.
1620 2513 1690 2542 rell.
1717 2512 1835 2550 punxit
1861 2512 1908 2540 di-

79 2576 220 2606 cebatur.
277 2576 311 2614 9)
338 2576 475 2605 dicimus
492 2585 518 2616 γ.
537 2574 607 2604 rell.
634 2574 758 2603 dicitur.
777 2574 897 2603 dicitur
915 2583 975 2603 om.
1002 2573 1041 2602 N.
1075 2572 1136 2601 Vel
1153 2589 1192 2593 -—
1213 2572 1299 2601 illius
1324 2581 1383 2601 om.
1410 2580 1436 2612 γ.
1490 2571 1543 2609 11)
1572 2570 1690 2600 Literis
1716 2579 1741 2611 γ.
1760 2569 1830 2598 rell.
1848 2578 1908 2598 om.

83 2633 137 2673 12)
157 2633 255 2662 -Noua
281 2650 319 2653 —-
346 2632 483 2661 diriuare
507 2641 533 2672 γ.
560 2631 629 2661 rell.
657 2640 717 2661 om.
785 2631 840 2670 13)
865 2629 1004 2659 diriuare
1028 2639 1055 2670 γ,
1092 2632 1126 2658 ut
1162 2628 1247 2658 infra
1283 2628 1323 2658 ad
1348 2638 1377 2656 u.
1406 2627 1456 2657 65.
1484 2627 1522 2656 ad
1547 2645 1588 2648 ἡ
1615 2626 1771 2656 deducere
1795 2625 1852 2668 320
1879 2629 1910 2654 et

20 2708 22 2713 ·
78 2690 148 2720 rell.
174 2690 259 2720 libri.
278 2690 318 2720 ad
337 2694 403 2720 not.
430 2688 567 2727 temporis
592 2687 671 2718 illius
689 2688 760 2717 ded.
775 2687 857 2718 Med.
909 2687 964 2726 14)
989 2695 1094 2715 nomen
1110 2704 1140 2707 —
1155 2686 1265 2724 signif.
1292 2695 1352 2714 om.
1380 2684 1445 2713 11.1.
1471 2693 1488 2725 γ
1513 2688 1543 2713 et
1568 2682 1728 2719 NG‚rvca.
1780 2683 1836 2720 15)
1861 2682 1910 2711 Ne

81 2756 150 2786 asp.
175 2747 334 2778 foliorum.
361 2756 488 2786 pronos.
538 2747 599 2776 Per
622 2763 667 2767 —
691 2746 900 2784 comparatio.
921 2753 1048 2782 pronos.
1074 2742 1164 2772 Decl.
1191 2760 1232 2763 ω
1259 2743 1335 2771 inst.
1361 2740 1522 2771 uolubiles
1547 2748 1573 2781 γ.
1599 2739 1669 2769 rell.
1696 2740 1754 2769 hoe
1779 2739 1908 2768 ordine:

81 2804 199 2834 Pronos
222 2808 290 2834 mut.
315 2804 346 2833 in
371 2813 465 2834 annos
490 2803 567 2838 th.
601 2804 635 2834 Vt
658 2802 762 2841 syluae
774 2801 836 2841 sol.
856 2810 973 2840 pronos
998 2799 1057 2830 NX
1082 2799 1158 2829 Med
1182 2809 1206 2829 r.
1251 2800 1284 2829 Vt
1307 2798 1401 2828 siluae
1427 2796 1551 2835 (syluae
1577 2794 1628 2835 ca)
1654 2796 1707 2825 fol.
1734 2805 1780 2834 pr.
1807 2806 1847 2825 m.
1872 2794 1904 2823 in

82 2870 176 2891 annos
199 2871 268 2891 vca.
288 2870 413 2899 pronos.
440 2860 600 2890 uolubiles
627 2859 770 2888 deeliues
796 2863 828 2888 et
853 2858 917 2887 cito
943 2858 1005 2887 lab.
1032 2861 1059 2886 et
1082 2857 1156 2886 inst.
1183 2856 1294 2885 rveash
1330 2854 1374 2893 (Q
1399 2864 1459 2883 om.
1487 2858 1517 2883 et
1546 2854 1651 2891 inst).
1678 2852 1760 2882 conf.
1788 2851 1832 2882 C:
1871 2853 1913 2881 ‘ut

81 2918 175 2948 siluae
195 2917 251 2956 fol.
276 2918 326 2948 Ne
351 2927 420 2956 asp.
438 2935 478 2938 —ffi
499 2917 633 2955 placere.
654 2925 782 2955 pronos,
804 2915 974 2953 procliuos,
1001 2914 1066 2944 cito
1091 2914 1168 2950 1ab.‚
1195 2913 1285 2948 inst,
1311 2911 1501 2941 uolubileis.⁷
1555 2910 1608 2948 16)
1636 2910 1727 2940 docet
1745 2927 1786 2930 ω
1804 2913 1910 2939 autem

83 2983 145 3006 om.
168 2985 195 3018 γ.
247 2976 303 3015 17)
328 2978 516 3005 mutuantur
540 2984 564 3016 γ.
626 2973 683 3012 20)
710 2972 792 3003 folia
816 2973 939 3002 scilicet
963 2981 989 3013 γ.
1014 2971 1093 3001 solia
1119 2969 1155 3000 C.
1218 2970 1273 3008 21)
1298 2978 1315 3010 γ
1333 2968 1446 3005 incipit
1462 2968 1526 2996 sic:
1551 2967 1588 2996 Id
1603 2971 1660 2996 est:
1680 2966 1818 3006 perimus
1842 2975 1912 3005 erqo

83 3050 126 3054 —
149 3042 279 3071 cursum,
306 3036 338 3062 et
363 3033 488 3070 pergit:
526 3031 716 3071 Argumentis
740 3049 782 3052 —
807 3039 919 3060 eorum.
946 3030 980 3059 in
1005 3029 1073 3058 rell.
1104 3029 1187 3057 hanc
1212 3030 1334 3064 partem
1360 3023 1548 3064 Aryumentis
1574 3027 1632 3053 ete.
1659 3024 1783 3062 exeipit
1809 3023 1912 3052 altera

84 3090 221 3120 Perimus
246 3107 288 3111 —
314 3099 445 3119 cursum.
471 3088 562 3118 Inter
586 3092 757 3126 utramque
782 3087 809 3122 Q
833 3087 958 3125 posuit:
985 3085 1082 3116 Aliter
1107 3095 1148 3115 ex
1175 3083 1213 3114 G.
1239 3084 1281 3113 Et
1308 3083 1372 3122 N‚v
1398 3082 1517 3112 habent
1541 3080 1640 3111 aliter.
1660 3099 1700 3102 -—<
1720 3084 1775 3112 not
1801 3086 1831 3110 et
1855 3090 1911 3110 mr-

85 3149 167 3186 tem-a,
193 3157 254 3178 om.
280 3146 438 3185 siquidem
463 3146 561 3176 etiam
586 3148 702 3175 natura
728 3145 798 3182 ipsa
822 3147 966 3174 mutatur
990 3143 1029 3173 X.
