2148 3412
810 112 857 144 IN
885 112 1020 145 snum.
1050 114 1092 149 11,
1122 118 1148 146 1.
1813 109 1892 149 195

61 233 190 276 bellas
220 234 352 276 fertur
382 234 563 284 dedisse,
596 243 639 276 ut
663 236 801 286 sciret,
835 237 907 291 qui
949 237 1180 280 secundum
1201 240 1460 282 uoluntatem
1483 255 1601 283 suam
1623 241 1891 292 iudicassent,

60 307 159 361 quia
189 307 360 349 nomina
391 323 465 350 sua
496 309 746 350 centumuiri
777 324 859 351 non
891 311 1090 352 adiciunt.
1150 312 1336 353 Aliter.
1397 313 1567 366 Turius,
1615 316 1688 371 qui
1733 315 1891 357 solebat

59 381 259 432 iudicare,
290 381 370 424 hoc
401 381 502 423 dicit
536 382 733 438 [Turium
764 383 905 425 dicere
936 384 1147 441 solitum]:
1195 386 1229 427 si
1261 401 1327 427 me
1359 386 1571 430 iudicante
1603 389 1657 430 ad
1688 388 1891 430 iudicium

58 454 218 497 uenerit
247 454 443 497 inimicus
474 469 605 506 meus,
637 456 920 498 damnabitur.

169 529 233 569 50.
266 529 330 569 51.
366 529 426 576 Ut,
459 544 535 585 quo
567 531 729 585 quisque
759 531 881 579 ualet,
914 546 1021 587 susp.
1045 541 1140 573 (err.
1198 532 1250 573 Id
1272 540 1354 575 est:
1394 533 1510 591 [Hoc
1532 535 1652 594 dicit]
1678 538 1887 592 quomodo

57 602 345 656 unusquisque
365 602 444 643 hac
466 616 510 643 re
533 610 685 644 terreat
707 602 902 645 inimicos
934 618 1043 654 suos,
1075 605 1119 645 in
1150 620 1233 659 qua
1264 621 1308 648 re
1340 607 1466 659 ualet,
1500 616 1537 650 et
1569 610 1780 664 quomodo
1811 611 1889 652 1106

55 675 231 731 inperat,
266 674 505 732 [cognoscit
534 676 720 732 fortuna]
753 683 900 718 natura
931 692 1151 733 cognosce.

166 749 318 804 collige.
376 748 557 804 Reputa.
591 764 813 805 cognosce,
846 750 1058 807 intellege,
1090 752 1277 808 percipe.

166 836 241 878 quo
271 824 434 879 quisque
465 823 585 864 ualet.
647 822 1018 875 Quemadmodum
1048 831 1197 880 potest.

167 905 381 952 suspectos.
442 894 654 938 Inimicos.

169 977 300 1025 utque.
362 967 746 1021 Quemadmodum.

165 1044 230 1085 52.
262 1044 386 1084 Deme
407 1044 541 1099 lupus.
602 1042 813 1095 Ostendit,
836 1059 981 1088 omnes
1002 1060 1079 1101 per
1100 1053 1300 1101 naturam
1314 1047 1358 1088 id
1379 1047 1547 1099 minari,
1570 1049 1683 1103 quod
1705 1049 1886 1092 ualeant.

166 1118 282 1159 unde.
343 1131 431 1165 cur,
462 1116 777 1173 interrogatiue.

162 1192 269 1232 intus
290 1191 575 1234 Monstratwn.
637 1189 808 1233 Scilicet
841 1201 908 1233 est.
940 1207 965 1233 a
994 1193 1179 1234 naturali
1210 1208 1334 1235 sensu
1365 1194 1612 1237 institutum.

161 1265 244 1306 nisi
268 1266 336 1306 inl.
368 1266 651 1308 Monstralum.
711 1264 804 1307 Nisi
835 1266 914 1308 hoc
944 1273 1248 1308 monstraretur
1276 1274 1440 1309 natura.

168 1338 233 1380 53.
265 1339 331 1380 54.
363 1338 544 1380 Scaeuae
566 1341 751 1380 urnac-em
772 1340 887 1381 erede
906 1341 1041 1396 nepoti
1058 1341 1245 1382 Matrem.
1314 1342 1505 1383 Viuacem.
1538 1341 1628 1384 Diu
1658 1343 1884 1385 uiuentem.

51 1411 100 1452 Id
129 1419 208 1453 est:
256 1411 473 1453 committe
500 1412 598 1454 huic
628 1412 821 1454 uiuacem
852 1420 1043 1464 matrem,
1075 1421 1115 1455 et
1145 1429 1229 1456 non
1259 1414 1386 1456 saciet
1416 1416 1577 1471 aliquid
1615 1417 1784 1459 sceleris
1814 1418 1885 1472 pia

51 1485 232 1535 dextera,
279 1485 354 1527 sed
383 1500 546 1527 ueneno
577 1493 715 1527 utetur
745 1487 769 1527 i.
803 1501 835 1528 e.
866 1501 950 1528 non
982 1501 1073 1528 eam
1106 1488 1276 1543 perimit
1306 1489 1462 1544 gladio.
1524 1491 1681 1533 Scaeua
1712 1492 1884 1546 quidam

50 1559 285 1602 luxuriosus
316 1559 537 1602 dicebatur
566 1560 696 1602 fuisse
727 1568 767 1601 et
796 1575 954 1616 pronus
985 1561 1038 1602 ad
1069 1567 1180 1602 artes
1211 1562 1412 1618 magicas.
1473 1562 1516 1606 Is
1538 1564 1686 1606 habuit
1706 1573 1881 1607 matrem

51 1647 188 1683 anum,
219 1648 327 1688 quae
358 1640 420 1675 est
449 1640 565 1676 aetas
595 1634 821 1676 luxuriosis
852 1634 1038 1676 molesta.
1099 1633 1311 1686 Ostendit,
1357 1644 1508 1679 natura
1539 1653 1882 1694 unumquemque

51 1721 99 1748 ea
128 1707 282 1749 minari
311 1707 509 1759 inimicis,
543 1722 650 1764 quae
682 1708 814 1764 possit
844 1708 1059 1764 perficere.

161 1783 275 1823 crede
305 1784 449 1838 nepoti.
513 1780 627 1834 Quia
656 1782 882 1824 luxuriosis
914 1783 972 1823 ita
1001 1782 1180 1823 uidetur.

162 1856 227 1897 54.
258 1858 417 1898 mirum.
476 1855 570 1905 Est3
606 1856 765 1898 ironice
796 1856 919 1897 dixit:
952 1857 1127 1898 fortasse
1148 1855 1226 1898 tibi
1247 1856 1327 1898 hoc
1360 1857 1483 1915 [non]
1518 1858 1671 1900 mirum
1702 1859 1881 1910 uidetur,

50 1927 94 1969 id
123 1935 201 1971 est:
232 1929 414 1980 miraris,
447 1930 546 1985 quia
577 1929 687 1971 dixi:
724 1945 809 1972 non
839 1929 968 1971 utitur
997 1930 1170 1971 dextera
1202 1945 1277 1972 sua
1307 1931 1362 1972 ad
1383 1931 1662 1974 occidendum
1684 1940 1880 1982 matrem3

50 2001 135 2043 noli
163 2002 323 2054 mirari,
355 2018 453 2044 nam
485 2017 578 2044 eam
608 2003 764 2045 occidit
791 2017 968 2045 ueneno.

161 2077 227 2118 56.
258 2077 410 2119 uitiato.
472 2074 703 2132 Corrupt03
740 2077 839 2132 quia
868 2091 1147 2132 unaquaeque
1178 2092 1244 2120 res
1275 2077 1447 2120 alterius
1478 2078 1757 2133 permixtione
1780 2095 1881 2122 con-

55 2148 241 2191 funditur
273 2149 609 2206 [corrumpitur]

165 2384 196 2423 1)
223 2389 250 2414 et
273 2389 309 2415 ut
333 2394 360 2427 γ.
385 2385 455 2415 rell.
482 2394 542 2415 om.
560 2402 601 2406 —
620 2393 710 2415 suam
735 2393 761 2426 γ.
788 2385 856 2414 rell.
885 2393 945 2414 om.
1011 2385 1045 2424 2)
1070 2384 1178 2416 Aliter
1201 2394 1227 2427 γ.
1254 2385 1323 2415 rell.
1350 2395 1410 2434 on).
1437 2385 1553 2417 Turius
1580 2388 1634 2426 qui
1661 2396 1703 2417 so.
1730 2388 1796 2417 iud.
1822 2389 1882 2419 hoc

52 2439 131 2471 dicit
154 2451 180 2484 γ.
206 2441 276 2471 Ηο0
302 2442 379 2471 dicit
410 2440 536 2471 Turium
559 2441 659 2471 dicere
684 2441 807 2471 solitum
830 2440 906 2476 th.
968 2440 1002 2479 5)
1028 2440 1065 2470 Id
1091 2446 1140 2472 est
1163 2452 1189 2483 γ.
1214 2443 1285 2472 rell.
1314 2452 1374 2473 om.
1398 2443 1469 2473 Hoc
1494 2444 1575 2473 dicit
1600 2453 1660 2473 om.
1687 2454 1713 2485 γ.
1777 2445 1809 2482 7)
1836 2445 1881 2474 γἰη-

52 2501 140 2536 perat
162 2508 189 2540 γ.
215 2499 286 2528 rell.
313 2499 451 2537 imperet.
478 2497 640 2536 cognoscit
652 2497 789 2537 fortuna
813 2497 857 2527 fh.
883 2506 1051 2536 cognosces
1074 2502 1187 2528 natura
1212 2509 1295 2529 mva.
1323 2509 1510 2538 cognoscens
1533 2504 1649 2530 natura
1667 2500 1695 2530 G
1713 2500 1883 2540 (cognosce

52 2562 87 2584 ex
110 2558 174 2585 nat.
201 2555 255 2594 Q).
280 2559 399 2585 natura
423 2564 582 2593 cognosce
605 2564 633 2597 γ.
694 2554 730 2593 8)
757 2554 834 2592 Rep.
859 2564 904 2584 co.
931 2555 989 2585 int.
1015 2555 1146 2593 percipe
1169 2565 1195 2597 γ.
1221 2555 1310 2585 Perc.
1341 2565 1406 2594 rep.
1432 2560 1464 2586 et
1488 2557 1547 2586 int.
1572 2555 1608 2586 fh
1635 2556 1680 2595 (Q
1705 2566 1777 2586 unc.
1803 2558 1880 2587 incl.

52 2611 181 2651 reputa).
210 2611 337 2650 Collige
361 2620 446 2650 perc.
474 2616 505 2642 et
530 2612 591 2641 int.
620 2621 702 2640 mva.
719 2628 759 2631 m
778 2610 853 2640 audi
876 2614 907 2640 et
933 2620 1085 2650 cognosce
1108 2621 1232 2642 mecum
1258 2616 1290 2642 et
1315 2612 1463 2650 intellige
1488 2612 1524 2641 C.
1575 2613 1609 2651 9)
1637 2621 1697 2651 quo
1716 2630 1755 2633 ἡ·
1775 2618 1881 2651 potest

52 2676 78 2709 γ.
102 2669 171 2699 rell.
196 2677 256 2699 om.
319 2668 374 2707 10)
402 2668 553 2698 Inimicos
577 2677 604 2710 γ.
630 2668 699 2697 rell.
725 2677 787 2699 0111.
854 2655 911 2707 11)
936 2668 1212 2704 Quemadmodum
1236 2679 1263 2712 γ.
1289 2669 1358 2699 1·011.
1384 2679 1446 2699 om.
1512 2669 1567 2708 12)
1595 2668 1664 2698 Ost.
1691 2678 1800 2699 omnes
1826 2679 1881 2708 per

53 2724 85 2754 id
107 2725 221 2756 imitari
244 2736 274 2765 q.
300 2726 362 2756 ual.
386 2735 412 2768 γ.
437 2726 507 2755 rell.
533 2734 594 2755 0111.
648 2725 702 2764 13)
729 2734 784 2754 cur
802 2734 864 2762 pro
888 2725 1024 2765 royaciue
1048 2735 1075 2768 γ.
1102 2727 1172 2756 rell.
1199 2735 1260 2756 om.
1314 2724 1368 2765 14)
1393 2725 1481 2756 intus.
1509 2726 1595 2756 intus
1618 2735 1678 2755 1110.
1705 2730 1755 2755 est
1773 2735 1791 2755 a
1815 2730 1879 2756 nat.

53 2790 147 2812 censu
170 2783 353 2813 institutam
377 2780 456 2823 (sic)
481 2791 507 2824 γ.
534 2792 553 2812 a
577 2786 692 2812 natura
716 2780 838 2811 insicum
861 2781 894 2811 C.
947 2782 1002 2822 15)
1027 2783 1099 2813 Nisi
1123 2801 1165 2804 -—
1191 2786 1307 2812 natura
1330 2792 1357 2825 γ.
1384 2783 1452 2812 rell.
1479 2792 1538 2811 om.
1591 2782 1646 2821 16)
1672 2781 1736 2811 Diu
1761 2783 1827 2811 uiu.
1853 2792 1880 2823 γ.

54 2837 121 2867 rell.
145 2848 204 2868 om.
270 2839 326 2878 17)
351 2839 477 2877 aliquid
502 2839 640 2868 dextera
665 2839 721 2868 sed
746 2848 873 2869 ueneno
898 2842 1008 2869 utetur
1028 2836 1230 2881 ssssssssssfssssss
1254 2838 1397 2878 (rasura)
1422 2839 1475 2877 pia
1499 2839 1636 2868 dextera
1662 2839 1682 2867 i.
1709 2848 1771 2868 non
1798 2848 1823 2869 e.
1849 2849 1878 2877 p.

54 2895 158 2932 gladio
182 2905 207 2937 γ.
233 2896 369 2925 dextera
392 2896 546 2938 γ(Ηο1-.).
573 2896 640 2925 rell.
669 2896 798 2925 dextra.
847 2896 906 2934 20)
934 2895 1087 2926 Ostendit
1106 2914 1145 2917 —
1164 2897 1317 2934 perficere
1340 2906 1357 2937 γ
1383 2896 1412 2924 h.
1439 2896 1471 2931 1.‚
1497 2896 1564 2924 rell.
1592 2905 1688 2933 supra
1712 2895 1753 2925 ad
1778 2905 1807 2925 u.
1829 2896 1880 2925 52.

56 2950 109 2989 22)
134 2952 225 2982 crede
250 2970 292 2973 -
317 2952 448 2982 uidetur
471 2962 499 2994 γ.
527 2952 594 2982 rell.
621 2961 680 2982 om.
745 2951 803 2990 23)
830 2952 899 2982 Est.
926 2953 1044 2982 ironice
1070 2970 1111 2973 —
1138 2953 1171 2982 id
1197 2957 1246 2982 est
1270 2962 1296 2994 γ.
1324 2952 1392 2981 rell.
1425 2961 1486 2981 0111.
1520 2952 1601 2981 conf.
1630 2951 1672 2981 C:
1709 2948 1882 2995 εἰρωνικῶς

54 3005 110 3036 hoc
133 3011 236 3038 totum
262 3009 382 3039 dictum
408 3013 458 3039 est
483 3012 543 3038 etc.
608 3009 664 3048 24)
691 3009 893 3039 occidendum
926 3009 1077 3051 Tnnvafh.
1110 3010 1317 3039 occidendam
1351 3006 1472 3048 (G?)Q.
1539 3009 1596 3048 26)
1622 3009 1830 3040 confunditur
1854 3019 1880 3050 'l'-

54 3067 144 3092 recte.
171 3065 253 3095 conf.
288 3064 361 3094 Liu.
388 3065 415 3102 Ι,
443 3066 495 3096 23.
520 3065 667 3103 XXXIV⁷
695 3067 724 3095 9.
754 3065 850 3104 Verg.
875 3065 915 3095 A.
950 3066 987 3102 V,
1014 3067 1090 3096 496.
1133 3066 1206 3103 XII,
1233 3067 1316 3096 290:
1342 3065 1526 3105 confimdere
1544 3065 1662 3105 foedus
1694 3076 1763 3096 cum
1796 3066 1880 3095 Pliu.

54 3116 165 3158 XXIX,
192 3121 227 3151 3:
253 3121 358 3160 melle,
382 3131 458 3153 mox
483 3126 585 3160 aceto,
612 3123 688 3151 item
713 3122 782 3152 oleo
807 3121 949 3152 confusis
974 3123 1148 3161 crebroque
1172 3122 1352 3161 permixtis.

1557 3187 1607 3211 152³<

1915 912 1956 943 10

1917 1281 1952 1310 15

1909 1649 1951 1680 20
