2148 3412
824 123 870 155 IN
897 124 1031 156 SERM.
1058 125 1083 163 I,
1113 128 1140 156 1.
1850 121 1899 159 15)

182 245 248 286 36.
281 259 380 301 quae
409 259 438 286 s.
467 260 673 288 muersum
709 255 835 289 contr.
878 247 1085 303 Aquarius
1123 263 1287 291 tanmem.
1353 251 1562 293 Inuersum
1599 266 1762 293 annum.
1804 268 1900 308 pcr-

70 325 239 373 petuum
283 318 496 374 epitheton
541 326 602 361 est
645 320 757 369 anni,
805 320 903 375 quia
947 320 991 361 in
1036 335 1079 362 se
1124 336 1291 378 semper
1329 324 1506 366 uertitur
1535 325 1560 365 i.
1594 339 1628 366 e.
1663 327 1900 367 reuertitur.

68 391 257 432 Maxime
288 399 424 432 autem
456 392 541 434 sole
563 392 605 433 in
627 391 818 447 Aquario
849 393 1071 435 constituto
1103 400 1370 450 tempestates
1402 398 1636 439 horrendae
1668 406 1706 439 et
1736 400 1897 455 frigora

67 464 255 520 ingentia
286 465 419 506 solent
449 480 551 507 esse.
613 464 687 507 Sol
717 473 855 508 autem
885 467 1034 508 transit
1063 467 1105 507 in
1138 466 1375 523 Aquarium
1410 470 1598 528 [X]VII.
1638 471 1737 513 Kal.
1770 473 1897 515 Febr.

68 537 119 578 In
152 552 200 579 eo
231 545 290 579 est
322 538 470 580 diebus
501 538 674 594 triginta
705 554 835 594 usque
867 540 910 580 in
944 539 1134 597 [X]VII.
1164 541 1263 582 Kal.
1295 542 1487 585 Martias.

178 612 246 653 38.
277 620 313 652 et
342 612 421 653 illis
451 614 581 654 utitur
612 621 702 654 ante
732 615 917 668 quaesitis
948 615 1116 670 sapiens.
1190 616 1359 671 Sapiens
1389 616 1577 658 absolute
1618 617 1790 667 dicitur3
1839 630 1898 661 est

66 684 179 726 enim
199 699 364 735 nomen,
387 700 470 726 non
492 685 777 741 participium,
798 694 844 727 ut
864 687 898 728 si
920 686 1091 738 diceret,
1116 688 1214 743 quia
1235 697 1330 729 ante
1354 690 1543 745 (sapiens
1565 692 1897 748 quaesiuerat?);

66 773 148 799 non
180 758 291 799 enim
320 759 401 800 illis
430 760 591 815 sapiens
623 759 830 814 (utitur‘?).

177 833 244 872 41.
275 833 341 872 42.
374 833 468 888 quid
497 834 614 874 iuuat
644 834 739 874 inm.
772 841 805 874 te
835 847 919 889 ary.
946 850 1013 889 po.
1057 843 1091 875 et
1130 838 1229 877 auri
1268 837 1423 878 Furtim
1462 863 1498 867 —
1541 839 1677 879 terra?
1740 838 1897 881 Sensus

64 912 147 947 est:
188 903 296 946 Cum
327 912 441 947 tanto
472 906 609 948 studio
640 907 863 961 pecuniam
896 922 1086 962 quaeras,
1131 908 1232 963 quid
1264 917 1302 949 te
1333 909 1525 960 delectat,
1559 912 1734 953 eandem
1767 927 1894 967 pecu-

63 978 176 1019 niam
210 977 313 1037 [non
343 979 416 1029 uti,
448 979 540 1037 sed]
574 979 682 1021 olam
713 980 878 1022 defossa
909 980 952 1021 in
983 988 1094 1023 terra
1125 984 1323 1023 seruare?

176 1053 242 1093 43.
277 1053 381 1109 quod
411 1055 467 1094 sic
498 1067 537 1094 u.
570 1068 604 1094 r.
638 1070 674 1095 a.
706 1069 740 1095 a.
815 1053 912 1095 Hoc
949 1055 1069 1096 auari
1100 1070 1349 1111 responsum
1381 1064 1441 1098 est
1472 1057 1663 1108 dicentis,
1710 1059 1790 1100 nisi
1823 1060 1895 1101 de-

65 1126 220 1167 fossam
251 1126 473 1181 pecuniam
505 1132 642 1167 seruet
670 1128 869 1177 futurum,
901 1135 946 1168 ut
977 1143 1025 1169 ea
1055 1144 1186 1183 usque
1217 1130 1271 1170 ad
1302 1145 1437 1172 assem
1470 1139 1750 1173 consumatur.

177 1207 219 1240 at
247 1214 285 1240 n.
314 1201 339 1240 τ’.
369 1200 398 1253 f.
431 1214 464 1256 q.
496 1199 531 1240 h..
546 1215 589 1256 p.
623 1215 654 1240 c·
686 1216 722 1241 α.
782 1200 941 1242 Iterum
972 1201 1273 1257 interrogantis
1304 1211 1452 1259 poetae
1490 1205 1594 1246 haec
1624 1205 1755 1247 uerba
1787 1214 1894 1256 sunt,

63 1286 240 1327 quorum
272 1286 417 1314 sensus
448 1279 526 1314 est:
561 1271 677 1325 Quid
708 1288 810 1330 ergo
841 1274 1068 1329 uoluptatis
1098 1275 1176 1316 erit
1207 1276 1249 1316 in
1282 1277 1461 1331 pecunia
1491 1278 1713 1333 adquisita,
1747 1281 1781 1320 si
1811 1295 1893 1321 non
1944 1289 1957 1318 ζ

61 1345 371 1400 impendantur,
404 1361 498 1387 cum
528 1361 627 1388 usus
658 1347 747 1388 eius
778 1347 831 1388 ad
862 1362 938 1389 nos
968 1348 1175 1403 pertinet?
1206 1348 1444 1391 Recondita
1474 1351 1651 1406 perinde
1683 1352 1748 1402 sit,
1780 1368 1829 1394 ac
1860 1352 1894 1394 si

61 1433 145 1460 non
176 1418 391 1460 habeatur.

172 1493 239 1533 46.
271 1494 335 1532 47.
368 1501 414 1534 ut
442 1494 479 1534 si
505 1494 660 1534 1νεῐίεῑιῖ.
686 1495 808 1550 panis
838 1494 1003 1536 uenalis.
1066 1493 1225 1537 Sensus
1257 1503 1337 1538 est:
1382 1496 1752 1549 Quemadmodum
1786 1499 1895 1541 inter

59 1565 228 1607 uenales
259 1579 411 1620 pueros
442 1565 489 1616 is,
537 1566 608 1621 qui
647 1581 777 1622 panes
814 1567 1012 1622 portabit,
1045 1583 1126 1609 non
1168 1569 1261 1623 plus
1297 1570 1477 1625 accipiet
1515 1585 1576 1621 eo,
1625 1572 1697 1627 qui
1738 1588 1893 1614 uacuus

59 1638 303 1689 ambulauit,
345 1638 548 1689 similiter,
595 1640 787 1695 quamuis
818 1640 911 1696 plus
942 1641 1201 1683 laboraueris
1233 1642 1275 1683 in
1308 1643 1583 1698 adquirendo,
1629 1646 1763 1686 factus
1794 1661 1888 1686 cum
1916 1659 1922 1667 ·

0 1713 1 1719 ’
59 1712 115 1754 sis
152 1712 422 1768 pecuniosus,
469 1728 552 1754 non
589 1713 683 1769 plus
720 1721 867 1755 uenter
902 1722 994 1756 tuus
1039 1715 1215 1771 recipiet
1254 1732 1379 1770 quam
1421 1717 1530 1767 eius,
1577 1717 1647 1772 qui
1693 1718 1892 1774 exiguum

58 1785 258 1841 possidet.

176 1993 207 2031 1)
233 1991 363 2022 Lemma
388 1992 418 2022 in
444 1991 582 2031 MG(Q).
647 1991 682 2031 4)
709 1993 742 2022 in
767 1992 896 2032 aquario
926 1992 988 2022 MR
1012 1993 1070 2023 VII
1099 1994 1173 2023 Kal.
1208 1995 1302 2025 MAR
1335 1995 1502 2034 (septimo)
1540 1995 1600 2033 2G,
1635 2005 1664 2025 u.
1698 1996 1786 2026 XVII
1821 1996 1888 2027 Cal.

58 2048 158 2084 ath.
197 2048 345 2084 Quadere
369 2049 451 2079 conf.
478 2050 584 2078 Ancon.
611 2050 650 2078 de
676 2050 945 2088 interpretatione
971 2050 1109 2080 locorum
1135 2053 1345 2089 quorundam,
1383 2054 1497 2091 quibus
1525 2053 1667 2082 siderum
1694 2055 1889 2084 mentionem

0 2093 1 2124 ἶ
58 2104 140 2135 facit
162 2105 316 2135 Horatius
341 2115 370 2143 p.
403 2106 451 2134 12.
483 2107 532 2134 13.
562 2106 611 2135 14.
638 2115 668 2144 p.
697 2107 737 2135 17
762 2106 801 2135 de
827 2106 987 2136 erroribus
1012 2106 1064 2135 uel
1090 2105 1289 2137 Columellae
1313 2109 1365 2138 uel
1391 2109 1649 2139 scholiastarum.
1711 2110 1745 2148 5)
1773 2111 1831 2139 VII
1858 2111 1890 2140 M

59 2171 100 2191 m.
131 2163 144 2191 1
173 2162 229 2191 sed
255 2172 295 2192 m.
322 2162 339 2191 2
367 2172 446 2192 corr.
472 2162 572 2194 XVII.
598 2162 642 2192 R:
669 2163 703 2192 in
728 2162 833 2192 XVIII
859 2163 933 2192 Kal.
960 2163 1104 2192 martias.
1157 2164 1190 2201 7)
1217 2164 1272 2202 qui
1295 2164 1455 2201 MRA?‚v.
1482 2174 1561 2203 quae
1587 2165 1684 2199 ath.
1744 2167 1778 2203 8)
1807 2167 1891 2204 sapis

57 2218 94 2248 R.
119 2219 248 2257 sapiens.
276 2220 296 2248 i.
322 2219 455 2258 prouida
478 2219 603 2249 futurae
628 2219 743 2249 hiemis
769 2220 813 2258 gl.
840 2220 903 2262 Βφ.
929 2220 1084 2259 prudens,
1111 2221 1243 2258 prouida
1258 2220 1293 2250 C.
1321 2220 1365 2256 Q:
1398 2221 1568 2259 ‘posterior
1593 2221 1690 2251 schol.
1717 2231 1788 2259 pars
1813 2222 1888 2251 fort.

58 2279 208 2314 corrupta
232 2279 290 2311 est,
318 2280 403 2306 certe
429 2278 478 2305 est
503 2276 685 2305 obscurior)
735 2277 769 2315 9)
796 2276 840 2306 Et
863 2277 924 2306 hoc
949 2277 1106 2313 scholion,
1133 2281 1169 2307 ut
1186 2278 1394 2315 antecedens,
1422 2277 1589 2306 difficilius
1609 2281 1663 2306 est.
1691 2277 1780 2306 Lect.
1800 2278 1888 2316 uulg,

60 2333 170 2372 (uafh)
196 2333 276 2362 haec
301 2336 363 2362 est:
391 2333 468 2371 quid
493 2338 525 2362 te
550 2333 691 2362 delectat
718 2333 828 2362 eadem
852 2334 991 2371 pecunia
1015 2343 1072 2363 uon
1096 2334 1150 2369 uti,
1174 2333 1227 2362 secl
1251 2333 1410 2364 defossam
1426 2335 1460 2363 in
1477 2338 1594 2363 terram
1611 2332 1761 2363 seruare?
1792 2333 1888 2364 R2G:

59 2389 190 2419 eandem
215 2389 379 2427 pecuniam
402 2399 461 2418 mm
485 2389 530 2418 uti
553 2390 610 2419 sed
636 2389 788 2419 defossam
813 2390 846 2419 in
871 2393 987 2419 terram
1020 2391 1123 2428 (terra
1140 2391 1184 2429 ,2)
1229 2400 1367 2427 seruare,
1417 2391 1512 2429 ‘quod
1545 2399 1672 2419 seruare
1702 2399 1764 2419 non
1798 2390 1888 2419 (lubi-

58 2446 154 2475 tauit‘
179 2445 216 2481 Q.
243 2445 405 2475 Barbarus
431 2446 482 2474 hic
508 2455 611 2475 sermo
637 2445 713 2475 ferri
740 2447 862 2485 nequit.
891 2446 985 2476 Salus
1010 2447 1150 2484 petenda
1176 2457 1217 2476 ex
1241 2446 1285 2483 M,
1324 2447 1358 2476 in
1383 2456 1444 2485 quo
1470 2447 1528 2477 hoc
1560 2447 1659 2476 schol.
1686 2456 1704 2474 a
1729 2456 1770 2475 m.
1806 2447 1823 2475 2
1850 2448 1889 2475 ad

58 2503 158 2532 imum
181 2511 280 2540 marg.
307 2503 460 2540 scriptum
488 2506 547 2531 est.
575 2504 650 2531 ‘tam
675 2512 784 2540 praue,
809 2506 844 2532 ut
869 2504 929 2532 uix
954 2503 1019 2541 legi
1045 2504 1170 2540 possit,’
1196 2506 1231 2532 ut
1257 2503 1406 2532 Halmius
1431 2503 1549 2533 refert:
1570 2521 1609 2523 —-
1630 2502 1721 2541 quide
1747 2503 1887 2532 delectat

58 2559 189 2588 eandem
215 2559 381 2597 pecuniam
405 2559 487 2588 erlar
513 2558 590 2597 (sic)
624 2558 754 2589 defossa
778 2561 811 2589 in
836 2564 922 2590 terra
946 2568 1084 2589 seruare.
1135 2558 1348 2589 Scribendum
1375 2563 1424 2588 est
1450 2559 1537 2589 clam.
1586 2559 1716 2588 Lemma
1742 2559 1823 2592 Quid
1847 2577 1886 2579 -κ

58 2615 130 2645 auri
153 2615 415 2653 amplificandum
441 2619 526 2644 erat:
553 2614 668 2644 Furtim
694 2633 729 2636 -—
758 2613 864 2645 terra?
892 2614 983 2645 Conf.
1009 2615 1112 2645 Plaut.
1137 2615 1231 2645 Poen.
1258 2615 1295 2651 V,
1323 2616 1352 2649 2,
1380 2616 1440 2644 62:
1482 2614 1564 2644 Clam
1584 2613 1756 2653 furtimque.
1783 2614 1887 2644 Verba

58 2681 118 2701 non
141 2671 185 2701 uti
207 2671 261 2701 sed
283 2672 476 2709 intorpolata
500 2681 569 2701 esse
594 2675 738 2709 apparet.
763 2671 918 2701 Horatius
944 2681 1007 2701 non
1030 2671 1188 2710 pecuniam
1213 2672 1302 2700 dixit
1327 2670 1477 2710 defossam
1495 2671 1550 2700 sed
1569 2674 1690 2699 terram.
1744 2671 1798 2707 12)
1826 2671 1889 2700 Hoc

58 2727 275 2767 MRA2G(Q).
300 2728 380 2758 Hor.
398 2738 428 2757 u.
448 2728 546 2758 Hora.
574 2737 602 2757 a.
628 2727 779 2757 Horatius
803 2727 848 2758 fh.
900 2728 956 2767 13)
982 2732 1180 2757 consumatur
1204 2727 1274 2757 MR.
1301 2725 1507 2766 consumsstur
1523 2726 1551 2755 A
1576 2724 1607 2766 (1
1636 2736 1676 2754 m.
1704 2730 1781 2755 mut..
1810 2736 1825 2755 e
1852 2727 1885 2755 in

59 2785 104 2823 a).
130 2784 165 2813 P.
192 2784 342 2814 Danielis
368 2784 557 2822 adscripsit:
597 2784 654 2813 ‘alt
680 2784 748 2813 cod.
780 2788 845 2813 uet.
876 2784 975 2814 habet
1005 2785 1134 2814 omnino
1167 2788 1201 2812 ut
1232 2784 1282 2813 hic
1315 2783 1362 2820 (in
1397 2784 1446 2812 ed.
1480 2782 1618 2821 Fabric.)
1643 2792 1797 2811 excusum
1817 2783 1889 2811 est.’

59 2849 125 2869 eam
149 2858 189 2861 -—
215 2844 371 2870 consumet
393 2839 439 2870 fh.
463 2850 500 2869 ea
523 2858 564 2862 -
592 2844 749 2870 consumet
770 2850 800 2869 v.
825 2849 890 2869 eam
915 2858 954 2861 --
981 2845 1143 2870 consumat
1171 2850 1198 2870 a.
1226 2849 1260 2870 ea
1288 2858 1326 2860 n
1354 2842 1580 2869 consummetur
1604 2838 1640 2874 Q.
1694 2838 1748 2876 15)
1775 2838 1887 2876 adqui>

60 2897 125 2926 sita
147 2896 192 2925 M.
215 2896 401 2934 inpendatur
424 2896 491 2926 M2.
517 2896 716 2935 impendatur
740 2895 901 2935 RAG(Q).
929 2897 1096 2934 impeditus
1122 2906 1142 2924 v
1167 2896 1238 2934 (sic,
1264 2905 1326 2924 non
1346 2896 1483 2934 impe-nd.
1502 2900 1537 2925 ut
1556 2894 1612 2933 Q).
1639 2894 1795 2933 impendis
1821 2893 1886 2924 afh.

61 2953 117 2992 16)
142 2953 277 2991 pertinet
299 2950 506 2993 MR2(G‘.>Q).
545 2953 704 2991 pertineat
726 2952 790 2982 afh.
828 2953 992 2991 pertinere
1017 2952 1181 2982 recondita
1205 2962 1235 2981 v.
1261 2951 1416 2981 recondita
1441 2961 1500 2980 om.
1534 2951 1579 2980 fh.
1613 2950 1752 2980 recondit
1775 2950 1818 2979 M.
1848 2967 1885 2971 —·

58 3008 97 3038 sie
118 3008 220 3038 MRA.
246 3009 316 3040 rell.
368 3010 422 3048 18)
448 3009 539 3047 panis
555 3009 676 3039 uenalis
693 3008 763 3038 MR.
812 3010 868 3048 19)
886 3009 993 3047 pueris
1017 3009 1071 3047 qni
1089 3008 1132 3037 M.
1153 3018 1241 3047 puer.
1269 3008 1304 3037 is.
1332 3009 1384 3046 qui
1405 3010 1433 3037 2.
1452 3017 1530 3045 puer
1547 3008 1573 3036 is
1591 3008 1646 3046 qui
1674 3006 1745 3043 G‚v.
1774 3016 1887 3045 pueros

58 3065 85 3093 is
112 3074 173 3094 om.
200 3064 237 3093 R.
265 3082 305 3086 —
330 3074 362 3094 eo
387 3066 441 3103 qui
472 3064 662 3103 MR2G(Q).
694 3069 721 3093 et
744 3065 798 3103 qui
823 3075 852 3094 v.
878 3074 966 3103 qaam
991 3065 1044 3102 qui
1069 3064 1135 3094 afh.
1210 3064 1267 3102 20)
1293 3063 1469 3093 ambulabit
1494 3063 1560 3092 afh.
1625 3064 1682 3102 21)
1710 3067 1818 3092 uentus
1843 3062 1885 3091 M.

59 3123 133 3150 tuus
159 3120 342 3158 MR2‚vafh.
367 3121 469 3150 tacite
494 3129 553 3150 om.
574 3120 611 3155 Q.
637 3121 773 3164 recipiet
798 3130 882 3151 omn.
910 3121 995 3150 libri.
1021 3120 1156 3159 accipiet
1181 3120 1279 3149 tacite
1305 3119 1419 3149 inculc.
1440 3119 1479 3154 Q.

1582 3184 1615 3209 2*

1924 921 1963 952 10
