2148 3412
825 111 874 143 IN
899 111 1009 146 ART.
1032 111 1166 145 POET.
1824 105 1909 145 579⁷

188 249 264 277 cur
293 249 443 276 urceus
474 235 582 276 eaez‘t?
637 234 688 275 Id
719 242 799 277 est:
832 251 907 278 cur
936 235 1020 278 uile
1061 236 1105 277 fit
1136 250 1241 292 opus
1273 238 1414 280 tuum?
1445 237 1547 281 Vel:
1580 253 1655 281 cur
1685 254 1710 280 a
1739 239 1908 296 magnis

73 308 267 364 incipias,
300 307 344 349 in
374 307 539 349 minora
571 307 774 350 desistas?

185 383 251 423 23.
283 382 461 437 Denique
497 383 547 422 sit
583 382 743 438 quiduis
773 383 899 439 sinzpl.
939 384 976 425 d.
1000 392 1036 425 et
1065 398 1133 426 un.
1214 383 1398 437 Quiduis
1435 386 1586 435 scribe,
1639 386 1819 442 simplex
1865 395 1909 428 ut

73 455 126 498 sit
164 461 205 497 et
239 454 330 496 ueri
368 454 516 496 simile.
582 469 721 497 unum.
782 455 832 496 Id
872 462 955 498 est:
991 455 1180 512 Coeptae
1219 458 1421 501 materiae
1458 466 1498 502 et
1534 460 1724 503 nondum
1765 461 1907 503 finitae

71 544 157 571 non
188 528 318 571 debes
348 528 474 570 aliam
506 527 752 585 adiungere.

183 604 249 644 24.
282 603 348 645 25.
379 603 566 644 Maxima
582 616 679 658 pars
699 611 854 651 uatum,
878 612 999 659 pater
1030 613 1067 646 et
1094 606 1178 647 mu.
1198 620 1239 661 p.
1272 606 1309 647 d.
1341 606 1590 663 Decipimur.
1631 606 1908 664 Apostropha

72 683 132 720 est
163 677 218 718 ad
247 676 439 727 Pisones,
471 676 516 717 id
546 682 626 718 est:
657 675 765 718 Pars
795 683 1030 732 poetarum,
1062 692 1085 719 o
1116 677 1307 728 Pisones,
1339 679 1575 735 decipimur
1607 682 1744 724 studio
1773 682 1907 724 uirtu-

74 752 139 802 tis,
170 749 359 792 labentes
388 750 432 791 in
463 750 579 791 uitia.

186 823 325 882 [pater
356 832 391 866 ec
422 826 508 866 iuu-
567 823 626 866 Et
655 823 859 879 magister
891 831 929 865 et
961 823 1192 882 discipuli]

184 900 249 941 25.
282 899 407 955 specie
437 899 543 939 recti.
606 896 657 938 Id
689 904 763 948 est,
810 897 997 953 imagine
1044 897 1157 949 boni,
1203 898 1303 940 dum
1349 900 1627 954 praeferimus
1673 901 1905 957 imaginem

69 972 270 1016 ueritatis.

181 1048 247 1089 25.
279 1047 345 1088 26.
378 1046 509 1088 breuis
541 1061 620 1088 esse
659 1046 811 1095 laboro,
853 1046 999 1088 Obscu.
1036 1047 1066 1101 f.
1145 1044 1301 1103 [Quasi
1347 1047 1527 1089 diceret:
1573 1047 1669 1089 uolo
1716 1048 1901 1090 scribere

68 1120 285 1178 breuite1·.]
345 1119 464 1162 Laus
495 1126 556 1162 est
588 1119 754 1177 [enim],
787 1119 972 1162 breuiter
1002 1135 1188 1171 narrare,
1236 1121 1309 1163 sed
1340 1121 1440 1163 dum
1471 1121 1559 1163 uult
1605 1122 1758 1177 aliquis
1804 1122 1900 1165 bre-

67 1195 176 1237 uiter
205 1209 392 1244 narrare,
423 1195 469 1236 fit
499 1193 716 1236 obscurus.

180 1269 245 1310 26.
279 1270 344 1310 27.
377 1277 589 1311 sectantem
621 1269 696 1310 len.
728 1269 851 1310 nerui
878 1267 969 1323 Des.
1002 1282 1066 1309 an.
1143 1266 1283 1324 Saepe
1316 1276 1536 1312 eneruatos
1566 1283 1713 1312 uersus
1744 1270 1904 1322 scribit,

67 1343 139 1398 qui
170 1343 241 1384 dat
271 1357 457 1398 operam,
489 1350 534 1384 ut
564 1342 722 1384 scribat
753 1341 955 1385 delicatos
976 1356 1133 1385 uersus.
1195 1344 1311 1385 leuia.
1346 1342 1639 1398 Splendentia,
1671 1343 1778 1386 bene
1811 1360 1905 1386 cur-

65 1416 201 1459 rentia
232 1416 262 1474 [,
292 1416 370 1473 ut].
404 1415 733 1472 (11'e2·9.A.VII,
754 1416 878 1469 634):
925 1417 1070 1470 Pars*)
1104 1417 1202 1458 leuis
1235 1431 1374 1460 ocreas
1405 1418 1508 1460 lento
1540 1419 1696 1460 ducunt
1726 1427 1905 1473 arqento.

20 1538 21 1541 Ἴ
180 1492 245 1532 27.
279 1491 490 1547 Deficiunt.
550 1489 824 1545 Relinquunt.
859 1488 1006 1546 [Vires
1037 1489 1248 1541 deserunt,
1282 1497 1326 1533 ut
1364 1492 1473 1547 Verq.
1508 1490 1561 1534 G.
1592 1491 1627 1542 I,
1646 1493 1748 1534 290:
1780 1494 1906 1535 noctis

19 1587 22 1615 ᾗ
67 1565 242 1621 (lentus)
274 1579 355 1607 non
387 1564 518 1621 deficit
548 1563 725 1620 hamon]
788 1565 997 1620 animique.
1028 1562 1314 1606 quentiones.
1376 1573 1518 1621 turqet.
1550 1565 1740 1608 Inflatur.

18 1623 22 1637 ¹
178 1640 244 1680 28.
277 1638 410 1695 Serpit
439 1639 505 1681 hu.
538 1645 646 1680 tutus
676 1639 770 1679 nim.
805 1639 883 1680 lim.
899 1652 1017 1694 prae.
1076 1636 1195 1679 Dum
1227 1636 1414 1691 Quidam
1445 1640 1582 1681 uitant
1611 1639 1777 1682 inflatos
1808 1655 1904 1682 uer-

19 1711 22 1726 ²
66 1728 134 1756 sus
164 1720 205 1754 et
232 1712 414 1754 tumidos
446 1726 604 1763 sensus,
635 1711 740 1753 fiunt
769 1711 889 1753 uiles.
957 1711 1117 1753 Terrae
1148 1712 1366 1767 proximus
1396 1714 1441 1754 fit
1471 1713 1555 1764 ille,
1588 1714 1660 1769 qui
1691 1714 1809 1755 timet
1839 1715 1905 1756 in-

18 1814 22 1843 3·
65 1787 159 1829 flate
190 1787 343 1837 dicere,
377 1786 476 1841 quia
506 1792 569 1828 est
598 1786 723 1827 ualde
753 1792 880 1835 tutus,
912 1785 956 1827 id
988 1793 1062 1837 est,
1096 1786 1196 1827 dum
1228 1801 1271 1828 se
1303 1787 1410 1828 tueri
1442 1787 1542 1828 uult.

18 1852 22 1860 ³
180 1860 238 1917 [It
267 1875 344 1916 per
374 1867 542 1910 terram,
577 1859 748 1910 scilicet,
781 1859 973 1902 dicendo.
1033 1859 1152 1901 Vilia
1182 1860 1253 1902 ille
1284 1860 1444 1912 scribit,
1477 1861 1548 1916 qui
1570 1867 1656 1902 tute
1677 1861 1768 1903 uult
1799 1862 1903 1904 scri-

19 1960 22 1970 ‚
67 1935 178 1986 bere,
210 1941 250 1977 et
279 1949 363 1977 non
395 1934 520 1975 audet
551 1948 594 1975 se
624 1933 792 1989 magnis
823 1933 1041 1988 imponere
1072 1933 1210 1976 rebus.
1272 1934 1433 1977 Sensus
1464 1943 1545 1977 est:
1584 1934 1701 1976 Dum
1733 1935 1904 1991 quidam

19 1996 22 2043 ἕ
65 2009 228 2052 inflatos
258 2023 404 2050 uersus
436 2008 582 2057 uitant,
612 2006 717 2048 fiunt
748 2007 868 2057 uileS,
901 2015 1122 2063 terraeque
1152 2009 1198 2049 fit
1228 2009 1460 2064 proximus,
1508 2009 1580 2065 qui
1611 2009 1730 2051 timet
1759 2009 1901 2052 inflate

19 2085 23 2138 ζ
67 2084 206 2126 dicere
226 2084 244 2138 ll
270 2085 410 2126 Tutus.
441 2082 493 2123 Id
524 2088 598 2132 est,
631 2081 703 2136 qui
723 2082 740 2135 Η
763 2080 863 2122 dum
895 2095 938 2123 se
969 2082 1077 2123 tueri
1108 2081 1232 2138 uult.]

21 2239 22 2242 ¹
67 2224 167 2263 mine)
195 2223 284 2261 G,vc,
311 2223 396 2253 unde
421 2222 598 2252 Asceusius
624 2220 701 2251 fecit
728 2221 757 2250 ‘a
775 2219 884 2258 plaste'
911 2229 967 2258 pro
994 2219 1133 2259 afiyuffi,
1171 2220 1256 2251 unde
1282 2223 1314 2250 et
1340 2221 1410 2259 ipsa
1434 2226 1500 2252 rota
1524 2221 1671 2262 fiyularis
1708 2232 1757 2261 ap.
1795 2223 1901 2254 Plaut.

70 2281 166 2320 Epid.
192 2280 251 2318 ΙΙΙ,
279 2281 310 2318 2,
338 2280 389 2310 35.

183 2336 216 2376 1)
249 2337 301 2367 Vel
322 2346 376 2366 cm·
401 2346 473 2366 a*
490 2335 628 2365 desistas
652 2344 679 2377 γ.
729 2334 763 2373 3)
790 2334 860 2364 Hoc
886 2335 996 2372 schol„
1023 2334 1108 2373 quod
1132 2343 1242 2364 omnes
1268 2335 1341 2365 libri
1366 2339 1508 2371 tuentur,
1534 2335 1633 2364 tacite
1659 2344 1720 2364 om.
1749 2336 1786 2369 Q.
1812 2336 1901 2366 Idem

19 2400 22 2410 “
68 2396 132 2426 fere
157 2400 207 2426 est
231 2403 282 2433 ap.
298 2394 415 2432 Porph.
441 2391 560 2422 Dem'sc‘t
583 2391 663 2430 quod
686 2390 731 2420 uis
757 2400 818 2432 ·(,v.
843 2391 922 2429 quod
945 2392 994 2420 uis
1020 2391 1076 2432 γΝ.
1103 2391 1201 2421 scribe
1224 2402 1249 2434 γ.
1277 2392 1346 2422 rell.
1373 2391 1505 2421 scribere
1528 2390 1670 2430 quicquid
1693 2391 1743 2420 uis
1769 2391 1902 2420 scribere

67 2452 190 2484 rveafh.
249 2452 284 2490 4)
311 2451 444 2480 Lemma
478 2459 568 2479 unum
603 2449 791 2487 interposui.
811 2465 851 2468 ᾖ
872 2448 982 2477 finitae
1007 2452 1034 2477 et
1057 2457 1120 2478 non
1144 2458 1170 2490 γ.
1232 2448 1266 2487 6)
1294 2447 1498 2487 Apostropha
1523 2451 1572 2478 est
1596 2457 1623 2489 γ.
1651 2447 1720 2476 rell.
1746 2446 1900 2485 Apostro-

67 2493 163 2549 pliam
187 2509 276 2539 facit.
327 2508 360 2546 7)
387 2517 403 2537 0
421 2507 555 2536 Pisones
579 2515 636 2548 ·(‚r.
663 2505 732 2534 rell.
759 2514 818 2534 om.
848 2521 887 2524 ψ
915 2504 1025 2534 studio
1052 2514 1138 2537 omn.
1165 2505 1249 2534 libri.
1277 2505 1382 2543 specie
1408 2504 1524 2534 incule.
1546 2503 1583 2539 Q.
1611 2504 1737 2534 labentes
1762 2505 1793 2534 in
1819 2504 1902 2533 uitia

68 2577 94 2609 γ.
120 2567 187 2596 rell.
213 2566 276 2595 sie:
313 2564 447 2594 uirtutis
474 2568 506 2593 et
532 2563 686 2601 imagine,
725 2562 799 2591 dum
825 2561 1035 2599 praeferimus
1061 2560 1204 2591 ueritatis
1229 2561 1375 2599 (ueritati
1398 2561 1451 2600 fh)
1492 2561 1680 2600 imaginem,
1717 2560 1901 2592 delabentes

69 2624 103 2654 in
128 2624 221 2653 uitia.
288 2622 342 2660 10)
367 2621 405 2650 Id.
431 2624 480 2650 est
508 2637 547 2640 κ-
573 2619 721 2649 ueritatis
747 2628 773 2660 γ.
801 2618 871 2647 rell.
898 2622 932 2647 ut
959 2627 1066 2656 supra.
1134 2618 1188 2656 12)
1214 2617 1284 2647 Hoc
1310 2618 1424 2655 schoL,
1451 2618 1535 2656 quod
1566 2618 1594 2647 N
1620 2617 1722 2655 (Mag.
1751 2622 1782 2647 et
1807 2618 1901 2656 disc.)

68 2680 153 2711 Med.
173 2683 203 2710 et
221 2678 332 2709 rveafh
349 2681 491 2713 tuentur,
518 2686 577 2706 om.
602 2685 628 2718 γ.
659 2674 752 2709 Quasi
768 2692 805 2695 e-
820 2673 950 2704 breuiter
968 2678 999 2704 et
1017 2673 1094 2704 enim
1111 2683 1171 2704 om.
1190 2683 1217 2715 γ.
1271 2673 1326 2712 15)
1354 2673 1465 2703 scribit
1478 2672 1697 2716 yNXG(Q),r.
1717 2673 1854 2703 scribere
1871 2684 1901 2703 v.

69 2737 138 2767 rell.
159 2737 281 2767 scribet.
333 2735 388 2773 16)
415 2743 526 2763 uersus
552 2743 579 2775 γ.
599 2733 666 2762 rell.
686 2741 746 2762 om.
765 2749 800 2752 --
820 2731 968 2760 cadentia
985 2741 1012 2760 c.
1064 2731 1119 2770 17)
1146 2734 1382 2769 iit—argento
1401 2741 1460 2762 om.
1487 2740 1514 2772 γ.
1567 2729 1622 2768 18)
1649 2729 1848 2767 Relinquunt
1873 2739 1900 2771 γ.

69 2794 139 2824 rell.
159 2803 218 2823 om.
238 2792 478 2830 derelinquunt,
495 2790 647 2819 deserunt
667 2787 702 2818 C.
727 2788 820 2818 Vires
833 2806 875 2809 „-
890 2788 1003 2818 humor
1021 2796 1082 2818 om.
1101 2797 1128 2830 γ.
1155 2787 1248 2817 Vires
1275 2788 1426 2817 deserunt
1445 2796 1505 2817 om.
1523 2796 1547 2816 r.
1574 2786 1668 2816 Vires
1686 2785 1733 2816 fh.
1750 2785 1821 2816 rell.
1841 2796 1902 2816 om.

74 2851 129 2891 19)
153 2850 247 2881 leneus
271 2859 332 2880 om.
359 2848 445 2878 libri.
472 2864 515 2868 -—
540 2845 725 2876 quenciones
751 2849 782 2875 et
807 2845 937 2884 Inflatur
961 2855 988 2888 γ.
1014 2846 1085 2875 rell.
1113 2855 1174 2875 om.
1224 2845 1280 2884 20)
1306 2845 1392 2875 Dum
1416 2862 1457 2866 —'
1484 2844 1553 2874 uult
1579 2851 1605 2886 γ.
1668 2842 1725 2883 21)
1751 2844 1901 2874 tumidos.

72 2916 183 2938 sensus
208 2916 235 2948 γ.
273 2906 349 2936 hinc
374 2914 438 2935 non
462 2904 570 2943 posui:
605 2903 746 2933 tumidos
784 2911 909 2939 sensus,
947 2903 1027 2932 fiunt
1064 2902 1154 2932 uiles.
1221 2901 1278 2941 22)
1306 2901 1361 2940 qua·
1384 2905 1433 2931 est
1458 2910 1485 2943 γ.
1512 2919 1529 2921 ψ
1580 2900 1674 2930 ualde
1698 2900 1734 2930 de
1757 2903 1849 2931 tutus
1875 2911 1901 2943 γ.

15 2976 17 2978 ·
73 2963 129 3004 23)
153 2964 190 2994 In
217 2964 288 2994 edd.
312 2960 457 2996 rvcath
481 2961 510 2990 It
538 2978 577 2981 ὗ
604 2960 685 2990 uult.
714 2959 835 2989 scilicet
861 2959 916 2989 ille
941 2960 998 2998 qui
1024 2969 1049 2997 r,
1075 2968 1134 2989 om.
1162 2959 1297 2989 dicendo
1323 2976 1362 2979 a
1391 2958 1502 2988 Vilia*
1519 2976 1530 2977 v
1551 2957 1673 2987 scribit.
1701 2957 1814 2988 scribit
1841 2967 1900 2987 om.

14 3032 17 3039 ·
70 3030 138 3052 voa.
203 3021 260 3060 26)
287 3020 403 3049 dicere.
436 3016 539 3056 Tutus]
567 3017 603 3046 Id
629 3020 685 3054 est,
723 3017 777 3054 qui
804 3025 837 3046 se
862 3015 908 3045 fh.
935 3016 1003 3046 rell.
1029 3016 1144 3053 dicere,
1182 3016 1255 3045 dum
1282 3024 1323 3044 se.
1345 3014 1510 3053 procellae.
1537 3014 1737 3052 allegoricos.
1764 3014 1902 3044 difficul-

72 3078 149 3108 tatis
175 3087 200 3107 r.
228 3076 435 3106 difficultatis
464 3074 500 3105 C.

185 3132 219 3173 ²¹⁴)
244 3133 326 3163 Pars
352 3133 414 3163 leu.
440 3132 516 3163 libri
542 3130 689 3171 Ac1·0nis‚
716 3131 774 3160 Ant
796 3129 859 3160 leu.
888 3130 971 3160 libri.
998 3129 1094 3168 Vei-g.
1121 3128 1261 3167 (Ribb.).

1580 3192 1630 3218 37³·

1933 912 1971 943 10

1932 1280 1972 1320 15.
