2148 3412
816 124 864 156 IN
890 125 1034 159 Eris'r.
1060 126 1104 166 11,
1132 129 1160 159 1.
1827 118 1906 160 539

197 244 289 285 185.
324 245 372 286 Se·
400 245 600 287 discordet
629 262 755 303 eques.
818 246 865 289 Si
897 256 1089 304 equester
1119 249 1234 300 ordo,
1265 250 1344 293 hoc
1375 258 1448 302 est,
1480 251 1749 294 honestorum
1780 252 1908 304 aliud,

81 329 207 370 quam
238 316 383 372 plebes
412 318 525 359 uelit.

194 391 285 431 185.
320 392 411 432 186.
443 392 568 433 media
600 394 704 434 inter
734 396 918 436 earmina
942 405 1116 452 poscunt
1135 399 1217 439 Aut
1238 412 1391 440 ursum.
1465 398 1609 450 Recte,
1643 400 1740 455 quia
1770 401 1908 442 adhuc

79 462 375 518 amphitheatri
405 480 503 507 usus
532 481 616 508 non
648 475 748 517 erat,
785 475 825 509 et
855 468 898 508 in
930 469 1075 510 eadem
1121 484 1250 511 cauea
1295 471 1420 513 etiam
1464 473 1651 514 ferarum
1697 474 1905 530 gladiato-

77 551 254 591 rumque
283 552 459 579 munera
491 540 799 594 spectabantur.

192 611 283 652 187.
324 612 468 653 Verum
499 615 631 668 equitis
661 629 825 670 quoque.
900 613 1014 667 Quia
1043 615 1207 657 dixerat
1239 616 1390 674 [quod]
1424 619 1483 660 lu's
1512 621 1663 674 qaudet
1684 620 1903 676 plebecula,

76 683 239 724 addidit
259 698 336 739 per
366 686 592 740 querelam,
628 701 705 742 per
728 687 1011 743 ἐπιδιὸρθωσιν
1035 689 1161 730 etiam
1191 689 1421 746 locupletes
1452 698 1492 732 et
1521 691 1717 735 honestos
1746 693 1831 734 iam
1861 701 1904 735 ut

75 757 295 813 uulgarem
324 758 525 800 musicam
558 774 767 814 spernere.

189 832 282 873 188.
314 833 487 874 incertos
519 833 667 876 oculos.
728 832 970 876 Secundum
1001 834 1297 888 Academicos,
1336 837 1407 892 qui
1448 839 1716 890 contendunt,
1763 840 1904 882 oculos

73 910 236 946 nostros
267 905 311 945 in
341 905 482 947 multis
511 906 613 957 falli,
646 913 685 948 et
714 907 809 949 ideo
839 907 1000 950 uisibus
1033 908 1239 967 [quoque]
1271 926 1355 952 non
1386 926 1475 953 esse
1506 911 1775 964 credendum,
1809 929 1904 955 cum

75 977 128 1020 sit
156 978 200 1019 in
230 978 422 1033 pluribus
453 978 579 1021 rebus
610 981 763 1022 certior
794 980 927 1037 [quod
956 983 1171 1041 audiatur]
1206 985 1383 1027 auditus.

189 1053 280 1094 189.
312 1053 468 1094 aulaea.
527 1052 612 1094 Per
643 1055 789 1096 aulaea
821 1056 1081 1098 comoediam
1112 1057 1334 1114 significat.
1394 1057 1556 1115 Τρόπος
1588 1061 1836 1115 μετωνυμία.

169 1128 435 1182 premuntur.
498 1125 690 1177 Cessant,
722 1128 1009 1182 inpediuntur.

187 1200 280 1241 190.
314 1201 422 1241 Dum
451 1201 625 1255 suyz'uut.
684 1200 771 1242 Hic
801 1216 948 1257 pugna
983 1204 1226 1245 ostenditur.

186 1289 240 1330 eq.
272 1281 425 1316 turmae
442 1275 697 1330 peditumque
729 1284 927 1317 cateruae.
986 1275 1258 1331 Inpedientes
1288 1278 1488 1329 fabulam,
1520 1295 1573 1320 ne
1604 1287 1767 1335 agatur,
1801 1281 1901 1322 dum

72 1354 314 1403 spectantur
344 1348 573 1389 certamina
605 1348 912 1405 (pyri-hichae),
943 1349 1023 1391 hoc
1053 1357 1126 1401 est,
1172 1351 1271 1392 dum
1303 1352 1458 1407 populo
1491 1352 1698 1394 bellorum
1731 1354 1901 1395 simula-

72 1435 190 1462 crum
220 1428 487 1472 monstratur,
520 1429 560 1462 et
589 1421 643 1462 ad
668 1428 930 1477 'postremum
963 1438 1120 1479 pompa
1150 1424 1304 1466 dicitur
1335 1425 1612 1482 triumphalis.
1675 1426 1804 1484 [Dum
1833 1429 1901 1483 su-

69 1496 205 1550 yz'unt:
237 1494 324 1537 Hic
353 1511 499 1552 pugna
529 1495 793 1552 ostenditur.]

186 1569 278 1610 191.
312 1571 413 1612 Mox
443 1571 633 1611 trahitur.
694 1569 782 1612 Hic
813 1570 1062 1626 triumphus.

184 1644 277 1685 192.
313 1644 472 1685 Esseda.
534 1642 758 1686 Gallorum
779 1644 985 1695 uehicula,
1009 1644 1161 1699 quibus
1182 1652 1389 1701 tamquam
1411 1647 1514 1689 uicti
1534 1662 1656 1704 reges
1676 1648 1897 1691 uehuntur.

183 1829 218 1868 2)
244 1828 347 1866 plebes
372 1828 467 1858 uelint
478 1828 521 1857 M.
547 1829 652 1867 plebes
676 1829 757 1858 uelit
782 1827 843 1858 2G.
869 1829 1006 1867 pluralis
1032 1837 1094 1857 non
1113 1829 1216 1859 solum
1233 1840 1283 1868 ap.
1301 1830 1457 1860 Prudent.
1478 1831 1653 1872 (plebium)
1673 1836 1704 1862 et
1721 1832 1900 1871 Aug-nstin.

71 1883 252 1924 (plebibus)
277 1885 335 1914 sed
362 1886 458 1915 etiam
483 1895 533 1923 ap.
574 1884 698 1915 Colum.
724 1885 769 1914 IX
795 1884 875 1923 (tres
901 1886 1063 1915 alueorum
1083 1885 1199 1925 plebes)
1226 1888 1375 1917 occurrit.
1401 1887 1471 1929 Βφε
1511 1889 1542 1917 ‘i.
1570 1889 1596 1917 si
1621 1889 1685 1918 iam
1710 1890 1799 1919 oneri
1823 1893 1898 1918 sunt

70 1942 211 1971 carmina
233 1942 448 1972 nobilioribus
474 1942 658 1972 stolidiores
683 1942 820 1971 audacia
846 1946 940 1980 capta
966 1942 1029 1981 (sic
1058 1952 1115 1980 pro
1140 1944 1240 1982 capti)
1267 1953 1285 1972 a
1309 1945 1470 1974 ministris
1497 1950 1672 1983 exposcunt
1697 1946 1813 1975 ludos.'
1862 1944 1897 1984 3)

68 1999 135 2029 Aut
160 2009 221 2030 om.
249 1999 293 2029 M.
341 2000 376 2039 4)
404 2000 509 2038 amph.
535 2000 608 2029 adh.
636 2000 664 2029 2.
725 1999 759 2037 6)
787 1998 907 2029 dixerit
929 2009 959 2028 v.
986 2000 1072 2037 quod
1097 1999 1142 2029 fh.
1169 2001 1281 2030 attulit
1305 2000 1396 2032 vafh.
1424 2002 1493 2032 rell.
1519 2001 1645 2032 addidit.
1697 2002 1731 2041 7)
1757 2002 1897 2041 quaerel-

68 2055 128 2086 lam
151 2056 195 2086 M.
224 2056 412 2096 (quaerellis
438 2055 474 2086 C.
500 2055 541 2094 ΙΙ,
570 2058 622 2094 17,
652 2055 684 2095 l)
710 2055 881 2094 querellam
905 2055 969 2093 A2,
1006 2060 1042 2086 ut
1066 2056 1174 2086 Ambr.
1200 2057 1318 2096 aliique
1342 2058 1379 2087 E.
1405 2059 1429 2094 Ι,
1459 2059 1508 2095 12,
1535 2060 1565 2089 3.
1603 2059 1780 2097 quaerelam
1804 2069 1836 2095 v,
1861 2062 1898 2089 ut

71 2112 154 2157 ΒφΕ
179 2113 271 2143 Barc.
298 2114 419 2152 aliique
443 2117 635 2144 constanter.
662 2113 732 2142 rell.
770 2112 937 2151 querelam.
963 2122 1019 2151 per
1044 2110 1126 2144 ἐπιθ.
1162 2113 1361 2153 MA2G(Q).
1387 2124 1446 2145 om.
1473 2114 1519 2144 fh.
1553 2119 1637 2153 spat.
1664 2125 1734 2145 uac.
1761 2115 1818 2144 rel.
1844 2124 1896 2145 va.

68 2188 112 2192 ——
135 2174 172 2201 ut
195 2170 426 2210 MA2G(Q)‚v.
455 2181 516 2201 om.
542 2171 608 2200 afh.
657 2171 692 2209 8)
720 2171 874 2200 musicum
897 2169 985 2200 vafh.
1034 2170 1069 2209 9)
1097 2170 1166 2201 Sec.
1192 2170 1235 2200 ad
1257 2172 1366 2201 amicos
1382 2171 1448 2201 M2.
1501 2172 1556 2209 10)
1582 2181 1708 2210 quoque
1732 2170 1798 2201 afh.
1825 2171 1896 2200 rell.

68 2237 128 2258 om.
190 2228 246 2266 11)
273 2229 389 2258 certior
414 2226 502 2257 M2G
540 2228 590 2267 (in
615 2236 715 2266 marg.
741 2226 861 2257 auditus
885 2227 989 2259 adscr.
1015 2236 1072 2265 pro
1095 2228 1174 2266 quod
1196 2226 1365 2267 audiatur),
1402 2238 1452 2258 va.
1490 2229 1605 2259 certior
1640 2228 1719 2267 quod
1752 2228 1897 2258 audiatur

67 2284 186 2315 auditus
209 2294 260 2315 va.
287 2284 403 2315 certius
428 2295 457 2324 q.
484 2285 556 2314 aud.
582 2284 659 2320 th.
685 2284 826 2314 Auditus
852 2288 884 2314 et
915 2285 969 2314 hic
993 2285 1130 2314 facultas
1156 2285 1310 2315 audiendi
1335 2288 1390 2322 est,
1417 2289 1451 2315 ut
1475 2285 1560 2316 Plin.
1586 2285 1674 2322 VIII,
1701 2285 1752 2314 32.
1777 2284 1895 2320 XXIII,

67 2342 98 2371 4.
122 2341 238 2380 XXIV,
268 2344 318 2371 11.
345 2341 411 2371 Cic.
437 2341 536 2371 Marc.
563 2342 594 2372 4.
620 2341 722 2372 Tacit.
747 2341 785 2370 A.
811 2341 864 2377 IV,
894 2342 946 2379 69,
983 2351 1045 2372 non
1070 2342 1115 2379 id,
1151 2341 1230 2381 quod
1251 2341 1402 2377 audiatur,
1430 2346 1462 2372 et
1488 2342 1518 2370 in
1546 2342 1616 2379 ipso
1640 2343 1708 2372 loco
1735 2340 1802 2371 Cic.
1830 2340 1893 2370 Off.

67 2398 93 2436 Ι,
121 2400 179 2429 1οι
204 2399 288 2428 nihil
311 2403 439 2437 praeter
463 2399 609 2429 auditum
633 2399 745 2428 habeo.
773 2398 854 2427 conf.
880 2397 984 2427 Tacit.
1011 2398 1052 2428 H.
1071 2399 1112 2435 Π,
1132 2399 1183 2428 59.
1207 2399 1298 2428 breui
1323 2398 1446 2428 auditu.
1498 2399 1552 2437 12)
1579 2399 1666 2427 aulea
1694 2407 1749 2436 per
1773 2398 1894 2427 auleam

67 2454 141 2494 MG,
166 2459 202 2486 ut
226 2456 258 2485 h.
284 2456 304 2485 1.
330 2466 348 2498 γ
374 2459 405 2485 et
432 2454 468 2486 C.
493 2455 551 2491 111,
579 2455 630 2491 29,
661 2455 697 2484 15
735 2454 808 2484 Par.
845 2454 884 2484 A.
922 2454 1016 2484 Baro.
1052 2455 1151 2485 Bern.
1191 2454 1226 2485 C.
1253 2454 1285 2485 S.
1311 2455 1354 2493 ΙΙ,
1380 2455 1410 2492 8,
1438 2456 1479 2485 54
1517 2459 1548 2484 et
1573 2455 1644 2484 Act.
1669 2465 1699 2493 p.
1730 2456 1802 2485 154.
1840 2455 1894 2498 Βφ

67 2512 161 2544 Barc.
188 2514 281 2543 Fran.
308 2514 361 2552 qui
388 2514 451 2542 sibi
478 2517 629 2542 constans
655 2516 712 2548 est,
739 2515 775 2540 ut
799 2511 898 2541 Bern.
928 2510 963 2541 C.
990 2512 1057 2541 rell.
1083 2513 1194 2542 aulaea
1220 2507 1378 2550 (afflasti),
1417 2521 1498 2549 quae
1535 2512 1694 2550 scriptura
1731 2512 1765 2540 in
1802 2512 1893 2541 codd.

67 2569 266 2609 frequentior
290 2574 348 2600 est.
375 2588 414 2591 μ
442 2574 549 2607 tropos
573 2572 648 2599 met.
674 2568 839 2604 M2G,va..
855 2572 963 2605 tropus
987 2577 1055 2609 μετ.
1081 2569 1127 2598 fh.
1194 2569 1249 2607 13)
1274 2568 1344 2597 Non
1369 2572 1497 2598 cessant
1523 2569 1600 2606 imp.
1625 2567 1715 2597 vafh.
1741 2568 1892 2606 sumuntur.

55 2626 198 2658 ‘manent
221 2627 285 2670 Βφ.
322 2628 514 2666 impediunt,
551 2635 616 2656 seu.
642 2626 708 2655 diu.
734 2634 847 2663 pressa
871 2626 1041 2663 quiescunt
1066 2624 1102 2655 C.
1130 2644 1170 2646 —
1197 2625 1353 2663 impedire
1377 2624 1441 2654 fab.
1467 2635 1507 2655 ne
1532 2635 1583 2663 ag.
1621 2625 1651 2655 d.
1690 2635 1738 2663 sp.
1776 2624 1894 2654 inuidia

68 2682 244 2722 (inuidiosa
267 2683 303 2722 v)
331 2684 391 2713 hoc
414 2681 546 2720 M-2G‚v.
576 2681 754 2720 Impediunt
776 2680 840 2710 fab.
867 2690 907 2710 ne
931 2690 982 2719 ag.
1011 2682 1085 2711 dum
1111 2691 1157 2720 sp.
1184 2681 1332 2711 militaria
1356 2682 1385 2711 h.
1411 2691 1436 2711 e.
1463 2681 1499 2716 Q.
1527 2681 1655 2710 dicens:
1694 2681 1792 2711 ‘Fort.
1819 2682 1893 2711 aliis

67 2740 192 2770 facilior
218 2740 399 2770 emendatio
424 2740 486 2769 loci
512 2739 653 2776 corrupti
679 2738 854 2776 continget.
891 2738 971 2767 Dum
983 2737 1056 2777 fuy.
1081 2738 1120 2768 Id
1143 2742 1194 2775 est,
1220 2738 1362 2768 fabulam
1387 2747 1418 2766 n.
1446 2747 1497 2775 ag.
1524 2738 1553 2766 d.
1581 2747 1626 2775 sp.
1652 2736 1802 2767 inuidiosa
1826 2737 1892 2767 afh.

56 2795 193 2837 fuyiuut.
220 2797 331 2827 audire
356 2807 381 2827 s.
407 2796 549 2826 fabulam
573 2795 636 2839 Βφ.
674 2795 735 2824 Pro
759 2794 886 2832 iuuidz'a,
923 2803 986 2832 qua
1010 2804 1080 2824 cum
1105 2804 1182 2825 uoce
1206 2793 1346 2824 induciae
1371 2794 1524 2823 maiorem
1547 2794 1712 2823 literarum
1738 2794 1893 2824 similitu-

67 2854 174 2884 dinem
199 2854 318 2883 habent
344 2863 437 2893 quam
458 2852 645 2892 pyrrhiclzae
671 2850 730 2891 (Cz
759 2852 802 2880 ‘id
829 2854 886 2889 est,
912 2851 987 2880 dum
1000 2851 1177 2890 Pyrrhicha
1194 2851 1331 2889 populus
1349 2850 1579 2889 delectam-s),
1608 2851 1699 2888 posui
1716 2851 1892 2888 certamina,

67 2920 124 2949 pro
148 2911 295 2949 inpedire
320 2915 428 2940 autern
453 2910 657 2947 inpedientes.
685 2907 855 2938 Caeterum
882 2908 974 2937 sedes
1000 2909 1113 2938 horum
1139 2908 1332 2938 scholiorum
1357 2907 1514 2936 mutanda
1539 2911 1617 2944 erat,
1642 2907 1773 2937 etiamsi
1797 2911 1893 2937 osteu-

67 2967 112 2997 dit
133 2969 264 2997 uerbum
291 2977 455 2997 commune
481 2970 512 2997 et
537 2967 577 2996 ad
601 2966 674 2996 llaec
692 2974 799 3005 puqua
823 2968 855 2994 et
880 2965 920 2994 ad
944 2964 992 2994 hic
1017 2964 1184 3003 triumphus
1218 2964 1383 3002 pertinere
1409 2963 1540 2992 duxeris
1566 2973 1637 2993 cum
1662 2963 1702 2993 H.
1728 2963 1892 3002 Stephano

68 3025 101 3054 in
125 3024 240 3063 Porph.
266 3025 370 3054 Emm.
397 3034 427 3062 p.
457 3024 530 3053 167.
599 3023 653 3062 19)
680 3040 722 3042 *-
747 3021 961 3060 triumphalis.
986 3022 1061 3050 Mox
1085 3020 1218 3051 trahitur
1242 3019 1384 3051 manibus.
1419 3019 1482 3048 Hic
1507 3029 1559 3057 pu.
1586 3020 1777 3058 ostenditur,
1815 3030 1892 3050 mox

68 3081 178 3120 agitur
202 3082 255 3111 hic
279 3081 472 3119 triumphus.
498 3080 568 3110 rell.
594 3080 732 3109 habent:
768 3079 849 3108 Dum
860 3077 998 3118 fugiunt.
1025 3078 1078 3108 hic
1103 3087 1154 3116 pu.
1181 3080 1243 3108 ost.
1269 3086 1345 3106 mox
1370 3076 1512 3106 trahitur
1537 3075 1691 3117 (trayitur
1715 3075 1750 3119 v)
1774 3077 1826 3108 hic
1850 3081 1890 3107 tr.

68 3137 127 3169 huc
150 3142 190 3170 tr.
214 3137 321 3175 MQG.
347 3139 401 3169 hic
425 3141 466 3169 tr.
494 3135 648 3178 2‚vath.
699 3135 757 3176 20)
786 3135 913 3167 essedas
937 3135 982 3166 M.
1010 3152 1051 3157 —
1076 3144 1105 3174 q.
1131 3138 1244 3166 tautum
1267 3133 1314 3164 fh.

1930 924 1970 956 10

1926 1291 1967 1322 15

1923 1660 1966 1692 20
