2148 3412
860 144 905 174 m
935 144 1069 175 snum.
1096 144 1140 175 11.
1169 150 1196 174 4.
1863 134 1943 175 285

230 268 296 309 32.
327 268 497 311 Murice.
559 265 627 322 Τῷ
650 267 879 322 πορφυρίῳ,
913 266 1023 321 quod
1055 266 1168 322 apud
1200 266 1326 309 Baias
1357 267 1596 322 nascitur.†)

230 340 381 382 melior.
442 340 527 382 Pro
559 341 670 382 bono.

233 414 409 455 Lucrina
436 414 596 469 peloris.
657 412 778 466 Quae
824 415 864 454 in
897 413 1087 455 Lucrino
1132 416 1225 456 sinu
1271 414 1469 465 nascitur,
1516 414 1587 456 ubi
1622 415 1817 457 meliores
1854 431 1945 456 niu-

120 489 225 530 rices
268 494 497 529 nascuntur
542 501 667 541 quam
698 486 742 527 in
774 486 937 528 Baiano
967 486 1125 537 littore3
1176 502 1321 529 murex
1363 495 1501 529 autem
1541 503 1674 544 genus
1711 495 1773 530 est
1801 488 1944 544 piscis,

121 561 202 620 [ut]
237 561 415 602 Lucilius
447 560 547 615 (ino.
579 559 672 601 libr.
706 560 856 616 fragm.
891 561 970 601 106
1003 560 1067 601 ed.
1101 558 1257 615 Gerl.):
1290 576 1512 617 mureoeque
1541 563 1732 604 marinus.

230 635 295 676 33.
331 634 488 676 Ostrea.
550 632 698 676 Genus
733 642 938 675 neutrum.

235 708 392 750 Circeis.
453 705 626 749 Scilicet
654 714 894 749 nascuntur.

231 782 297 823 34.
330 782 568 824 Pectim'bus.
629 778 777 823 Genus
807 781 948 836 piscis.

229 855 342 898 molle
378 857 609 898 Tarentum.
672 855 757 896 Aut
788 854 1027 903 delicatum,
1061 864 1131 896 aut
1161 855 1260 909 quia
1291 854 1439 897 melior
1471 864 1533 897 est
1562 855 1621 896 ibi
1643 856 1827 910 ae1·‚suel
1849 856 1947 911 quia

120 929 294 987 tingitur
323 928 383 970 ibi
413 944 614 985 purpura.
1033 931 1037 934 '

230 1004 296 1045 35.
328 1004 409 1046 Nec
438 1004 514 1046 sibe·
542 1017 757 1045 caenez-*um
789 1005 931 1059 quiuis.
989 1001 1125 1043 Nemo
1156 1001 1280 1043 debet
1310 1002 1566 1058 adroganter
1588 1002 1742 1051 dicere,
1775 1003 1882 1044 scire
1904 1017 1948 1045 se

120 1077 324 1133 adparare
345 1092 517 1119 caenas:
541 1077 693 1118 etenim
716 1077 836 1118 ardui
859 1076 1039 1126 artificii,
1060 1075 1139 1133 [est
1161 1075 1250 1132 eas]
1270 1076 1438 1117 easdem
1460 1075 1705 1132 diligentius
1727 1076 1947 1132 adparere.

232 1160 373 1193 temere
404 1152 543 1206 σάγος.
576 1161 714 1193 artem.
776 1150 826 1191 Id
848 1159 928 1192 est:
962 1149 1059 1191 Non
1089 1149 1212 1191 facilc
1243 1164 1387 1192 omnes
1408 1149 1631 1205 disponere
1652 1158 1825 1205 possunt
1848 1165 1947 1192 con-

121 1225 292 1276 uiuium,
324 1224 406 1266 nisi
438 1225 506 1280 qui
541 1225 630 1267 eius
659 1224 852 1266 nouerint
884 1223 1100 1266 rationem.

232 1299 313 1342 Nec
344 1300 442 1341 satis
460 1308 517 1341 est
533 1313 633 1340 cara
643 1300 774 1355 pisces
790 1313 984 1340 auerrere
1006 1313 1154 1340 mensa.
1206 1298 1325 1340 Cara.
1358 1296 1470 1340 Caro
1492 1298 1638 1354 pretio.
1690 1298 1797 1339 Cara
1813 1312 1948 1339 mensa
1998 1310 2014 1337 5,

124 1372 255 1430 [ideo]
289 1372 442 1414 dicitur
473 1372 713 1428 piscatoria,
760 1373 859 1426 quia
891 1372 1029 1414 carius
1059 1372 1196 1428 pisces
1228 1387 1353 1427 quam
1390 1386 1487 1414 caro
1527 1371 1611 1413 alia
1650 1371 1947 1413 distrahuntur.

233 1457 386 1489 temere.
447 1445 563 1487 Mira
595 1445 754 1488 inrisio.

234 1522 299 1562 36.
332 1529 490 1563 exacta.
543 1518 792 1576 Explorate,
825 1519 1101 1562 considerata.

232 1604 306 1637 ten.
338 1603 416 1636 rat.
448 1608 654 1651 saporum.
714 1592 808 1636 Nisi
840 1593 957 1650 prius
994 1607 1190 1649 saporum
1232 1594 1466 1649 perceperit
1505 1594 1721 1635 rationem.
1783 1595 1946 1636 ratione.

122 1667 306 1711 Difficile
338 1667 625 1724 percipienda.

232 1757 435 1785 auerrere.
494 1741 692 1792 Auferre,
725 1742 973 1784 abstrahere.
1004 1742 1046 1782 in
1069 1741 1246 1792 Rostris,
1269 1741 1342 1783 ubi
1362 1742 1492 1798 piscis
1514 1756 1611 1783 caro
1633 1741 1948 1795 uendebatur.*)

234 1817 299 1858 38.
332 1817 530 1871 [ymarum
561 1817 702 1872 quibus
735 1826 790 1858 est
820 1818 885 1857 ius
916 1821 1062 1873 aptius.
1109 1813 1268 1858 Sensus
1300 1823 1380 1857 est:
1420 1814 1516 1857 Non
1548 1815 1712 1866 sufficit,
1745 1815 1949 1871 pretiosos

123 1904 289 1932 mensae
319 1890 456 1945 pisces
486 1890 700 1945 inquirere
731 1904 839 1940 eum,
887 1889 958 1945 qui
990 1889 1163 1945 ignarus
1194 1898 1268 1939 est,
1315 1889 1426 1944 quod
1467 1889 1531 1930 ius
1576 1888 1762 1944 piscibus
1806 1896 1948 1943 aptum

125 1963 187 2006 sit.
245 1962 378 2019 Atqui
409 1964 491 2006 assi
523 1964 717 2006 meliores
749 1973 855 2013 sunt,
894 1964 952 2005 ita
983 1972 1026 2004 ut
1057 1977 1128 2005 eos
1159 1962 1332 2004 satiatus
1363 1963 1542 2004 conuiua
1574 1969 1745 2017 repetat.

235 2039 303 2080 38.
332 2047 389 2080 est
418 2042 479 2080 ius
509 2040 656 2094 aptius.
717 2037 912 2080 Piscibus
943 2036 1118 2087 scilicet,
1150 2045 1188 2078 et
1221 2046 1278 2078 est
1306 2051 1384 2091 pro
1415 2038 1477 2077 sit.

240 2195 271 2230 1')
296 2189 351 2225 Τω
376 2188 646 2225 ΠΟΛΡΦΥΡΙΟΟ
672 2194 752 2233 (sic)
779 2204 859 2233 quae
884 2212 925 2215 —-
951 2190 1123 2238 πορφύραΫ
1152 2211 1191 2215 m
1219 2195 1361 2224 nascitur
1386 2203 1411 2235 γ.
1441 2192 1553 2222 murice
1576 2192 1706 2222 Baiano.
1732 2192 1788 2230 qui
1814 2209 1851 2212 —--
1878 2201 1950 2221 nas-

126 2252 206 2281 citur
231 2250 268 2281 C.
294 2252 364 2281 rell.
391 2261 452 2281 om.
502 2252 536 2290 2)
561 2250 667 2280 melior
692 2261 747 2289 pro
774 2252 857 2281 bono
881 2260 907 2292 γ.
935 2251 1002 2281 rell.
1029 2261 1089 2281 om.
1141 2251 1175 2289 3)
1203 2250 1291 2286 Quae
1316 2268 1357 2271 κ-
1384 2250 1532 2280 meliores
1558 2259 1617 2279 om.
1642 2259 1670 2291 γ,
1696 2248 1750 2287 qui
1776 2249 1889 2278 habet:
1916 2248 1951 2277 In

126 2308 245 2337 lucrina
269 2308 413 2346 peloride
439 2307 476 2346 (l.
504 2308 537 2337 in
563 2307 705 2338 Lucrino
731 2309 803 2337 sinu
831 2307 1010 2346 pelorides.)
1036 2307 1139 2346 optimi
1162 2317 1240 2336 mur.
1268 2316 1354 2336 uase.
1381 2310 1440 2336 etc.
1490 2306 1524 2344 4)
1551 2315 1630 2335 mur.
1656 2304 1818 2344 capiuntur
1843 2303 1877 2334 C.
1905 2309 1952 2334 est

127 2368 233 2395 autem
250 2373 330 2394 mur.
345 2374 416 2403 gen.
436 2365 534 2403 piscis
552 2364 586 2393 C.
636 2365 671 2403 5>
699 2368 732 2394 ut
760 2375 819 2395 om.
847 2374 873 2406 γ,
900 2365 953 2403 qui
980 2364 1108 2402 insuper
1134 2364 1229 2394 habet
1254 2364 1397 2401 glossas:
1423 2367 1509 2393 testa.
1534 2372 1574 2392 ex
1600 2362 1826 2400 superioribus.
1851 2370 1951 2399 genus

127 2425 175 2451 est
200 2421 308 2460 piscis.
375 2422 430 2461 11)
455 2422 537 2451 scire
563 2431 597 2452 se
621 2431 647 2463 γ.
673 2422 742 2451 rell.
770 2431 803 2451 se
829 2422 922 2451 scire.
948 2421 1081 2450 artificii
1107 2420 1226 2450 easdem
1244 2421 1299 2449 dil.
1325 2429 1351 2461 γ.
1377 2420 1448 2449 rell.
1476 2420 1605 2449 artificii
1632 2424 1680 2448 est
1707 2427 1758 2448 eas
1784 2418 1842 2447 dil.
1894 2418 1950 2456 12)

127 2477 217 2508 ardui
239 2478 339 2508 tacite
364 2488 425 2508 om.
453 2478 490 2514 Q.
558 2477 614 2518 13)
642 2477 772 2508 Lemma
796 2478 982 2516 interposui.
1012 2477 1050 2507 Id
1075 2481 1124 2507 est
1148 2486 1174 2519 γ.
1207 2486 1270 2507 non
1296 2481 1339 2506 est
1363 2477 1385 2506 f.
1413 2486 1439 2507 o.
1468 2476 1497 2505 d.
1532 2485 1620 2514 posse
1644 2485 1669 2516 'a‘-
1737 2475 1792 2513 14)
1818 2474 1951 2504 nouerit.

127 2534 195 2564 rell.
220 2539 380 2565 nonerunt.
420 2535 492 2565 Non
530 2552 567 2556 —
608 2536 764 2565 rationem
790 2545 848 2565 om.
877 2532 1083 2573 (G?Q)‚mva.
1152 2534 1207 2573 16)
1233 2542 1379 2562 auerrere
1405 2543 1430 2575 'l‘-
1459 2532 1584 2562 auferre
1622 2549 1661 2553 --
1700 2531 1902 2561 uendebatur
1925 2540 1952 2571 'l'-

129 2591 195 2621 rell.
220 2601 279 2621 om.
329 2591 462 2622 Glossae
488 2592 660 2630 separatim
686 2592 719 2621 in
745 2591 834 2622 codd.
860 2592 937 2622 Hor.
963 2595 999 2621 ut
1024 2591 1049 2620 E
1077 2599 1229 2620 (averrere.
1257 2589 1390 2619 auferre.
1418 2590 1497 2628 eope
1536 2589 1723 2627 (conparate
1749 2598 1773 2617 s.
1800 2596 1953 2626 conpara-

128 2648 210 2688 t-iue)
226 2657 244 2677 a
260 2648 394 2678 macella
411 2648 448 2686 (l.
466 2648 624 2687 macello),
644 2649 698 2678 ubi
716 2648 902 2678 carissimae
918 2649 987 2688 (me,
1006 2652 1061 2677 aut
1078 2648 1098 2677 l.
1118 2648 1245 2685 carnes)
1264 2647 1455 2676 uenduntur.
1482 2645 1550 2689 Βφι
1577 2653 1739 2674 auct-rere.
1766 2644 1954 2674 abstrahere

129 2703 192 2747 Βφ.
216 2705 248 2734 in
272 2704 310 2741 B,
335 2709 372 2735 ut
397 2706 430 2734 in
455 2704 596 2743 Magd.2‚
628 2707 639 2733 l
668 2715 709 2735 m.
736 2706 792 2735 alt.
819 2715 834 2734 r
859 2709 937 2735 mut.
966 2705 997 2733 in
1022 2709 1046 2741 t,
1072 2704 1105 2733 in
1130 2704 1214 2740 aliis,
1245 2707 1279 2733 ut
1303 2702 1349 2733 St.
1375 2701 1515 2738 Vict0r²‚
1554 2711 1619 2732 uar.
1661 2701 1733 2731 lect.
1771 2705 1910 2730 auertere
1936 2710 1953 2729 a

133 2761 147 2789 1
173 2770 213 2791 m.
238 2762 413 2800 adscripta.
450 2771 597 2791 auerrere
622 2771 700 2800 pure
725 2762 821 2791 etiam
848 2762 881 2790 in
907 2760 994 2791 HJM
1018 2761 1127 2790 Ambr.
1154 2760 1271 2798 Regin.
1297 2764 1436 2789 auertere
1465 2768 1533 2788 cum
1559 2760 1665 2797 glossa
1690 2766 1785 2787 emere
1809 2757 1833 2786 F
1859 2757 1953 2786 Beru.

130 2815 154 2846 C
178 2821 237 2848 etc.
265 2816 349 2848 Caro
374 2819 477 2856 pretio
501 2828 527 2860 γ.
554 2818 622 2848 rell.
649 2828 710 2848 om.
763 2819 819 2858 17)
845 2819 926 2848 mira
951 2818 1063 2847 irrisio
1090 2827 1118 2860 γ.
1139 2817 1206 2848 rell.
1226 2825 1287 2847 om.
1341 2817 1396 2855 18)
1422 2815 1589 2854 explorata
1613 2815 1736 2844 consid.
1761 2824 1788 2856 γ.
1815 2813 1858 2844 C:
1883 2823 1954 2852 per-

130 2871 213 2903 fecte
236 2875 377 2913 cognita,
402 2875 523 2906 consid.
551 2876 638 2914 expl.
663 2875 733 2904 rell.
761 2885 821 2904 om.
888 2875 942 2914 19)
969 2874 1269 2904 Nisi—rationem
1293 2882 1320 2915 γ.
1346 2872 1414 2902 rell.
1443 2881 1502 2901 om.
1567 2871 1624 2910 20)
1650 2870 1795 2901 Difficile
1819 2880 1902 2909 perc.
1927 2880 1954 2913 γ.

133 2927 174 2958 C:
200 2939 279 2968 quae
303 2930 479 2961 difficulter
506 2932 691 2970 percipitur.
742 2932 798 2971 22)
824 2932 980 2969 pretiosae
1002 2939 1030 2973 γ.
1048 2930 1118 2960 rell.
1145 2931 1294 2968 pretiosos
1317 2930 1368 2958 uel
1394 2928 1566 2966 preciosos.
1616 2927 1674 2966 23)
1700 2937 1820 2966 gnarus
1838 2937 1864 2968 γ.
1883 2928 1952 2958 rell.

132 2983 268 3024 iquarus.
295 2987 379 3025 quod
404 2988 453 3018 ius
477 2987 583 3027 quibus
606 2989 749 3027 piscibus
773 2997 801 3030 γ.
849 2987 908 3026 24>
933 2990 970 3016 ut
995 2992 1050 3017 aut
1074 2996 1101 3028 γ.
1129 2987 1197 3016 rell.
1223 2986 1265 3015 ita
1288 2990 1328 3015 ut.
1378 2985 1435 3024 25)
1459 2989 1501 3013 est
1523 2984 1568 3014 ius
1592 2984 1805 3023 aptius—sit
1827 2994 1854 3026 γ.
1882 2984 1952 3013 rell.

133 3049 192 3070 om.
217 3042 299 3073 conf.
327 3042 369 3073 C:
396 3062 436 3068 —
462 3045 526 3074 nisi
551 3045 640 3083 prius
666 3045 830 3081 didiceris,
856 3044 940 3082 quod
965 3044 1026 3079 ius,
1052 3043 1167 3081 quibus
1192 3043 1334 3081 piscibus
1366 3042 1409 3070 sit
1436 3041 1544 3078 aptius
1568 3040 1609 3070 ad
1634 3041 1872 3078 prouocandum
1898 3050 1953 3079 pa-

133 3095 230 3127 latum
254 3100 408 3130 conuiuae
432 3100 569 3140 lanyuidi
592 3102 613 3130 i.
641 3100 802 3130 fastidiosi
829 3106 860 3130 et
885 3099 1058 3138 defatigati
1084 3100 1185 3129 nimio
1212 3099 1299 3128 luxu.
1350 3098 1381 3137 ²¹²²)
1409 3107 1477 3127 care
1504 3097 1540 3127 C.
1566 3096 1742 3127 Hermann.

287 3154 317 3194 †)
345 3153 506 3200 κογχυλίῳ
531 3157 763 3187 Hirschfelder.
790 3157 890 3186 Arist.
915 3156 956 3186 H.
983 3157 1020 3186 A.
1048 3157 1085 3192 V,
1117 3158 1164 3185 15.

1979 943 2014 973 10
