2148 3412
226 126 310 167 420
872 129 1432 164 Aen.ffrPORPH.COMM.

342 260 407 301 13.
441 260 534 300 Post
565 258 663 299 haec
692 265 737 299 ut
768 257 915 298 ualeat.
977 256 1025 297 Ut
1056 270 1133 310 pro
1164 255 1369 311 quomodo.

343 334 406 372 14.
440 340 559 387 utque
592 331 756 373 cohorti.
815 327 1134 371 Adsessoribus.

342 407 406 446 17.
441 406 489 447 Ut
521 413 564 446 tu
591 405 813 459 fortunam,
846 406 903 445 sic
934 418 1007 444 nos
1040 411 1086 451 te,
1124 402 1242 451 Celse,
1274 402 1462 456 feremus.
1522 400 1715 442 Indicato
1746 401 1798 450 ei,
1839 400 1989 455 inquit,
2021 408 2061 442 et
2117 426 2134 438 -.

226 481 508 529 insusurrato,
526 477 764 535 [futurmm]
793 484 837 518 ut
867 477 958 532 ipse
989 475 1233 517 felicitatem
1264 490 1382 516 suam
1415 481 1455 515 et
1485 488 1727 530 processum
1758 474 1801 515 in
1831 474 2060 516 amicitiam

162 565 173 572 '
228 551 399 595 Claudii
430 567 513 594 non
544 551 773 593 insolenter
802 551 958 601 tulerit,
1002 550 1061 591 ita
1091 564 1167 591 nos
1198 563 1365 604 quoque
1405 548 1586 603 (animo)
1626 555 1842 603 tamquam
1881 563 1966 590 non
1996 548 2060 590 in·
2116 588 2118 593 ,

229 626 379 669 solenti
411 625 570 668 amicos
600 626 774 667 futuros.

879 776 1255 832 EPISTVLA
1296 777 1336 844 1,
1379 779 1426 830 9.

1052 887 1243 932 ACRON.

343 995 378 1035 1.
411 993 637 1049 sepulum..
696 991 784 1033 Hie
821 998 881 1033 est
920 987 1263 1040 SEPTIMIVS,
1311 989 1362 1030 de
1405 1004 1486 1044 quo
1523 989 1716 1045 superius
1754 989 1825 1045 (e.
1856 989 1913 1041 Π,
1947 991 1984 1041 6,
2019 992 2062 1046 1)

228 1069 304 1109 ait:
338 1068 508 1124 Septimi
531 1067 656 1108 Gadis
679 1066 839 1107 aditure
861 1079 1026 1107 mecum.
1085 1063 1183 1105 Hac
1214 1071 1353 1104 autem
1384 1063 1564 1119 epistula
1596 1061 1851 1119 Septimium
1884 1063 2064 1107 Claudio
2114 1076 2116 1092 ³

227 1141 388 1183 Neroni
420 1139 699 1182 commendat.
765 1139 922 1181 Claudi.
980 1137 1214 1180 Vocatiuus
1245 1144 1319 1178 est.

344 1217 381 1256 2.
416 1215 571 1264 Quanti
597 1228 657 1254 me
686 1213 742 1267 fa.
806 1211 948 1264 Quam
980 1226 1124 1253 carum
1154 1211 1324 1252 habeas.

342 1289 380 1328 4.
414 1289 591 1342 Diymim
612 1295 737 1328 mente
758 1287 819 1328 do.
844 1287 915 1341 leq.
937 1286 1026 1328 Ιιοη.
1086 1285 1232 1339 Ipsum
1254 1284 1519 1340 Septimium,
1559 1284 1630 1339 qui
1652 1285 1807 1341 dignus
1837 1291 1899 1327 est
1928 1292 2066 1329 mente
2113 1319 2116 1343 ‚

228 1368 312 1412 tua,
344 1361 424 1403 hoc
455 1368 535 1403 est:
570 1360 642 1416 qui
670 1361 849 1403 >honesta
879 1359 999 1416 eligit
1031 1359 1211 1414 (elegit).
1274 1359 1448 1414 leqemis.
1507 1357 1720 1414 Eligentis
1752 1359 2009 1416 (elegeritis).

343 1437 380 1477 5.
414 1443 545 1477 censet
576 1436 706 1476 amici.
768 1432 878 1476 Cum
911 1442 1040 1475 censet
1063 1434 1275 1489 propioris
1307 1434 1430 1474 amici
1457 1448 1517 1474 me
1546 1434 1668 1488 funqi
1693 1448 1869 1475 mernere.
2118 1474 2122 1485 V,

343 1511 380 1550 6.
412 1509 591 1551 ualdius.
650 1506 722 1549 Ab
754 1522 803 1550 eo
835 1507 948 1562 quod
979 1515 1040 1549 est
1069 1507 1207 1557 ilalde,
1239 1506 1393 1557 ualide,
1424 1507 1603 1557 ualdiiw,
1650 1507 1827 1549 ualidius
1855 1508 1956 1549 facit
1986 1508 2066 1564 (fe-

229 1583 345 1635 citit).
405 1581 563 1624 Melius
595 1582 779 1638 gratiam
811 1581 1042 1637 cognoscit,
1076 1595 1202 1636 quam
1232 1580 1346 1636 apud
1378 1586 1416 1621 te
1446 1579 1595 1630 habeo,
1629 1595 1755 1635 quam
1786 1595 1866 1637 ego
1897 1581 2001 1637 ipse.
2122 1572 2124 1581 ¹

344 1657 382 1698 8.
411 1657 513 1712 finoe
530 1658 689 1698 minora
704 1664 890 1712 putarer.
947 1654 1013 1696 Ne
1053 1654 1251 1704 dicerem,
1295 1654 1446 1708 (dicere
1476 1660 1648 1709 putarer
1679 1652 1729 1696 C.
1760 1654 1994 1697 Hermann.
2026 1656 2065 1697 d.
2116 1638 2118 1653 ι

228 1730 399 1772 uiderer
429 1729 760 1784 Hirschfelder.)
793 1743 877 1770 non
899 1743 966 1770 me
988 1743 1124 1784 posse,
1148 1743 1255 1783 quae
1276 1734 1479 1783 poteram.
2116 1774 2117 1778 Ἰ

343 1806 378 1845 9.
412 1804 705 1845 Dissimulator
726 1804 809 1860 opis
828 1817 968 1860 propr.
1031 1802 1147 1859 [Hoc
1168 1802 1248 1859 est]
1274 1800 1361 1855 Qui
1391 1817 1475 1845 non
1497 1803 1730 1854 ostendam,
1763 1803 1876 1859 quod
1907 1804 2066 1860 possim

228 1877 297 1920 uel
329 1877 461 1919 celem
495 1891 597 1932 opes
628 1890 754 1918 meas.
1715 1877 1718 1879 ’
2114 1861 2118 1867 ⁴

230 2012 350 2051 tharqo.
379 2010 437 2040 ‘Ut
453 2010 537 2048 apud
552 2009 693 2040 Graecos
711 2005 871 2052 ληθαργὸς
889 2013 921 2040 et
938 2006 1095 2052 ληθαργία
1114 2013 1145 2040 et
1163 2005 1365 2052 ληθαργικός,
1385 2010 1432 2039 sic
1449 2010 1533 2048 apud
1553 2010 1688 2041 Latinos
1707 2011 1869 2050 lethargus
1886 2013 1962 2043 Hor.
1982 2012 2066 2051 S.11‚
2118 2018 2119 2023 ¹

231 2069 261 2103 3,
292 2067 365 2097 145.
392 2065 512 2106 Sulpic.
540 2076 590 2106 ap.
618 2066 754 2102 Quintil.
770 2067 824 2104 IV,
841 2068 871 2096 2.
899 2067 983 2096 Plin.
998 2066 1100 2100 XXX,
1119 2067 1170 2103 10,
1187 2068 1215 2096 9.
1242 2066 1430 2105 letharyz'cus
1454 2067 1531 2097 Hor.
1551 2067 1581 2097 S.
1600 2068 1641 2105 II,
1662 2069 1690 2106 3,
1710 2070 1762 2100 30.
1799 2069 1881 2099 Plin.
1899 2069 2017 2108 XXIII,
2039 2072 2065 2100 1.
2118 2079 2126 2099 ι

348 2125 380 2163 1)
406 2128 441 2153 ut
466 2134 523 2162 pro
548 2123 691 2162 quomodo
717 2122 942 2162 MRA2G(QJ).
972 2127 1006 2153 ut
1033 2133 1088 2162 pro
1113 2123 1198 2152 morlo
1224 2123 1377 2161 quomodo
1403 2133 1432 2153 v.
1470 2128 1543 2162 post
1580 2125 1658 2155 haec
1695 2129 1731 2156 ut
1768 2127 1875 2156 ualeat
1904 2131 2069 2165 properent
2116 2118 2120 2166 J

233 2181 311 2220 (sic)
339 2191 367 2211 a.
394 2180 541 2211 Posthaec
568 2185 601 2210 ut
626 2181 727 2211 ualeat
762 2182 840 2219 quid
878 2185 966 2219 agat,
1004 2181 1186 2218 interrogat
1222 2180 1258 2210 fh
1297 2180 1382 2218 (sine
1407 2181 1570 2211 lemmatis
1597 2183 1713 2221 signo).
1779 2184 1814 2222 2)
1841 2184 2067 2215 Adsessoribus

230 2238 373 2279 MG(Q).
392 2239 431 2267 ad
449 2239 626 2268 sessoribus
643 2248 673 2267 v.
691 2239 910 2267 assessoribus
928 2238 1052 2275 luza,
1079 2238 1317 2267 assectatoribus
1342 2237 1386 2268 fh.
1436 2239 1471 2277 4)
1493 2238 1631 2275 sittim-um
1648 2240 1734 2270 libri.
1754 2241 1814 2272 del.
1833 2245 1923 2279 puto,
1950 2241 2067 2280 quippe

233 2299 337 2326 ortum
362 2305 404 2325 ex
418 2294 548 2334 ficturos
573 2299 671 2334 atque
689 2304 751 2324 11011
778 2299 865 2324 recte
891 2295 1023 2331 dictum,
1050 2304 1124 2324 nain
1149 2299 1181 2323 ut
1206 2312 1247 2315 -—
1273 2294 1352 2333 (ita)
1393 2312 1409 2314 -
1427 2296 1687 2333 conparationem
1711 2296 1742 2326 h.
1768 2298 1789 2329 1.
1817 2299 1981 2336 exprimit.
2031 2298 2065 2338 5)

232 2352 330 2382 (mimo
356 2361 419 2381 non
445 2361 523 2390 opus
551 2356 600 2382 est
625 2361 683 2391 pro
707 2356 867 2391 tamquam,
894 2352 978 2390 quod
1003 2361 1086 2383 omn.
1113 2353 1189 2382 libri
1214 2355 1363 2389 tuentur3
1389 2351 1527 2381 insolenti·
1551 2353 1679 2383 datiuus
1705 2358 1762 2384 est.

344 2408 501 2439 ACRON.
549 2408 620 2438 AD.
647 2408 875 2438 CLAVDIVM
900 2409 1118 2440 NERONEM
1143 2409 1310 2447 inscriptio
1337 2419 1421 2439 omn.
1448 2409 1514 2439 fere
1544 2411 1699 2440 codicum.
1731 2411 1826 2440 Fran.
1859 2412 1950 2441 addit
1980 2421 2065 2442 num.

232 2467 286 2496 IX.
313 2477 350 2496 v:
379 2467 523 2502 Quintus
549 2467 704 2496 Horatius
729 2466 876 2496 Flaccius
903 2466 1025 2496 Claude
1053 2467 1131 2506 (sic)
1158 2468 1298 2497 Neronis
1325 2465 1396 2504 (pro
1421 2467 1552 2497 Neroni.
1578 2467 1636 2506 S)

349 2524 404 2562 ll)
431 2524 590 2562 Septimus
614 2534 634 2553 v
660 2525 693 2553 in
719 2524 791 2553 lem.
820 2528 852 2554 et
877 2525 910 2553 in
949 2525 1082 2554 scholio.
1122 2524 1185 2553 Hic
1210 2528 1259 2553 est
1298 2525 1447 2562 septimus
1481 2525 1563 2566 γ1),ν.
1594 2525 1661 2553 rell.
1689 2534 1749 2554 om.
1789 2524 1957 2564 Septimius.
2009 2525 2063 2564 12)
2111 2530 2122 2544 >⁴

232 2583 349 2621 gaudes
374 2583 403 2617 b,
430 2585 467 2611 ut
493 2582 520 2610 R
545 2582 585 2610 ad
611 2582 729 2619 Porph.
769 2581 851 2611 conf.
890 2582 980 2611 codd.
1008 2582 1049 2610 ad
1086 2581 1123 2612 C.
1161 2581 1202 2619 ΙΙ,
1242 2583 1270 2618 6,
1310 2583 1338 2610 1.
1378 2599 1417 2601 »ἡ
1447 2581 1517 2610 Hac
1553 2585 1660 2611 antem
1699 2582 1792 2619 epist.
1831 2585 1912 2620 sept.
1951 2581 2064 2623 -sb(Q.).

232 2638 319 2669 Haec
344 2648 394 2668 au.
433 2638 599 2677 septimum
635 2638 773 2676 epistola
809 2648 839 2667 v.
878 2639 946 2668 rell.
996 2639 1066 2668 Hac
1103 2648 1153 2668 au.
1191 2638 1280 2676 Sept.
1320 2639 1414 2676 epist.
1452 2638 1527 2668 Vae.
1555 2642 1603 2668 est
1640 2648 1666 2679 γ.
1704 2638 1870 2668 uocatiuus
1907 2648 2000 2669 casus
2035 2639 2064 2668 b.

232 2697 301 2726 rell.
340 2705 400 2726 om.
469 2696 523 2735 14)
551 2694 655 2730 Quam
680 2705 724 2725 ca.
751 2695 824 2725 hab.
863 2696 910 2736 γῑ).
950 2696 1019 2725 rell.
1059 2705 1120 2725 om.
1189 2695 1243 2734 15)
1271 2695 1378 2733 Ipsum
1415 2712 1456 2715 ——
1494 2695 1587 2733 eligit
1623 2696 1671 2737 γῐ).
1710 2694 1795 2733 Elig.
1832 2705 1859 2738 γ.
1897 2696 1967 2725 rell.
2006 2705 2064 2725 om.
2110 2704 2112 2724 i

234 2754 325 2791 Eleg.
352 2754 380 2782 b.
449 2752 504 2791 17)
532 2753 575 2781 Et
601 2763 671 2782 cum
700 2752 804 2791 (Ordo
831 2755 897 2782 est:
925 2751 1038 2791 cum?)
1067 2769 1105 2773 -—
1132 2761 1261 2782 munere
1287 2762 1313 2793 γ.
1342 2762 1412 2781 cum
1438 2762 1488 2782 me
1518 2754 1538 2782 ἷι
1569 2752 1646 2790 (sic)
1681 2756 1789 2782 censet
1818 2770 1852 2773 a
1882 2761 2012 2782 munere
2035 2753 2064 2782 b.
2109 2760 2125 2770 ⁴‘

233 2811 301 2840 rell.
329 2820 389 2839 0111.
457 2810 513 2848 18)
541 2810 637 2839 ualde
662 2810 789 2839 ualdius
815 2809 894 2839 facit
919 2813 955 2839 ut
980 2810 1020 2839 ab
1046 2818 1082 2839 eo
1108 2810 1192 2848 quod
1217 2813 1268 2839 est
1293 2810 1400 2839 ualide
1424 2810 1566 2839 ualidius
1590 2808 1655 2844 th
1681 2813 1711 2838 et
1736 2819 1806 2846 vca,
1833 2818 1913 2848 quae
1939 2819 1998 2839 om.
2025 2812 2063 2838 ut.

234 2867 284 2895 Ab
310 2885 346 2887 --
376 2867 456 2896 facit
481 2867 530 2908 γ1).
556 2870 659 2896 totum
686 2867 784 2897 schol.
813 2876 873 2897 om.
900 2865 1001 2909 sz,C.
1055 2866 1111 2905 19)
1138 2867 1254 2896 Melius
1281 2885 1321 2887 —-
1347 2868 1416 2905 ipse
1440 2868 1477 2908 *sb
1503 2870 1535 2896 et
1560 2867 1622 2910 Βφ,
1649 2867 1711 2905 qui
1728 2867 1862 2897 habent:
1889 2866 2018 2897 ualdius.
2044 2865 2064 2894 i.
2108 2892 2112 2906 0

234 2924 347 2952 melius
385 2941 413 2944 e*
441 2925 519 2962 ipse.
546 2924 626 2953 conf.
648 2923 690 2953 C:
719 2924 845 2953 ‘melius
871 2932 964 2961 cogn.
992 2924 1131 2962 gratiam
1158 2942 1199 2944 e—
1225 2925 1304 2962 ipse.
1331 2933 1348 2953 a
1373 2924 1467 2953 ualde
1493 2924 1529 2953 fit
1553 2924 1693 2961 ualdius,
1720 2925 1803 2954 sicut
1828 2933 1846 2953 a
1870 2925 1984 2959 ualide⁷
2010 2932 2064 2952 ua-

235 2981 355 3009 lidiiis.7
421 2981 479 3019 20)
505 2980 552 3009 Ne
578 2998 620 3001 —
646 2983 788 3018 poteram
813 2989 830 3020 γ
856 2984 887 3009 et
910 2980 941 3017 b,
969 2980 1024 3018 qui
1049 2980 1161 3010 habet:
1200 2980 1330 3010 minora.
1357 2990 1452 3019 quam
1479 2984 1554 3010 sunt
1580 2981 1659 3019 (qua
1685 2976 1714 3019 s)
1742 2990 1782 3010 ne
1808 2981 1916 3011 dicere
1939 2990 1984 3011 me
2007 2991 2065 3011 non

237 3047 286 3074 po.
312 3046 342 3074 q.
371 3046 419 3074 po.
447 3036 490 3066 C:
516 3047 560 3066 me
584 3047 643 3067 non
667 3047 717 3075 po.
746 3038 816 3066 rell.
843 3046 904 3067 0111.
961 3036 1019 3075 22)
1048 3036 1110 3071 Qui
1137 3036 1237 3075 (quod
1262 3038 1298 3076 b)
1328 3055 1365 3058 —
1392 3047 1479 3067 meas
1504 3038 1553 3078 γ1),
1580 3047 1638 3067 om.
1665 3037 1733 3067 Hoc
1758 3042 1817 3067 est.
1843 3037 1926 3068 conf.
1955 3037 2061 3078 C(Q):

236 3093 305 3123 Hoc
331 3096 387 3122 est.
415 3104 443 3132 q.
470 3104 498 3123 11.
526 3104 564 3130 0.,
592 3095 667 3133 quid
692 3096 826 3133 possim,
853 3094 903 3123 uel
928 3098 960 3123 ut
984 3093 1033 3131 (ut
1057 3103 1118 3123 om.
1148 3093 1190 3132 Q)
1217 3094 1315 3123 celem
1342 3104 1436 3133 opum
1461 3094 1546 3132 apud
1572 3098 1604 3124 te
1629 3104 1738 3124 meam.
1768 3094 1837 3125 Hoc
1869 3096 1966 3125 schol.
2000 3104 2059 3126 om.

236 3150 342 3187 vcat'h,
369 3151 422 3189 qui
449 3151 547 3182 schol.
575 3152 615 3181 ad
641 3162 670 3181 u.
702 3153 737 3182 11
766 3151 918 3193 (Frontis)
944 3154 1020 3181 ante
1045 3150 1183 3183 alterum
1207 3151 1304 3182 huius
1328 3160 1441 3182 uersus
1469 3149 1673 3192 (Commodus)
1700 3155 1884 3191 posuerunt.
