2148 3412
819 168 867 198 IN
894 168 1029 199 sunm.
1057 168 1099 198 11.
1130 172 1156 199 1.
1830 160 1907 200 199

81 287 377 336 contradicere,
400 295 439 328 ct
459 288 538 329 hoc
559 288 783 331 Trebatius
805 290 1038 345 respondit3
1068 290 1173 332 iuris
1194 291 1323 332 uerbo
1345 307 1443 334 usus
1464 300 1537 334 est.
1597 293 1775 334 Praetor
1796 294 1908 334 enim

81 361 218 403 dicere
248 360 425 402 solebat:
473 363 536 404 hic
567 364 648 404 dies
679 364 855 419 diffissus
888 373 978 405 esto.
1052 362 1241 405 Aliter:
1276 363 1506 408 Consentio
1537 366 1613 408 tibi
1658 367 1750 416 hoc,
1797 366 1910 421 quod

80 434 196 477 fortis
226 434 294 484 sis,
335 435 408 476 sed
439 442 578 477 tamen
610 451 711 477 caue
742 437 994 487 admonitus,
1041 451 1094 478 ne
1125 437 1326 492 ignorans
1356 439 1494 494 legem
1526 440 1671 481 uenias
1702 440 1745 480 in
1778 439 1905 496 [dis-]

82 507 249 550 crimen.

191 582 255 623 80.
290 590 332 622 ut
362 585 544 624 monitus.
606 583 739 625 Dccst
769 586 847 625 fac.
879 587 1011 639 ‘neqolt‘
1039 599 1116 639 pro
1147 587 1314 639 negotii,
1346 584 1389 625 id
1420 592 1494 636 est,
1527 586 1717 641 periculi.

192 656 258 696 81.
290 656 477 698 Incutiat.
540 656 703 707 Iniciat‚
737 657 876 698 laedat
906 664 957 698 te.

191 736 427 770 sanctarum
456 731 552 772 inse.
585 732 725 785 lequm.
785 730 1084 781 Firmatarum,
1116 732 1389 786 participium
1420 748 1444 773 a
1475 733 1605 774 uerbo
1627 735 1800 780 soncior,
1840 731 1909 789 [Si

81 801 235 857 autem]
254 810 324 843 aut
354 817 506 844 nomen
537 811 599 845 est
628 813 877 855 sanctarum,
911 804 953 845 id
985 813 1068 846 est:
1102 820 1210 860 quae
1242 821 1326 847 non
1357 805 1510 848 debent
1541 806 1705 848 uiolari.

193 876 300 932 quid.
358 875 551 931 Aliquid.

189 950 358 990 inscitia.
418 949 677 1005 Ignorantia.

192 1023 256 1063 82.
290 1023 338 1064 Si
364 1025 475 1064 mala
507 1025 618 1066 cond.
678 1024 904 1066 Trebatius
945 1025 1056 1066 mala
1101 1026 1221 1080 quasi
1268 1027 1494 1069 criminosa
1539 1027 1658 1077 dixit,
1706 1027 1913 1068 Horatius

81 1095 199 1149 quasi
229 1095 392 1138 uitiosa.
451 1099 564 1139 mala.
606 1097 710 1140 .Pro
740 1098 961 1150 maledica,
994 1099 1306 1141 contumeliosa.

191 1171 234 1211 in
265 1184 390 1225 quem.
449 1169 664 1226 Aliquem.

190 1245 253 1285 ius
285 1253 350 1285 est.
413 1242 586 1287 Scilicet
617 1245 726 1286 inde.

192 1319 257 1359 83.
290 1318 580 1375 Iudicz'zmzque.
640 1318 738 1360 Hoc
768 1319 862 1374 lege
892 1318 987 1360 XII
1017 1318 1255 1360 tabularum
1286 1327 1452 1361 cautum
1484 1330 1557 1362 est.

191 1391 299 1432 Esto.
360 1390 577 1433 Horatius.
618 1387 633 1394 q

192 1466 311 1520 siqw’s
340 1466 458 1506 mala.
519 1464 690 1507 Scilicet
723 1481 880 1521 poenas
910 1465 1007 1507 luet.

192 1539 257 1580 84.
291 1539 525 1580 condiderit.
587 1537 881 1594 Conposuerit.

193 1613 256 1654 85.
291 1614 518 1654 latrauerz'l.
581 1613 924 1670 [Adlatrauerit]‚
957 1620 1202 1669 persecutus
1232 1614 1370 1663 fuerit,
1402 1614 1663 1656 lacerauerit.

192 1688 341 1741 inte-qm·
372 1689 484 1742 ipse?
545 1686 854 1743 Interrogatiue
885 1687 964 1728 hoc
996 1686 1213 1728 Horatius.
1273 1686 1416 1728 Etiam
1449 1688 1483 1729 si
1514 1696 1757 1743 persecutus
1788 1689 1915 1730 fuerit
1941 1701 1947 1709 ·

82 1759 211 1801 malos
241 1759 407 1814 aliquis,
439 1775 533 1801 cuin
555 1760 646 1816 ipse
668 1760 721 1802 sit
741 1760 918 1816 integer.
961 1761 1046 1802 risu
1070 1767 1276 1802 commoto
1298 1775 1348 1802 ex
1370 1761 1628 1804 carminibus
1649 1762 1757 1818 legis
1778 1777 1914 1818 paena

83 1832 373 1875 infirmabitur.

193 1908 258 1949 86.
291 1908 510 1950 Soluentur
533 1910 620 1950 risu
643 1909 814 1950 tabulae.
860 1908 1086 1949 Trebatius
1108 1908 1336 1963 respondit.
1385 1907 1474 1949 Aut
1494 1910 1683 1951 subsellia
1705 1911 1914 1952 soluentur

85 1980 108 2021 i.
141 1995 174 2022 e.
207 1996 400 2038 conpago
431 1982 659 2039 lignorum,
706 1989 774 2023 aut
811 1982 928 2037 ipsae
975 1982 1102 2037 leges.
1178 1980 1243 2022 Al
1259 1982 1376 2023 iter:
1424 1982 1521 2024 Non
1567 1992 1688 2023 erunt
1731 1984 1775 2024 in
1820 1998 1915 2025 eum

84 2055 230 2106 seueri,
263 2056 334 2111 qui
363 2056 453 2097 iure
483 2057 760 2112 persequitur.
823 2055 893 2111 [Id
914 2063 994 2097 est:
1027 2054 1224 2096 ridebunt
1253 2055 1392 2110 legem
1414 2055 1507 2096 XII
1529 2055 1702 2097 TABB.
1733 2058 1736 2111 Ι
1764 2057 1912 2113 uulgo:
1968 2066 1978 2073 ⁷

84 2128 222 2185 legum
251 2129 345 2170 XII
376 2129 542 2171 tabulae
570 2132 574 2184 Ι
601 2137 648 2171 tu
677 2129 843 2171 ueniam
882 2129 1097 2171 merebere
1128 2144 1152 2170 a
1188 2129 1412 2180 iudicibus,
1458 2130 1492 2172 si
1531 2145 1784 2186 quemquam
1824 2131 1916 2187 ipse

87 2209 200 2244 extra
230 2203 399 2245 noxiam
430 2204 566 2259 possis
596 2203 686 2245 iure
717 2203 935 2260 lacerare]

198 2287 239 2319 tu
260 2279 416 2320 missus.
475 2277 714 2333 Inpunitus‚
747 2292 930 2319 securus.

201 2385 232 2422 l)
259 2384 422 2422 respondit
445 2394 471 2425 γ.
500 2384 569 2413 rell.
596 2383 778 2421 respondet.
805 2387 837 2412 et
862 2383 920 2412 hoc
937 2400 974 2403 -m
995 2383 1113 2412 crimen
1140 2392 1198 2412 om.
1227 2382 1352 2419 (}‚mva.
1369 2400 1386 2402 e
1400 2400 1409 2402 »ν
1426 2383 1558 2412 Praetor
1575 2401 1612 2403 —
1631 2383 1726 2412 fortis
1751 2383 1794 2411 sis
1812 2392 1871 2412 om.
1889 2392 1915 2423 γ.

87 2439 122 2477 2)
141 2439 260 2470 diffisus
274 2441 359 2470 libri.
377 2440 470 2471 falso.
490 2440 569 2470 conf.
588 2441 704 2478 Porph.
755 2440 789 2478 3)
810 2441 844 2469 in
859 2440 981 2469 crimen
994 2449 1020 2480 γ.
1037 2440 1069 2468 in
1084 2439 1252 2468 discrimen
1267 2439 1312 2468 fh.
1329 2439 1398 2468 rell.
1415 2449 1476 2469 om.
1494 2444 1663 2477 utrumque
1681 2445 1768 2469 recte
1786 2440 1914 2468 dicitur.

87 2496 118 2526 in
141 2497 251 2527 crimen
276 2499 387 2528 uenire
413 2498 483 2527 Ter.
510 2498 588 2527 Hec.
605 2497 664 2535 ΙΙΙ,
686 2499 713 2534 1,
733 2498 774 2527 55
801 2498 871 2527 siue
897 2498 928 2526 in
955 2506 998 2526 cr.
1024 2496 1131 2525 uocari
1157 2495 1223 2525 Cic.
1250 2496 1340 2525 Verr.
1358 2495 1396 2531 V7
1417 2496 1469 2525 50.
1497 2496 1575 2533 Nep.
1600 2496 1682 2526 Tim.
1711 2497 1739 2525 3.
1766 2497 1799 2524 in
1825 2495 1918 2525 discr.

88 2555 196 2584 uenire
214 2556 282 2584 siue
300 2556 407 2585 uocari
423 2554 489 2585 Cicv
506 2555 599 2584 Dom.
621 2556 650 2584 7.
667 2553 734 2584 Cic.
753 2554 866 2583 Manil.
887 2555 915 2583 5.
954 2553 988 2592 5)
1008 2553 1110 2583 Deest
1128 2553 1187 2582 fac.
1203 2563 1232 2595 γ.
1252 2553 1320 2582 rell.
1339 2563 1398 2582 om.
1417 2552 1561 2591 mayoli*
1572 2552 1702 2590 periculi
1720 2562 1746 2594 γ.
1765 2552 1834 2581 rell.
1855 2562 1917 2581 om.

90 2610 124 2648 6)
150 2610 278 2642 Incutiat
295 2616 383 2642 —te
407 2621 434 2654 γ.
462 2611 531 2641 rell.
558 2622 617 2641 0111.
669 2611 703 2649 7)
729 2611 778 2640 De
802 2615 897 2640 sanct.
925 2610 979 2650 loy.
1007 2611 1088 2640 conf.
1116 2610 1268 2639 Dirksen.
1296 2611 1327 2638 in
1352 2610 1435 2638 libro
1461 2609 1500 2638 de
1526 2609 1587 2646 leg.
1608 2608 1667 2637 XII
1693 2609 1781 2637 tabb.
1808 2618 1837 2645 p.
1855 2609 1916 2638 509

90 2667 129 2696 ad
145 2668 211 2697 tab.
230 2668 305 2698 VIII
323 2668 362 2698 fr.
393 2670 418 2697 1.
446 2668 480 2698 Si
505 2671 613 2698 autem
640 2667 686 2697 fh.
715 2667 751 2696 δι’
774 2671 879 2697 ortum
905 2677 947 2696 ex
973 2677 1003 2696 u.
1024 2676 1089 2705 seq.
1117 2666 1152 2696 Si
1175 2666 1266 2696 mala.
1294 2666 1385 2703 posui
1411 2670 1471 2695 (ιιιε.
1493 2664 1537 2695 G:
1563 2669 1746 2694 sanctarum.
1772 2669 1825 2693 aul
1848 2674 1919 2702 par-

90 2723 175 2761 ticip.
202 2728 250 2754 est
267 2734 285 2754 a
301 2724 414 2755 sancio.
435 2725 467 2754 id
487 2728 546 2754 est.
576 2725 789 2754 firmatarum:
815 2728 867 2753 auc
882 2733 995 2760 nomen,
1023 2727 1053 2753 et
1070 2724 1232 2762 significat
1250 2722 1498 2752 immolatarum:
1525 2725 1578 2750 aut
1595 2725 1780 2757 sanctarum,
1808 2721 1840 2751 id
1859 2726 1919 2759 est,

91 2788 260 2818 sacrarum,
286 2785 321 2811 ut
348 2781 460 2811 foedus
487 2785 631 2811 sanctum
657 2781 784 2815 dicitur,
812 2784 843 2810 et
869 2790 1002 2810 Sacrum.
1053 2780 1088 2818 9)
1115 2779 1188 2818 quid
1256 2779 1439 2817 ignorantia
1456 2787 1481 2819 γ.
1501 2778 1569 2807 rell.
1588 2787 1647 2807 om.
1701 2779 1755 2816 12)
1780 2778 1840 2807 Pro
1857 2788 1917 2807 ma.

91 2840 172 2866 cont.
196 2847 223 2878 γ.
251 2838 324 2868 mal.
343 2842 369 2867 et
385 2842 471 2868 cont.
497 2837 530 2867 C.
550 2838 617 2867 rell.
636 2847 696 2867 om.
762 2838 815 2875 13)
833 2837 863 2866 in
881 2846 965 2875 quem
983 2855 1016 2857 -w
1033 2840 1141 2866 catum
1159 2836 1236 2875 (sic)
1256 2840 1311 2866 est.
1375 2835 1429 2872 16)
1453 2835 1522 2863 Esco
1540 2833 1705 2863 Horatius.
1723 2844 1750 2876 γ.
1767 2836 1837 2864 rell.
1856 2845 1918 2865 oin.

96 2893 148 2932 17)
166 2894 193 2923 si
210 2911 243 2913 W*
255 2895 320 2923 luet
339 2904 397 2924 om.
417 2894 542 2930 Gaura.
562 2905 592 2924 u.
609 2895 649 2923 82
667 2898 695 2923 et
713 2894 752 2922 84
767 2905 772 2922 :
792 2893 1017 2931 Composuerit
1033 2903 1058 2935 γ.
1074 2894 1143 2923 rell.
1160 2903 1220 2923 om.
1266 2892 1320 2930 19)
1340 2893 1412 2920 latr.
1426 2909 1464 2911 ›—-
1477 2891 1693 2919 infirmabitur
1711 2901 1770 2920 om.
1792 2890 1918 2929 G7mva.

92 2949 193 2979 allatr.
209 2950 256 2979 fh.
282 2960 341 2980 om.
359 2960 384 2992 γ.
405 2952 510 2989 persio
527 2950 571 2980 fu.
590 2960 615 2992 γ,
636 2951 740 2980 allatr.
760 2951 817 2979 hic.
846 2960 966 2987 perseo.
993 2951 1034 2979 fu.
1053 2949 1086 2979 C.
1114 2950 1182 2979 rell.
1202 2959 1262 2979 om.
1313 2948 1368 2987 20)
1395 2947 1555 2984 Interroga
1582 2948 1613 2975 h.
1632 2947 1708 2977 Hor.
1728 2957 1753 2988 γ.
1772 2948 1839 2976 rell.
1858 2957 1919 2977 om.

93 3005 149 3044 23)
168 3005 335 3037 Trebatius
352 3008 519 3045 respondit
536 3017 562 3048 γ.
580 3008 651 3037 rell.
671 3018 732 3037 oxn.
783 3008 840 3045 24)
860 3007 960 3036 Aliter
977 3017 1003 3049 γ.
1024 3006 1115 3036 Alias
1131 3008 1176 3036 fh.
1197 3006 1261 3035 Aut
1281 3006 1365 3035 subs.
1386 3005 1466 3034 solu.
1483 3022 1521 3025 v--
1538 3005 1748 3042 persequitur.
1770 3009 1799 3034 m
1814 3005 1920 3034 missus

93 3062 181 3091 uncis
206 3064 280 3092 int—l.
307 3063 345 3098 Q.
370 3061 451 3093 vInde
476 3074 493 3093 a
519 3074 547 3093 u.
574 3065 693 3093 uitiosa
721 3064 766 3102 (u.
787 3065 842 3102 82)
870 3073 970 3102 neque
997 3064 1037 3092 ad
1064 3064 1225 3092 Solaentm‘
1261 3072 1320 3091 oin.
1360 3071 1442 3096 iuva,
1472 3070 1552 3099 quae
1591 3061 1636 3090 sic
1674 3067 1812 3091 exeunt:
1852 3062 1920 3090 Sol-

94 3120 209 3147 uentur
234 3128 257 3147 r.
285 3122 308 3148 t.
334 3123 356 3148 t.
395 3120 429 3148 Id
456 3123 504 3149 est
529 3120 590 3149 rid.
618 3137 657 3140 —-
684 3120 834 3148 lacerare.
897 3120 954 3158 25)
981 3120 1082 3149 seueri
1109 3129 1168 3149 oni.
1193 3129 1219 3160 γ.
1282 3118 1340 3157 26)
1367 3117 1403 3147 Id
1431 3122 1479 3147 est.
1503 3135 1544 3138 ψ
1570 3118 1711 3147 lacerare
1738 3127 1798 3147 om.
1825 3127 1850 3159 γ.
1880 3135 1918 3138 —

95 3173 262 3203 mereberis
286 3174 331 3204 fh.
396 3176 452 3214 27)
478 3176 505 3205 si
529 3185 621 3215 quem,
647 3175 698 3215 qui
721 3176 789 3214 ipsc
815 3179 908 3205 extra
934 3177 1064 3206 noxiam
1097 3176 1232 3214 positus,
1270 3175 1338 3204 iure
1363 3173 1516 3203 lacerarit
1538 3173 1582 3204 fh.
1623 3192 1637 3194 „
1679 3174 1792 3211 lupun.
1818 3182 1918 3203 secur.

1940 960 1949 990 1
1960 962 1978 990 υ

1942 1329 1979 1359 15
