2148 3412
209 99 288 140 162
837 106 944 139 Aen.
971 106 1031 138 ET
1057 105 1226 138 PORPH.
1253 105 1402 138 COMM.

321 233 385 274 16.
419 232 476 273 m'l
506 245 605 287 opus
636 237 702 271 est.
761 227 859 270 Hoc
889 243 940 270 ex
972 227 1142 269 Horatii
1172 241 1354 283 persona
1385 227 1729 283 intellegendum.

322 306 386 346 16.
420 306 484 345 17.
517 312 551 344 te
587 303 828 357 Circumcqi.
888 303 1048 345 Mecum
1076 300 1221 354 utique
1254 300 1597 357 intellegendum.

322 379 385 418 19.
416 378 474 418 m'l
503 376 621 417 habeo
652 375 758 430 quod
789 389 905 430 aqam
935 383 971 417 et
1000 389 1080 416 non
1111 389 1199 416 sum
1225 375 1355 430 pz'qer.
1414 373 1510 415 Hoc
1542 374 1612 415 ille
1643 374 1842 416 molestus
1873 372 1986 415 dicit.

320 452 385 491 22.
420 451 467 491 Si
484 449 577 490 bene
599 463 657 489 me
678 449 779 489 noue·
805 454 846 488 et
875 447 1050 502 reliqua.
1102 446 1160 488 Et
1179 446 1357 488 Viscum
1388 454 1429 488 et
1448 446 1627 488 Varium
1649 446 1853 489 Horatius
1883 445 2041 488 amicos
2100 449 2102 454 '

141 534 159 564 5
205 523 364 566 habuit.
411 521 479 562 De
496 520 628 562 Visco
659 520 770 562 infra
800 520 975 562 dicetur.
1036 519 1194 562 Varius
1224 526 1365 560 tamen
1387 520 1439 561 de
1460 519 1714 562 doctissimis
1744 519 1822 561 fuit
1851 525 1892 561 et
1920 534 2040 575 mag-
2101 578 2103 580 Ι

205 612 283 638 nus
304 596 368 636 his
388 595 649 650 temporibus
679 593 847 636 habitus
878 601 952 643 est,
983 608 1082 634 nam
1113 600 1154 635 et
1184 592 1425 648 tragoedias
1455 592 1566 634 fecit.

318 683 416 710 nam
446 669 532 723 quis
563 683 614 708 m.
637 684 667 709 s.
683 683 726 724 p.
750 675 790 708 et
809 666 985 721 reliqua.
1044 665 1278 722 Eleganter
1307 665 1422 715 dicit,
1459 680 1553 706 eum
1584 665 1650 707 his
1681 664 1807 707 rebus
1837 664 1919 707 sibi
1949 663 2041 720 pla·
2101 656 2104 663 ⁴

207 756 314 792 cere,
347 755 454 796 quae
485 740 539 781 ad
570 739 808 782 doctrinam
837 754 922 781 non
953 738 1160 787 adtinent3
1194 738 1289 780 ideo
1321 738 1516 789 ostendit,
1547 738 1776 794 inperitum
1794 738 1895 780 satis
1916 744 1956 780 et
1976 737 2041 779 in-

205 822 430 871 portunum
462 813 676 856 hominem
706 813 848 855 fuisse.

141 898 182 929 10
321 889 387 929 26.
420 895 477 929 est
507 888 579 929 tibi
605 902 654 928 m.
688 901 719 928 c.
780 884 878 927 Hoc
908 883 1115 927 Horatius
1145 884 1413 941 interrogans
1445 884 1537 942 [ad]
1568 884 1688 926 illum
1722 884 1837 926 dicit.

321 962 386 1002 27.
419 961 484 1002 28.
518 960 644 1002 Haud
673 959 772 1000 mihi
799 973 862 1014 qu.
898 959 1042 1001 Omnes
1063 972 1176 1014 conp.
1209 959 1366 999 Felices.
1424 957 1503 999 Ille
1533 958 1732 1000 molestus
1761 958 1840 999 hoc
1871 957 1986 1000 dicit.

320 1049 430 1076 nunc
461 1048 528 1088 eqo
559 1041 676 1075 resto.
744 1030 842 1074 Hoc
871 1030 1076 1073 Horatius
1106 1031 1257 1072 tacitus
1287 1031 1402 1086 apud
1433 1045 1476 1072 se
1507 1031 1621 1072 dicit.
1692 1030 1769 1071 Ait
1799 1038 1950 1082 autem,
1996 1046 2040 1074 se

208 1122 439 1164 superesse,
473 1121 597 1161 quem
628 1105 698 1147 ille
730 1105 896 1147 occidat
925 1119 1002 1160 per
1031 1104 1302 1160 inportunam
1334 1104 1637 1161 garrulitatem.

322 1182 388 1222 29.
425 1179 598 1236 Confice;
643 1193 813 1235 namque
858 1180 981 1220 instat
1007 1179 1140 1233 fatum
1170 1193 1219 1219 m.
1254 1179 1379 1228 triste,
1426 1178 1589 1221 Sabella
1625 1179 1744 1230 Quod
1780 1192 1850 1234 pu.
1892 1179 2042 1220 cecinit.

142 1262 182 1294 15
210 1253 304 1297 Sibi
336 1253 439 1295 dicit
469 1252 673 1295 Horatius
705 1252 911 1294 conficere
942 1253 1085 1294 fatum.
1161 1250 1387 1308 Significat
1417 1259 1569 1302 autem,
1617 1250 1835 1294 Sabellam
1874 1251 2044 1293 natione

207 1328 414 1370 nutricem
446 1341 489 1368 se
519 1325 718 1368 habuisse
750 1324 1007 1380 sortilegam,
1040 1339 1148 1380 quae
1178 1328 1286 1366 urna
1317 1332 1448 1367 sortes
1479 1325 1620 1366 dicere
1651 1324 1773 1366 solita
1804 1333 1924 1366 esset.

323 1402 390 1442 31.
425 1401 545 1442 Hunc
575 1413 699 1455 neque
730 1400 821 1440 dira
867 1413 1022 1440 uenena
1065 1413 1138 1440 nee
1183 1399 1281 1440 host.
1328 1399 1413 1452 auf.
1460 1399 1575 1440 ensis.
1636 1397 1759 1440 Haec
1787 1397 1920 1439 uerba
1950 1403 2046 1439 sunt
2106 1413 2107 1416 ¹

209 1474 331 1516 sortis
361 1473 494 1529 ipsius
525 1473 687 1514 ductae.
755 1471 832 1527 (H.
863 1487 902 1513 u.
935 1487 966 1513 s.
999 1470 1132 1527 ipsius
1162 1470 1434 1526 sortilegae?)

321 1548 388 1589 33.
422 1547 543 1588 Garr.
575 1547 682 1589 hunc
713 1547 875 1602 quando
907 1559 1011 1587 cons.
1044 1558 1221 1600 cumque.
1292 1542 1413 1586 Ordo
1444 1543 1676 1600 (Tmesis‘?)
1708 1551 1790 1586 est:
1838 1543 2044 1597 Quando·

141 1627 184 1659 20
209 1635 400 1676 cumque.

320 1695 387 1736 35.
427 1695 590 1734 Ventum
634 1700 723 1734 erat
765 1691 820 1732 ad
870 1692 1017 1733 Vestae.
1100 1688 1451 1732 Subaudiendum
1502 1692 1640 1733 aedem
1689 1697 1760 1732 aut
1805 1690 1906 1747 quid
1949 1690 2044 1733 tale.
2107 1663 2109 1696 l

208 1915 329 1945 nullius
357 1914 497 1952 ineptias
523 1914 543 1944 f.
569 1913 645 1952 quin
664 1923 695 1951 q.
716 1913 746 1942 d.
765 1922 792 1943 e.
812 1923 836 1943 s.
862 1913 973 1943 statim
998 1913 1131 1942 diceret.
1157 1912 1227 1942 Hoc
1253 1922 1327 1952 ergo
1351 1922 1451 1943 secum
1475 1913 1628 1943 uoluebat
1653 1922 1753 1943 secum
1776 1914 1895 1944 tacitus
1921 1919 2046 1945 utrum-

209 1980 283 2001 nam
301 1971 328 1999 ei
346 1970 468 2000 diceret
494 1974 603 2008 aperte
629 1970 766 1999 stultum
791 1978 889 2007 agere
914 1970 1006 1999 illum
1030 1970 1195 2007 garrulum
1219 1970 1294 1999 dum
1319 1978 1362 1999 ex
1387 1970 1498 2000 inutili
1522 1979 1556 1999 re
1580 1979 1653 2000 eum
1677 1970 1833 2008 fatigaret
1858 1971 1970 2001 dicens
1996 1980 2044 2001 se-

210 2037 281 2057 cum
306 2026 433 2057 felicem
458 2036 528 2056 esse
553 2027 704 2056 bolanum
729 2027 782 2065 qui
809 2026 988 2064 postposita
1012 2026 1206 2055 uerecundia
1232 2026 1279 2055 ira
1303 2027 1532 2056 excerebratus
1564 2026 1646 2055 nulli
1672 2028 1824 2064 parcebat
1850 2027 1912 2070 Βφ.
1941 2027 2044 2066 Lege:

210 2083 369 2113 Bolanum
395 2083 524 2112 nomine
549 2083 657 2112 nescio
683 2092 776 2121 quem
801 2082 899 2111 fuisse
924 2083 1014 2117 dicit,
1040 2083 1094 2120 qui
1120 2082 1199 2111 null.
1225 2086 1286 2112 etc.
1313 2082 1432 2120 quando
1456 2082 1539 2120 quod
1564 2081 1631 2112 vfh.
1658 2082 1727 2112 rell.
1752 2082 1824 2121 quin
1847 2084 1942 2121 quod.

326 2140 358 2178 1)
384 2138 472 2169 Nihil
495 2142 543 2168 est
569 2139 746 2178 circumagi
770 2138 813 2167 M.
841 2139 923 2168 orati
948 2138 992 2171 M,
1049 2138 1084 2176 3)
1111 2139 1173 2167 Hoc
1198 2135 1407 2176 MR2(G?Q).
1433 2138 1502 2167 rell.
1527 2139 1605 2168 haec
1632 2138 1702 2178 (hae
1727 2139 1775 2178 v).
1824 2138 1861 2178 4)
1887 2138 1921 2169 Si
1947 2157 1989 2160 —
2013 2141 2044 2170 b.

209 2206 250 2226 m.
276 2206 307 2225 v.
333 2196 458 2234 reliqua
482 2195 553 2225 lem.
581 2196 615 2224 in
638 2195 716 2232 M,v.
744 2199 775 2225 et
800 2195 926 2233 reliqua
951 2204 1011 2224 om.
1038 2203 1066 2224 a.
1094 2195 1166 2224 Non
1189 2195 1324 2223 Fuscum
1350 2194 1423 2224 lem.
1449 2195 1483 2224 in
1508 2193 1552 2224 fh.
1579 2212 1621 2215 —
1652 2195 1697 2225 Et
1721 2199 1838 2225 tuscum
1864 2199 1895 2225 et
1919 2195 2045 2226 uarium

208 2252 251 2283 M.
286 2252 329 2281 Et
353 2251 471 2282 niseum
498 2255 529 2282 et
554 2251 677 2281 uarium
702 2250 793 2280 RA2.
832 2251 875 2280 Et
899 2250 1030 2280 Viscum
1055 2254 1086 2279 et
1111 2259 1221 2279 uarum
1244 2249 1303 2285 aQ.
1342 2250 1385 2280 Et
1408 2254 1525 2280 tuscum
1551 2255 1581 2281 et
1606 2261 1714 2281 uarum
1738 2261 1768 2281 v.
1796 2255 1827 2281 et
1852 2252 1987 2282 Fuscum
2013 2256 2045 2282 et

209 2309 325 2338 Varum
349 2308 393 2338 fh.
455 2308 489 2346 5)
515 2307 631 2338 Varius
655 2311 764 2337 tamen
790 2307 1003 2341 doctissimus,
1041 2315 1102 2335 om.
1129 2304 1179 2343 de,
1205 2306 1242 2336 R.
1280 2306 1395 2336 Varius
1420 2311 1528 2336 tamen
1553 2307 1588 2337 cle
1624 2308 1827 2338 doctissimus
1862 2308 1905 2338 M.
1945 2309 2046 2338 Varus
2109 2329 2112 2347 2

208 2366 279 2396 tati-1
304 2366 343 2394 <le
368 2365 567 2395 doctissimis
593 2373 622 2394 v.
648 2364 750 2393 Varus
774 2368 881 2393 tamen
907 2363 946 2391 de
971 2362 1169 2392 doctissimis
1195 2363 1289 2398 ath.
1351 2364 1386 2401 6)
1415 2362 1452 2392 iis
1476 2368 1574 2402 temp.
1603 2365 1632 2393 2.
1682 2364 1716 2402 8)
1742 2364 1921 2403 imperitum
1939 2383 1980 2386 ν-
1998 2364 2045 2395 in-

208 2426 381 2459 portunum
398 2421 441 2450 M.
496 2421 549 2458 10)
577 2421 732 2456 interrog.
759 2419 800 2447 ad
823 2419 870 2448 ill.
897 2419 940 2447 fh.
966 2419 1035 2448 rell.
1062 2428 1122 2448 om.
1147 2418 1197 2448 ad.
1250 2420 1304 2457 11)
1332 2420 1484 2449 Autmihi
1504 2420 1545 2448 M.
1599 2421 1654 2459 12)
1679 2421 1799 2450 oratius
1816 2421 1860 2450 M.
1880 2438 1920 2442 —
1936 2424 2044 2452 autem

208 2488 267 2508 om.
293 2477 382 2507 vafh.
450 2474 506 2515 13)
525 2479 652 2513 propter
676 2475 804 2513 import.
833 2476 862 2505 2.
888 2493 931 2496 ——
958 2476 1075 2514 inport.
1101 2475 1146 2512 M,
1184 2479 1217 2504 ut
1243 2485 1349 2513 supra.
1417 2477 1472 2514 15)
1499 2477 1653 2506 conficere
1678 2476 1902 2516 MR2G(Q),v.
1930 2477 2045 2508 instare

208 2534 273 2564 afli.
300 2537 410 2564 uatum
436 2533 469 2560 M
495 2531 567 2570 (H).
594 2531 706 2561 factam
729 2542 760 2561 v.
788 2532 858 2561 rell.
886 2531 989 2561 fatum
1017 2531 1139 2570 (Hor).
1207 2532 1260 2570 16)
1287 2541 1321 2561 se
1346 2532 1420 2561 hab.
1447 2531 1580 2570 M(Q)R.
1620 2533 1687 2562 rell.
1714 2543 1774 2563 om.
1801 2543 1844 2563 se.
1872 2551 1911 2554 —
1939 2533 2045 2564 dicere

209 2587 395 2631 MRABepG.
421 2588 536 2618 ducere
562 2588 713 2626 2‚vath.
751 2588 866 2617 Dicere
891 2592 986 2618 recte.
1023 2589 1170 2626 Namque
1199 2597 1310 2618 uerum
1337 2589 1466 2627 quidem
1492 2593 1552 2625 est,
1590 2590 1689 2619 etiam
1714 2590 1915 2619 oraculorum
1940 2594 2043 2620 sortes

208 2644 419 2674 ‘miscebantur
444 2648 471 2673 et
493 2644 699 2682 ducebantur,‘
737 2648 821 2674 teste
849 2644 916 2674 Cic.
942 2645 1018 2674 Diu.
1044 2644 1086 2682 II,
1112 2645 1151 2673 41
1181 2648 1211 2673 et
1238 2645 1290 2681 56,
1328 2649 1425 2683 atque
1461 2646 1494 2674 in
1530 2646 1657 2684 subseq.
1695 2646 1816 2676 scholio
1852 2656 1920 2676 sors
1955 2646 2044 2677 ducta

208 2702 353 2736 occurrit,
392 2701 473 2730 nihil
510 2703 637 2730 ominus
673 2705 782 2731 tamen
821 2701 984 2739 probanda
1010 2704 1057 2731 est
1080 2704 1159 2731 uett.
1197 2702 1352 2731 librorum
1378 2702 1473 2732 lectio
1499 2701 1599 2731 dicere
1622 2706 1716 2732 sortes
1739 2702 1828 2740 ανηά,
1855 2703 1876 2732 i.
1903 2713 1929 2733 e.
1955 2707 2044 2734 mota

209 2768 299 2795 urna,
333 2758 384 2787 uel
406 2766 464 2795 per·
489 2767 600 2787 urnam
626 2757 784 2794 diuinam,
814 2761 848 2787 ut
872 2757 948 2788 Hor.
973 2757 1012 2787 A.
1039 2757 1074 2787 P.
1102 2758 1186 2787 403:
1224 2757 1322 2788 dictae
1347 2768 1403 2797 per
1438 2758 1578 2789 carmina
1601 2763 1705 2796 sortes,
1744 2760 1933 2797 praesertim
1973 2770 2043 2790 cum

209 2814 348 2843 cecinisse
372 2814 471 2844 fatum
495 2813 650 2844 Horatius
676 2814 864 2852 sortilegam
890 2815 1071 2844 tradiderit.
1111 2813 1220 2853 Atque
1246 2816 1344 2844 etiam
1370 2819 1519 2853 reputare
1543 2815 1637 2853 uelis,
1676 2825 1695 2845 a
1722 2815 1941 2856 Porphyrione
1968 2816 2044 2846 scri-

210 2874 300 2908 ptum
327 2880 413 2900 esse:
451 2870 540 2900 Haec
563 2870 658 2900 uerba
683 2874 759 2900 sunt
785 2872 883 2900 sortis
909 2871 1010 2909 ipsius
1035 2871 1157 2900 ductae.
1184 2889 1226 2892 —
1253 2872 1349 2901 solita
1372 2876 1415 2901 est
1436 2872 1473 2901 R.
1500 2872 1570 2914 Βφε
1612 2871 1698 2906 Quod
1722 2871 1839 2910 (fatum
1863 2872 1925 2910 gl.)
1947 2882 2044 2911 puero

211 2926 305 2965 (mihi
331 2927 404 2964 gh).
441 2927 605 2964 significat
642 2928 790 2957 sabinam
825 2927 984 2958 nutricem
1020 2928 1173 2957 habuisse
1209 2937 1290 2966 quae
1314 2937 1411 2958 urnas
1432 2932 1534 2958 sortes
1560 2928 1657 2959 solita
1679 2927 1779 2958 dicere
1803 2932 1900 2959 esset.
1948 2929 2043 2959 Unde

212 2983 291 3012 <licit
315 2986 410 3020 poeta
434 2983 508 3021 quia
533 2993 605 3013 eum
630 2984 796 3014 admonuit
820 2993 933 3014 cauere
958 2984 1104 3023 garrulos
1131 2984 1285 3019 homines⁷
1316 2986 1467 3022 quoniam
1485 2994 1503 3014 a
1520 2985 1649 3023 garrulo
1675 2989 1761 3015 esset
1786 2985 2042 3016 interficiendus.

216 3039 272 3077 18)
297 3038 377 3068 illius
394 3039 430 3067 R.
455 3040 524 3069 rell.
552 3040 665 3078 ipsius.
691 3040 755 3082 Βφ;
782 3040 859 3070 haec
884 3041 982 3070 uerba
1008 3044 1082 3070 sunt
1108 3041 1212 3078 ipsius
1238 3042 1425 3080 sortilegae.
1473 3041 1531 3080 21)
1556 3045 1644 3072 ueste
1659 3041 1705 3072 M.
1732 3041 1817 3072 conf.
1843 3041 1917 3072 Acr-
1938 3041 1979 3071 ad
2004 3039 2041 3071 C.

212 3095 237 3131 Ι,
265 3095 295 3132 2,
325 3095 373 3125 15.
404 3096 453 3125 16.
479 3100 534 3126 aut
558 3096 717 3136 templum!
740 3097 815 3127 uide
840 3096 943 3127 infra:
969 3096 1106 3137 templum
1129 3101 1182 3127 aut
1204 3097 1315 3128 aedem.
1342 3096 1426 3128 conf.
1453 3097 1528 3128 Aer.

2111 3052 2113 3118 1
