2148 3412
175 893 216 925 10

176 1262 216 1293 15

176 1629 216 1661 20

243 86 324 126 606
871 96 975 127 Aca.
1002 95 1062 126 ET
1086 94 1254 127 roam.
1281 95 1429 128 COMM.

243 235 379 266 scena,
401 219 567 273 quando
585 217 816 259 ostenditur
832 217 988 259 Medea
1007 218 1186 274 fugiens,
1210 224 1250 260 et
1270 218 1400 260 iratus
1418 217 1591 261 Orestes
1608 219 1666 274 (Ρ)
1684 219 1874 269 refertur,
1896 219 2064 274 quando

243 293 414 333 docetur
445 291 599 332 Medea
629 290 737 332 filios
768 290 1007 345 peremisse.
1065 290 1213 346 Neque
1245 292 1354 332 enim
1387 306 1586 347 praesens
1607 291 1797 333 exhiberi
1818 299 1953 346 potest
1968 291 2064 333 Me-

243 367 344 406 deae
375 364 661 420 parricidium.
722 363 802 406 Vel
834 365 894 406 sic
925 364 1276 420 intellegendum:
1323 365 1547 418 Quaedam
1592 366 1635 406 in
1681 365 1818 407 scenis
1867 372 2064 421 aguntur,

242 446 286 479 ut
315 453 420 493 puer
450 438 676 493 expositus,
711 438 779 480 uel
810 444 903 480 acta
932 440 1179 487 referuntur,
1210 446 1256 480 ut
1285 453 1430 481 seruus
1453 454 1474 480 e
1496 438 1674 495 pistrino
1694 439 1908 481 liberatus.
1967 438 2065 480 Ma-

243 512 308 567 gis
339 519 474 553 autem
506 512 559 552 ad
590 512 752 554 animos
786 520 950 554 nostros
980 513 1246 568 perueniunt,
1292 527 1400 567 quae
1430 513 1521 554 fieri
1551 513 1756 563 uidemus,
1801 527 1928 567 quam
1959 527 2066 567 quae

242 584 447 626 audimus.
506 584 602 627 Non
634 596 773 626 tamen
803 586 945 627 omnia
975 585 1019 627 in
1049 600 1174 628 scena
1205 586 1275 641 agi
1297 585 1463 637 debent,
1501 586 1574 628 sed
1596 586 1738 640 aliqua
1758 586 1918 627 referri.
1978 587 2067 641 aqi-

243 668 320 700 lur.
354 658 584 700 Comoedia
615 661 763 714 aqz'tur.
823 661 1007 714 refertur.
1040 659 1293 716 Tragoedia.

356 733 446 774 180.
480 732 657 788 Segnius.
718 731 913 783 Tardius,
946 732 1170 774 difficilius.
1232 735 1406 774 inritant.
1438 731 1651 783 Excitant,
1683 732 1903 774 delectant.
1965 734 2066 791 cmi—

242 821 323 848 mos
356 807 524 848 devm'ssa
552 821 625 861 per
655 821 745 848 aar.
805 807 995 848 Demz’ssa.
1025 805 1124 848 Hoc
1154 814 1228 854 est,
1258 807 1444 848 inmissa.
1506 804 1644 848 Citius
1688 817 1858 849 mouent
1903 812 2066 861 specta-

242 887 373 921 torem
405 894 466 929 ea,
496 894 604 934 quae
635 886 818 935 aguntur
846 879 891 920 in
921 894 1059 929 scena,
1105 893 1231 934 quam
1263 895 1370 934 quae
1415 881 1652 922 referuntur
1696 880 1751 921 ad
1795 895 1978 930 scenam,
2023 879 2068 921 id

242 961 323 994 est:
366 953 519 1009 aliquis
551 953 727 995 celerius
757 960 894 1008 potest
924 953 1086 995 discere
1129 953 1314 996 uidendo
1359 961 1398 995 et
1443 954 1543 995 dare
1589 953 1775 995 animum
1819 953 1894 1004 rei,
1940 968 2066 1008 quam

243 1027 464 1069 audiendo.

356 1102 448 1142 181.
485 1102 613 1153 Quam
634 1116 734 1158 quae
756 1110 849 1143 sunt
869 1101 995 1143 oculis
1026 1101 1124 1143 sabi.
1142 1101 1213 1157 fid.
1274 1100 1387 1154 Quia
1416 1101 1522 1143 falsa
1553 1115 1679 1156 saepe
1710 1101 1904 1143 audimus
1924 1099 2068 1157 [Quae

242 1174 435 1217 audimus
466 1189 591 1229 saepe
620 1174 766 1231 falsa];
800 1189 906 1230 quae
937 1182 1076 1216 autem
1106 1175 1311 1226 uidemus,
1342 1189 1444 1217 uera
1475 1182 1570 1217 sunt
1599 1175 1828 1216 secundum
1861 1173 2038 1216 Stoicos.

356 1250 449 1291 182.
482 1250 570 1306 lpse
599 1250 676 1291 sibi
702 1249 806 1291 trad.
837 1257 1044 1305 spectator.
1106 1247 1278 1291 Scilicet
1307 1249 1414 1291 uisu.
1491 1246 1606 1301 Quia
1649 1248 1740 1303 ipse
1785 1248 1889 1289 mihi
1933 1248 2067 1297 trado,

242 1322 354 1376 quod
384 1323 522 1373 uideo,
567 1329 607 1364 et
637 1322 742 1364 alter
771 1322 873 1363 mihi
909 1322 1048 1372 tradit,
1095 1337 1202 1377 quae
1246 1330 1401 1364 narrat.
1461 1338 1542 1365 non
1575 1332 1705 1365 tamen
1735 1323 1856 1364 imm.
1921 1323 2069 1364 Tamen

242 1404 312 1438 aut
343 1396 543 1447 abundat,
576 1403 663 1438 aut:
711 1396 904 1451 quamuis
934 1396 1071 1453 magis
1117 1396 1338 1446 delectant,
1384 1411 1490 1451 quae
1535 1396 1744 1446 uidentur,
1791 1411 1916 1450 quam
1962 1410 2069 1450 quae

242 1470 480 1520 audiuntur,
513 1478 641 1512 tranen
673 1470 847 1526 dignam
878 1484 966 1511 rem
997 1470 1107 1512 intus
1139 1470 1230 1526 geri
1260 1485 1344 1511 non
1374 1469 1505 1512 facias
1538 1469 1768 1527 [geri]ante
1800 1475 2069 1524 conspectum

242 1544 401 1599 populi,
432 1544 477 1584 id
508 1550 586 1586 est:
619 1544 812 1598 quamuis
832 1543 1022 1599 ‚populus
1053 1543 1293 1591 delectetur,
1334 1543 1454 1585 factis
1487 1552 1617 1585 tamen
1661 1557 1745 1584 non
1790 1543 1980 1598 proferas
2024 1542 2067 1583 in

243 1632 426 1668 scenam,
458 1632 565 1673 quae
596 1617 750 1659 debent
780 1617 891 1659 intus
922 1618 1005 1674 agi.

356 1693 448 1733 183.
481 1692 679 1748 multaque
710 1692 831 1734 tolles.
891 1691 944 1732 Id
977 1698 1061 1734 est:
1107 1705 1189 1732 non
1220 1690 1344 1732 debet
1374 1690 1469 1746 plus
1500 1696 1569 1731 aut
1600 1690 1738 1732 minus
1782 1689 1939 1731 habere
1983 1697 2068 1731 tra-

242 1765 395 1821 goedia
426 1766 513 1807 siue
544 1765 775 1807 comoedia.
835 1765 904 1822 [Id
935 1772 1014 1807 est:
1045 1765 1119 1806 illa
1149 1779 1255 1820 quae
1286 1771 1445 1806 secreta
1476 1770 1583 1814 sunt,
1628 1779 1680 1805 ne
1723 1764 1853 1814 dicas,
1898 1763 1943 1804 id
1987 1770 2067 1805 est:

241 1840 328 1881 noli
357 1839 487 1881 multa
517 1839 770 1890 describere,
802 1846 964 1881 tantum
994 1839 1205 1894 loquenda
1236 1838 1338 1895 dic]

357 1914 450 1955 184.
482 1928 580 1969 quae
610 1929 705 1955 moa·
734 1922 886 1956 narret.
945 1911 1018 1954 Ad
1049 1912 1393 1967 conparationem
1423 1911 1535 1953 illius
1564 1911 1640 1960 rei,
1685 1925 1792 1966 quae
1837 1910 1948 1952 intus
1993 1925 2068 1966 ge-

200 1997 212 2025 .'
243 1987 359 2028 ritur.
414 1988 612 2041 facundia
638 2001 836 2043 praesens.
896 1986 985 2028 Aut.
1014 1992 1177 2042 potens,
1223 1992 1293 2026 aut
1339 1985 1459 2039 quasi
1489 1991 1810 2040 repraesentans
1855 1999 1916 2034 ea,
1962 1999 2069 2039 quae

244 2068 336 2102 acta
367 2068 474 2103 sunt.

358 2254 390 2298 1)
414 2257 555 2287 horestes
579 2267 610 2286 v.
677 2256 711 2294 2)
738 2256 807 2286 doc.
835 2256 947 2286 medea
972 2254 1028 2297 TN.
1054 2254 1122 2285 rell.
1156 2254 1271 2284 Medea
1297 2253 1455 2291 (medeam
1478 2254 1508 2293 r)
1535 2254 1679 2284 docetur.
1707 2272 1748 2274 -—
1774 2255 1860 2284 enim
1886 2264 1945 2284 om.
1971 2253 2063 2285 NXG

241 2324 325 2344 rvca.
376 2314 410 2353 3)
438 2314 571 2352 paricid.
598 2323 622 2343 r.
650 2312 744 2351 pem'e.
771 2323 801 2342 v.
828 2313 900 2342 Non
924 2315 1034 2350 potest
1061 2313 1145 2342 enim
1170 2321 1254 2349 parr.
1282 2321 1384 2349 praes.
1412 2311 1561 2341 exhiberi
1581 2315 1706 2350 propter
1730 2311 1924 2340 atrocitatem.
1950 2311 2008 2340 Vel
2026 2329 2068 2332 w-

242 2371 352 2401 referri
379 2381 439 2400 om.
467 2370 503 2400 C.
531 2371 577 2400 sic
603 2380 663 2400 om.
690 2369 750 2399 Nx
773 2369 859 2399 Med.
887 2368 1014 2406 G,rvca.
1043 2373 1089 2398 est
1116 2378 1176 2398 om.
1202 2378 1228 2409 γ.
1292 2368 1327 2406 4)
1355 2371 1429 2406 apta
1454 2377 1478 2404 r,
1504 2371 1540 2397 ut
1565 2377 1669 2406 supra.
1696 2368 1765 2397 rell.
1792 2372 1872 2397 aeta.
1900 2385 1942 2388 -——
1968 2367 2068 2407 refer-

243 2433 293 2458 tur
318 2428 377 2457 NX
401 2427 486 2456 Med.
514 2426 622 2464 G‚rva.
649 2436 663 2455 e
682 2426 815 2464 pistrino
838 2424 1054 2467 -5X‚st1Q<G?).
1079 2425 1110 2454 in
1136 2424 1290 2464 epiformo
1315 2425 1356 2454 N.
1390 2425 1421 2453 in
1447 2424 1576 2464 epifemo
1603 2424 1687 2453 Med.
1725 2425 1758 2454 in
1783 2424 1936 2463 epifermo
1971 2435 2001 2453 v.
2038 2424 2068 2453 ’ἰιι

243 2484 421 2522 epiphermo
448 2494 472 2513 r.
497 2485 530 2512 in
553 2483 746 2521 Epicharmo
772 2492 817 2512 ca.
883 2482 916 2521 ὃ)
945 2483 1084 2512 debeant
1109 2483 1149 2515 N,
1177 2481 1350 2512 Comoedia
1375 2482 1483 2520 agitur
1507 2491 1534 2522 γ.
1559 2481 1628 2510 rell.
1654 2491 1714 2511 om.
1777 2482 1809 2520 7)
1837 2481 2016 2519 Tragoedia
2039 2490 2067 2522 γ.

243 2542 312 2570 rell.
338 2551 397 2570 om.
437 2541 489 2570 sed
527 2540 672 2578 quaedam
696 2539 785 2568 etiam
809 2539 921 2568 referri
946 2539 1030 2568 Med.
1095 2540 1129 2578 8)
1155 2539 1225 2568 Hoc
1251 2543 1282 2569 et
1307 2539 1433 2576 subseq.
1460 2538 1559 2567 schol.
1593 2547 1652 2567 om.
1689 2537 1719 2567 N
1742 2537 1829 2568 Med.
1857 2537 1983 2576 G‚rvca.
2033 2537 2068 2576 9)

243 2598 328 2627 Dim.
353 2598 391 2628 N.
418 2615 460 2618 m·
485 2597 554 2627 Hoc
579 2602 628 2626 est
655 2597 784 2626 inmissa
808 2606 834 2638 γ.
860 2597 929 2625 rell.
959 2606 1018 2625 om.
1085 2597 1140 2635 13)
1171 2595 1248 2629 Quia
1273 2596 1294 2624 f.
1323 2605 1348 2625 s.
1374 2595 1447 2624 aud.
1475 2604 1500 2636 γ.
1527 2594 1627 2624 schol.
1654 2604 1714 2624 om.
1741 2594 1802 2624 NX
1826 2594 1910 2623 Med.
1939 2593 2066 2630 G‚rvca.

243 2656 312 2684 rell.
351 2655 438 2690 Quae
464 2672 503 2674 ss-
531 2653 622 2683 falsa.
691 2653 746 2691 15)
775 2663 798 2682 s.
824 2653 895 2682 uisu
920 2662 946 2694 γ.
974 2662 1042 2690 sup.
1068 2653 1141 2682 uisu
1166 2652 1200 2681 C,
1227 2653 1295 2682 rell.
1323 2661 1383 2681 om.
1410 2669 1453 2671 —-
1477 2660 1553 2689 quae
1575 2651 1672 2680 uideo
1697 2649 1857 2688 N‚rveaC.
1884 2651 1953 2680 rell.
1978 2650 2066 2689 qaod.

243 2712 316 2749 quia
341 2720 391 2750 eqo
416 2712 483 2748 ipse
499 2728 538 2730 —
554 2711 656 2746 uideo,
682 2710 735 2739 secl
759 2710 838 2739 alter
854 2727 891 2730 —
908 2713 1015 2738 narrat
1034 2719 1058 2749 γ.
1111 2708 1166 2746 16)
1191 2718 1266 2747 quae
1290 2709 1347 2750 γΧ.
1374 2708 1497 2746 quando
1522 2708 1562 2737 N.
1590 2712 1620 2737 et
1645 2707 1736 2737 aliter
1759 2708 1839 2737 mihi
1864 2707 1954 2738 trado
1978 2716 2068 2746 quam

242 2767 293 2805 qai
317 2772 421 2796 narrat
449 2778 473 2796 r.
527 2767 581 2804 17)
609 2770 665 2796 aut
689 2766 734 2807 *fif
757 2766 869 2803 (autem
895 2766 929 2804 h)
956 2770 1051 2795 recte.
1079 2776 1138 2795 om.
1166 2766 1226 2794 Nx
1250 2766 1334 2795 Med.
1362 2764 1552 2805 G(Q),rvca.
1582 2764 1723 2794 lzabund.
1748 2774 1775 2806 γ.
1827 2764 1882 2803 18)
1910 2774 1976 2794 rem
2001 2764 2066 2802 dig.

247 2824 282 2851 N.
309 2833 343 2852 ne
369 2825 467 2853 facias
492 2823 538 2853 fh.
566 2823 634 2853 rell.
659 2832 727 2852 non.
754 2832 832 2861 agas
850 2823 888 2852 N.
918 2840 957 2842 n
984 2823 1052 2860 geri
1079 2832 1139 2852 om.
1165 2822 1292 2861 X,rvca.
1345 2823 1400 2860 19)
1426 2821 1515 2851 factis
1539 2831 1565 2863 γ.
1592 2821 1663 2850 rell,
1689 2821 1785 2851 facta.
1835 2821 1891 2859 20)
1917 2819 1948 2850 in
1974 2830 2068 2850 scena

245 2880 284 2908 N.
335 2880 390 2917 21)
418 2881 436 2908 i.
463 2890 527 2909 nou
553 2880 647 2909 debet
673 2898 680 2900 -
709 2899 713 2900 ν
740 2879 903 2910 comoedia
927 2888 952 2920 γ.
978 2879 1047 2908 rell.
1066 2888 1125 2909 om.
1175 2879 1232 2917 22)
1258 2878 1296 2908 Id
1322 2883 1372 2909 est
1396 2878 1583 2908 illa——dia
1610 2888 1670 2908 om.
1697 2886 1722 2919 γ.
1757 2886 1793 2906 ea
1816 2886 1897 2915 quae
1921 2877 1960 2906 X.
2009 2875 2066 2917 23)

246 2935 369 2972 loquela
397 2937 422 2964 N
447 2936 547 2973 Med„
574 2946 597 2966 r.
624 2937 762 2975 loquella
786 2946 815 2965 v.
842 2936 911 2965 rell.
939 2935 1103 2974 loquenda.
1154 2934 1211 2974 24)
1237 2935 1289 2965 Ad
1314 2944 1412 2972 comp.
1442 2952 1481 2957 -—
1507 2935 1630 2973 geritur
1654 2943 1680 2975 γ.
1707 2933 1777 2963 rell.
1803 2942 1864 2963 om.
1916 2933 1972 2971 25)
2000 2933 2068 2963 Aut

246 3010 286 3013 -—
314 2997 387 3021 sunt
412 3002 436 3033 γ.
457 2994 525 3022 rell.
553 3003 614 3023 om.
642 2993 724 3023 conf.
750 2993 822 3036 Βφι
849 2994 926 3023 ‘non
952 2993 1058 3023 omnia
1084 3002 1193 3021 narres·
1219 2994 1253 3022 in
1278 2993 1463 3030 praesentia
1488 2992 1588 3030 uulgi,
1616 2999 1695 3029 quae
1720 2990 1831 3020 statim
1856 2999 1987 3019 narrare
2012 2999 2066 3028 po-

246 3054 331 3078 terat
357 3049 492 3078 affluens
519 3050 721 3088 eloquentiae
757 3059 880 3080 sensus.
929 3050 977 3079 Ne
1013 3050 1192 3079 uindelieet
1229 3050 1349 3080 animos
1387 3049 1569 3079 auditorum
1608 3047 1775 3085 perturbet
1811 3046 1950 3076 obscena
1985 3047 2066 3076 ratio

249 3106 412 3134 execratio
438 3106 568 3135 sceleris
594 3107 747 3137 uidelicet
772 3117 811 3136 ne
837 3106 1020 3137 interfectio
1048 3106 1182 3136 tiliorum
1208 3112 1262 3136 aut
1287 3106 1366 3136 talia
1390 3108 1483 3135 nesta
1510 3104 1545 3143 (l.
1574 3102 1761 3141 inhonesta)
1787 3103 1984 3133 recitentur!
