2148 3412
800 148 847 179 m
874 148 1017 180 EPIST.
1045 149 1069 178 1.
1102 151 1150 179 18.
1808 134 1888 175 489

63 272 127 314 sit.
186 271 271 313 Alii
296 277 459 326 putant,
505 270 585 312 hoc
615 270 720 312 diei:
768 270 832 312 Ne
864 271 1046 313 sentiens
1077 271 1223 313 insane
1255 271 1521 326 adpetentem
1562 283 1740 324 puerum
1771 268 1890 324 puel-

62 344 200 385 lamue
231 343 424 385 dominus
455 343 575 398 pueri
616 343 835 398 puellaeue
881 344 1006 389 beare
1050 352 1104 402 te.
1120 344 1325 394 uideatur,
1358 358 1460 398 ergo
1491 342 1719 384 obnoxium
1764 341 1892 383 faciat

61 432 193 472 paruo
224 431 409 467 munere,
442 417 520 458 hoc
551 424 625 467 est,
657 417 869 472 mancipio
901 418 1069 467 donato,
1106 424 1174 458 aut
1206 417 1497 459 incommodus
1519 417 1544 458 i.
1568 431 1601 457 e.
1625 415 1808 458 difficilis
1840 415 1893 456 sit

62 505 164 546 erga
194 498 234 531 te
266 496 507 531 amatorem.
568 490 746 531 Adludit
778 490 831 531 ad
854 490 1107 546 Vergilium,
1140 491 1206 532 cui
1240 490 1530 532 Alexandrum
1554 504 1731 545 puerum
1752 489 1891 531 Pollio

65 563 259 605 dominus
290 564 400 605 dono
432 563 558 604 dedit.

174 639 239 678 76.
276 637 444 688 Qualem
476 638 709 679 commendes
755 639 881 678 etiam.
957 637 1117 687 Monet,
1164 653 1215 678 ne
1261 652 1386 691 quem
1431 637 1692 692 incognitum
1739 636 1892 690 potiori

61 711 196 752 amico
227 718 381 751 temere
413 710 676 752 commendet
706 710 828 752 huius
862 709 1012 766 [enim]
1046 710 1233 765 periculo
1265 719 1534 764 peccaturum
1569 709 1622 766 [si
1654 710 1834 766 peccet]

172 799 221 825 ne
251 799 359 825 meac.
418 783 484 825 Ne
516 791 672 838 postea.

174 859 238 898 77.
271 858 478 899 Incutz'cmt
509 858 641 899 aliena
674 858 926 913 tz'be'peceata
941 859 1150 914 pudorem.
1213 857 1276 899 Ne
1307 858 1403 907 alio,
1436 857 1586 912 inquit,
1629 867 1829 911 peccante
1850 864 1893 897 tu

61 930 296 981 erubescas,
329 931 399 986 qui
433 945 527 972 eum
560 931 922 972 commendaueris
953 930 1086 972 diuiti.

174 1007 239 1046 78.
275 1006 473 1046 Fallimur
503 1013 537 1046 et
566 1005 778 1060 quondam.
840 1004 936 1046 Non
967 1006 1084 1047 timet
1114 1005 1332 1056 Horatius,
1365 1020 1415 1046 ne
1447 1005 1523 1047 sub
1555 1005 1633 1046 hoc
1665 1012 1891 1059 praecepto

61 1078 150 1134 ipse
182 1078 413 1120 maleuolus
444 1079 651 1126 uideatur,
684 1078 755 1133 qui
787 1078 911 1129 dicat,
949 1094 1032 1120 non
1064 1088 1218 1120 temere
1251 1094 1505 1133 quemquam
1528 1078 1730 1119 diuitibus
1752 1078 1893 1119 conci-

62 1152 164 1193 liare
195 1160 402 1207 oportere,
448 1162 487 1193 et
522 1152 617 1193 ideo
649 1152 829 1193 addidit:
876 1152 1061 1194 fallimur
1091 1161 1229 1193 tamen
1262 1161 1300 1193 et
1343 1152 1552 1193 interdum
1585 1152 1713 1208 [tradi
1744 1167 1894 1207 parum

62 1225 256 1282 dignum]
298 1226 520 1281 indignum
566 1241 642 1280 pro
673 1225 804 1281 digno
835 1226 1051 1267 tradimus.
1132 1225 1248 1278 Quid
1280 1226 1409 1281 igitur
1440 1226 1521 1275 fiet,
1567 1226 1600 1267 si
1633 1226 1898 1280 peccauerit?

60 1299 230 1341 minime
262 1300 593 1349 defendendum,
626 1300 790 1354 decepit
823 1300 932 1341 enim
964 1301 1102 1355 ipsum
1125 1300 1507 1341 commendatorem
1530 1314 1656 1355 quem,
1679 1315 1753 1341 sua
1776 1300 1895 1355 eulpa

55 1383 220 1430 premet,
253 1374 325 1428 qui
356 1389 454 1415 uere
485 1373 724 1429 peccauerit
757 1381 796 1415 et
827 1373 869 1414 iu
901 1374 1175 1415 offensionem
1208 1373 1367 1414 uenerit
1401 1389 1475 1414 sua
1507 1373 1642 1427 culpa.

173 1449 239 1489 80.
272 1449 320 1490 Ut
344 1451 504 1504 penitus
534 1457 685 1497 notum,
734 1450 770 1488 si
798 1456 983 1503 temptent
1025 1449 1203 1489 erimina.
1279 1446 1342 1488 Ne
1390 1454 1446 1497 tu,
1489 1446 1637 1501 inquit.
1684 1447 1894 1487 incassum

62 1521 251 1562 effundas
282 1521 581 1571 defensionem,
615 1529 802 1576 protege,
835 1521 920 1575 qui,
953 1530 995 1561 ut
1028 1535 1153 1575 saepe
1184 1520 1240 1570 fit,
1278 1519 1579 1561 maledicorum
1604 1519 1895 1560 criminatione

64 1609 157 1637 cum
187 1595 380 1645 laeditur,
412 1603 455 1636 tu
487 1609 652 1650 quoque
683 1594 951 1636 labefactaris
981 1594 1175 1635 laudator
1206 1594 1606 1648 commendatorque
1637 1593 1740 1635 eius.

175 1671 239 1711 82.
274 1670 342 1725 qui
372 1670 494 1710 Dente
533 1669 731 1710 Theonino
764 1683 866 1711 cum.
927 1667 1023 1709 Hoc
1055 1676 1128 1717 est,
1170 1667 1240 1721 qui
1274 1683 1367 1709 cum
1400 1668 1614 1709 mordetur
1655 1667 1708 1708 ab
1740 1666 1928 1708 inuidis·

63 1749 102 1784 et
145 1742 508 1792 obtrectatoribus,
556 1742 885 1783 succurrendum
917 1741 992 1783 tibi
1025 1748 1098 1791 est,
1145 1756 1196 1782 ne
1227 1748 1270 1781 tu
1303 1756 1467 1796 quoque
1505 1741 1698 1782 laedaris.
1764 1741 1897 1782 Theon

64 1822 202 1858 autem
233 1816 404 1871 quidam
436 1816 508 1857 illo
539 1823 728 1871 tempore
760 1815 951 1856 rabiosae
988 1815 1223 1856 dicacitatis
1254 1814 1342 1855 fuit.

177 1891 242 1932 82.
276 1890 514 1946 83.'eeqzce‘‹l
544 1889 610 1930 Ad
641 1898 675 1931 te
700 1898 795 1945 post
822 1889 946 1945 paulo
977 1896 1082 1930 uem.
1108 1904 1151 1945 p.
1185 1905 1214 1929 s.
1276 1887 1397 1930 Ordo
1429 1896 1509 1930 est:
1543 1888 1695 1942 ecquid
1727 1888 1878 1930 sentis?

176 1965 241 2005 84.
273 1964 380 2007 Nam
412 1973 481 2006 tua
512 1978 575 2005 res
607 1965 754 2018 aqz'tur.
830 1960 1046 2004 Sententia
1090 1977 1168 2017 per
1198 1961 1446 2017 allegoriam
1477 1962 1747 2012 demonstrat,
1793 1961 1898 2003 uici-

65 2051 213 2079 norum
244 2037 480 2093 periculum
511 2044 700 2079 nostrum
732 2051 834 2079 esse.

178 2112 244 2153 86.
281 2112 420 2154 Dulcis
450 2113 669 2168 2'neoepertis
702 2111 864 2152 cultura
888 2111 1061 2166 potentis
1094 2111 1223 2153 (zm‘e'ce'.
1297 2108 1479 2151 Dulcem
1525 2123 1615 2151 esse
1661 2109 1760 2151 dicit
1793 2109 1897 2151 ami-

182 2307 214 2347 1)
243 2308 306 2338 dici
331 2307 450 2337 menties
475 2306 537 2336 ami
557 2311 720 2345 potentem
748 2306 827 2345 (sio)
853 2316 985 2344 puerum
1001 2306 1060 2344 (Ξ
1074 2306 1116 2345 G)
1135 2304 1149 2347 Η
1169 2306 1294 2344 puellae
1320 2305 1366 2334 uel
1392 2306 1487 2334 beare
1513 2309 1543 2333 te
1568 2305 1634 2333 uid.
1653 2304 1695 2332 M.
1723 2304 1786 2333 dici
1812 2313 1899 2333 men-

67 2365 130 2394 ties
155 2365 228 2394 anni
252 2368 416 2403 potentem
442 2364 592 2402 puellam.
626 2364 701 2393 Vene
727 2363 875 2392 dominus
900 2373 953 2401 pu.
980 2362 1015 2391 R.
1043 2363 1105 2391 dici
1133 2371 1173 2391 ne
1190 2367 1283 2391 mente
1301 2371 1370 2390 sema
1388 2370 1515 2399 pueram
1535 2364 1701 2398 potentem
1720 2361 1899 2398 puellamue

68 2431 104 2452 ne
129 2423 214 2453 dom.
244 2423 273 2452 2.
300 2441 340 2443 —
369 2432 441 2461 app.
468 2421 587 2456 vath.
637 2420 672 2460 2)
692 2420 785 2459 pueri
808 2421 989 2459 puellamue
1014 2428 1053 2448 ne
1079 2419 1168 2448 codd.
1195 2418 1253 2448 ref.
1269 2418 1307 2453 Q.
1334 2436 1373 2438 *-
1401 2417 1513 2447 faceret
1541 2418 1569 2446 2.
1620 2417 1654 2455 3)
1683 2416 1714 2445 ld
1739 2421 1784 2446 est
1811 2416 1899 2445 vassi.

70 2478 116 2508 Ne
141 2480 283 2509 sentiens
309 2497 350 2500 >u
378 2479 467 2508 dedit
492 2477 611 2513 vath.
639 2495 680 2498 —
708 2478 945 2507 incommodum.
984 2475 1193 2513 Difficileque
1218 2476 1258 2504 sit
1286 2479 1316 2504 et
1343 2479 1374 2503 to
1401 2478 1501 2512 angat
1526 2478 1701 2502 amatorem
1728 2483 1820 2502 suum
1845 2482 1901 2510 per

69 2535 255 2574 allegoriam
280 2535 421 2565 confesso
457 2534 628 2573 (confessio
653 2533 719 2571 2G)
758 2533 928 2563 alexandri
964 2532 1190 2570 (alexandrum
1216 2531 1250 2569 2)
1290 2541 1422 2569 puerum
1449 2530 1547 2568 pollio
1574 2530 1651 2568 (om.
1679 2530 1713 2567 2)
1751 2529 1900 2558 dominus

70 2592 149 2621 dono
174 2592 274 2632 (dom.
301 2592 427 2622 domino
452 2592 488 2630 2)
516 2591 603 2620 dedit
631 2590 726 2620 MR‘Z.
779 2592 812 2629 7)
839 2594 959 2620 temere
985 2599 1045 2619 oni.
1073 2589 1110 2617 R.
1144 2588 1231 2617 enim
1259 2597 1318 2617 om.
1346 2586 1558 2623 MR2G,an.
1586 2604 1626 2606 »ἡ
1654 2586 1680 2614 si
1706 2592 1815 2623 peccet
1839 2594 1900 2614 om.

69 2647 281 2685 MR2G,an.
343 2648 378 2686 8)
404 2649 452 2678 Ne
478 2652 591 2685 postea
615 2657 664 2676 om
686 2647 731 2677 th.
759 2656 799 2676 ne
823 2646 982 2684 posterius
1008 2646 1037 2674 2.
1100 2645 1154 2683 10)
1182 2644 1452 2673 commendaveris
1477 2642 1549 2671 MR.
1577 2642 1645 2671 rell.
1672 2641 1902 2671 commendaris

75 2705 128 2744 1⁶2)
154 2705 293 2735 maliuoi.
321 2705 357 2734 R.
400 2706 469 2743 ipse
495 2714 555 2734 om.
585 2705 613 2732 2.
681 2704 735 2742 13)
761 2704 852 2733 addit
877 2704 907 2732 h.
934 2720 973 2723 --
1003 2702 1060 2730 int.
1090 2700 1171 2730 tradi
1190 2710 1302 2738 parum
1327 2700 1446 2739 (Zc'yozum
1470 2698 1596 2728 MRQG.
1623 2698 1692 2727 rell.
1719 2708 1778 2727 om.
1817 2699 1903 2727 indi-

78 2771 174 2800 gnum
201 2771 229 2800 p.
257 2762 287 2790 d.
326 2761 481 2790 tradimus
517 2760 638 2795 vath.
708 2759 919 2798 15)1nini1ne
957 2776 995 2780 —
1028 2757 1203 2796 peccauerit
1239 2761 1367 2794 propter
1404 2756 1680 2785 homoeoteleuton
1717 2765 1777 2784 om.
1815 2754 1902 2784 vafh.

75 2816 130 2856 16)
155 2822 297 2855 praemet
320 2817 364 2848 M.
416 2818 472 2855 17)
499 2820 598 2845 notum
621 2816 659 2845 sit
685 2816 744 2854 (z
763 2817 789 2845 si
815 2815 853 2854 t.)
879 2825 920 2844 ne
945 2819 981 2844 tu
1006 2815 1048 2843 M.
1076 2831 1118 2834 —
1144 2814 1187 2843 Ac
1212 2818 1245 2842 tu
1272 2815 1301 2842 2.
1353 2813 1407 2849 18)
1435 2816 1599 2850 protegere
1623 2810 1749 2840 MRQG.
1776 2829 1815 2831 —
1844 2811 1905 2840 cri-

72 2874 278 2904 minationem
301 2874 373 2903 MR.
401 2883 471 2903 cum
497 2883 556 2903 om.
585 2874 615 2902 2.
665 2873 723 2911 21)
751 2876 781 2901 et
807 2882 865 2901 om.
894 2871 983 2901 vafh.
1018 2889 1051 2891 —
1078 2871 1304 2900 detractoribus
1336 2871 1363 2898 2.
1393 2886 1431 2889 -ψ
1459 2873 1494 2898 tu
1520 2878 1580 2897 om.
1607 2868 1642 2896 R.
1710 2868 1767 2906 23)
1795 2864 1903 2906 &quid

72 2929 114 2959 M.
140 2931 256 2969 enquid
282 2930 364 2969 (bis)
392 2939 418 2958 a.
457 2929 626 2967 postpaulo
651 2929 722 2959 MR.
750 2946 789 2948 —
819 2927 906 2958 Ordo
933 2931 982 2956 est
1008 2928 1084 2965 quid
1115 2930 1196 2956 sent.
1234 2925 1329 2954 MR2.
1394 2926 1451 2963 26)
1480 2923 1640 2962 inexperti
1662 2923 1810 2962 MRG‚va
1835 2924 1904 2954 rell.

75 2986 260 3025 inexpertis,
287 2991 322 3016 ut
349 2996 433 3017 omn.
462 2986 553 3015 codd.
580 2985 719 3014 IIoratii.
746 2985 816 3027 Βφε
843 2983 1019 3022 inexpertis.
1046 2984 1066 3012 i.
1094 2983 1320 3021 ignorantibus
1347 2981 1539 3011 hominibus,
1578 2981 1834 3020 Porphyrionem
1860 2981 1905 3009 le-

75 3043 160 3080 gisse
187 3045 362 3080 inexperto,
389 3047 423 3072 ut
450 3042 475 3077 Q
502 3051 542 3070 ex
570 3042 835 3079 interpretatione
863 3044 893 3070 et
921 3050 961 3069 ex
988 3040 1125 3070 lectione
1152 3038 1313 3069 concludit
1339 3036 1449 3075 (atque
1468 3046 1508 3065 ex
1528 3037 1686 3075 singulari
1713 3037 1903 3075 E.7·pe1·tus.?)

75 3107 136 3128 non
161 3100 337 3129 uerisimile
362 3104 420 3128 est.

1923 940 1958 969 10
