<?xml version="1.0" encoding="UTF-8"?>
<!DOCTYPE html PUBLIC "-//W3C//DTD XHTML 1.0 Transitional//EN"
    "http://www.w3.org/TR/xhtml1/DTD/xhtml1-transitional.dtd">
<html xmlns="http://www.w3.org/1999/xhtml" xml:lang="en" lang="en">
 <head>
  <title>
</title>
<meta http-equiv="Content-Type" content="text/html;charset=utf-8" />
  <meta name='ocr-system' content='tesseract 3.04.00' />
  <meta name='ocr-capabilities' content='ocr_page ocr_carea ocr_par ocr_line ocrx_word'/>
</head>
<body>
  <div class='ocr_page' id='page_1' title='image "acronisetporphyr02pseuuoft_0051.png"; bbox 0 0 2148 3412; ppageno 0'>
   <div class='ocr_carea' id='block_1_1' title="bbox 790 151 1862 196">
    <p class='ocr_par' dir='ltr' id='par_1_1' title="bbox 790 151 1862 196">
     <span class='ocr_line' id='line_1_1' title="bbox 790 151 1862 196; baseline 0.003 -8"><span class='ocrx_word' id='word_1_1' title='bbox 790 157 839 188; x_wconf 87' lang='lat' dir='ltr'>IN</span> <span class='ocrx_word' id='word_1_2' title='bbox 866 157 1000 189; x_wconf 78' lang='lat' dir='ltr'>SERM.</span> <span class='ocrx_word' id='word_1_3' title='bbox 1026 158 1053 196; x_wconf 85' lang='lat'>1,</span> <span class='ocrx_word' id='word_1_4' title='bbox 1080 162 1109 189; x_wconf 81' lang='lat'>2.</span> <span class='ocrx_word' id='word_1_5' title='bbox 1808 151 1862 191; x_wconf 84' lang='lat'>43</span> 
     </span>
    </p>
   </div>
   <div class='ocr_carea' id='block_1_2' title="bbox 35 277 1864 1653">
    <p class='ocr_par' dir='ltr' id='par_1_2' title="bbox 40 277 1861 556">
     <span class='ocr_line' id='line_1_2' title="bbox 40 277 1861 335; baseline 0.002 -14"><span class='ocrx_word' id='word_1_6' title='bbox 40 277 321 321; x_wconf 79' lang='lat' dir='ltr'>familiaritate</span> <span class='ocrx_word' id='word_1_7' title='bbox 352 279 500 329; x_wconf 79' lang='lat' dir='ltr'>clarus,</span> <span class='ocrx_word' id='word_1_8' title='bbox 533 279 721 334; x_wconf 84' lang='lat' dir='ltr'>corporis</span> <span class='ocrx_word' id='word_1_9' title='bbox 752 280 814 321; x_wconf 90' lang='lat' dir='ltr'>sui</span> <span class='ocrx_word' id='word_1_10' title='bbox 846 279 1193 335; x_wconf 82' lang='lat' dir='ltr'>diligentissimus</span> <span class='ocrx_word' id='word_1_11' title='bbox 1233 282 1323 332; x_wconf 84' lang='lat' dir='ltr'>fuit,</span> <span class='ocrx_word' id='word_1_12' title='bbox 1362 289 1541 324; x_wconf 81' lang='lat' dir='ltr'>sectator</span> <span class='ocrx_word' id='word_1_13' title='bbox 1576 288 1861 325; x_wconf 71' lang='lat' dir='ltr'>matronarimi</span> 
     </span>
     <span class='ocr_line' id='line_1_3' title="bbox 41 351 1861 409; baseline 0.002 -16"><span class='ocrx_word' id='word_1_14' title='bbox 41 351 283 393; x_wconf 85' lang='lat' dir='ltr'>concubitus</span> <span class='ocrx_word' id='word_1_15' title='bbox 315 351 593 408; x_wconf 83' lang='lat' dir='ltr'>[adpetens?].</span> <span class='ocrx_word' id='word_1_16' title='bbox 655 353 747 394; x_wconf 65' lang='lat' dir='ltr'>Albe·</span> <span class='ocrx_word' id='word_1_17' title='bbox 774 359 911 393; x_wconf 86' lang='lat' dir='ltr'>autem</span> <span class='ocrx_word' id='word_1_18' title='bbox 942 368 1025 394; x_wconf 91' lang='lat' dir='ltr'>non</span> <span class='ocrx_word' id='word_1_19' title='bbox 1056 368 1133 409; x_wconf 89' lang='lat' dir='ltr'>pro</span> <span class='ocrx_word' id='word_1_20' title='bbox 1165 356 1333 396; x_wconf 71' lang='lat' dir='ltr'>candido</span> <span class='ocrx_word' id='word_1_21' title='bbox 1363 355 1529 397; x_wconf 87' lang='lat' dir='ltr'>uidetur</span> <span class='ocrx_word' id='word_1_22' title='bbox 1558 355 1662 397; x_wconf 88' lang='lat' dir='ltr'>mihi</span> <span class='ocrx_word' id='word_1_23' title='bbox 1693 356 1861 407; x_wconf 85' lang='lat' dir='ltr'>dixisse,</span> 
     </span>
     <span class='ocr_line' id='line_1_4' title="bbox 41 424 1861 481; baseline 0.003 -15"><span class='ocrx_word' id='word_1_24' title='bbox 41 439 133 466; x_wconf 91' lang='lat' dir='ltr'>cum</span> <span class='ocrx_word' id='word_1_25' title='bbox 163 424 305 479; x_wconf 85' lang='lat' dir='ltr'>utique</span> <span class='ocrx_word' id='word_1_26' title='bbox 336 425 497 480; x_wconf 86' lang='lat' dir='ltr'>possint</span> <span class='ocrx_word' id='word_1_27' title='bbox 527 432 566 466; x_wconf 92' lang='lat' dir='ltr'>et</span> <span class='ocrx_word' id='word_1_28' title='bbox 602 425 800 481; x_wconf 81' lang='lat' dir='ltr'>uulgares</span> <span class='ocrx_word' id='word_1_29' title='bbox 838 425 1034 467; x_wconf 90' lang='lat' dir='ltr'>mulieres</span> <span class='ocrx_word' id='word_1_30' title='bbox 1073 427 1198 467; x_wconf 88' lang='lat' dir='ltr'>etiam</span> <span class='ocrx_word' id='word_1_31' title='bbox 1237 428 1478 470; x_wconf 81' lang='lat' dir='ltr'>meretrices</span> <span class='ocrx_word' id='word_1_32' title='bbox 1516 429 1721 470; x_wconf 89' lang='lat' dir='ltr'>candidae</span> <span class='ocrx_word' id='word_1_33' title='bbox 1758 444 1861 480; x_wconf 87' lang='lat' dir='ltr'>esse,</span> 
     </span>
     <span class='ocr_line' id='line_1_5' title="bbox 40 497 1825 556; baseline 0.002 -16"><span class='ocrx_word' id='word_1_34' title='bbox 40 498 111 540; x_wconf 80' lang='lat' dir='ltr'>sed</span> <span class='ocrx_word' id='word_1_35' title='bbox 142 497 195 538; x_wconf 88' lang='lat' dir='ltr'>ad</span> <span class='ocrx_word' id='word_1_36' title='bbox 225 505 382 539; x_wconf 90' lang='lat' dir='ltr'>uestem</span> <span class='ocrx_word' id='word_1_37' title='bbox 413 498 566 549; x_wconf 87' lang='lat' dir='ltr'>albam,</span> <span class='ocrx_word' id='word_1_38' title='bbox 599 514 681 553; x_wconf 88' lang='lat' dir='ltr'>qua</span> <span class='ocrx_word' id='word_1_39' title='bbox 711 507 925 539; x_wconf 87' lang='lat' dir='ltr'>matronae</span> <span class='ocrx_word' id='word_1_40' title='bbox 955 499 1138 541; x_wconf 86' lang='lat' dir='ltr'>maxime</span> <span class='ocrx_word' id='word_1_41' title='bbox 1168 507 1352 551; x_wconf 89' lang='lat' dir='ltr'>utuntur,</span> <span class='ocrx_word' id='word_1_42' title='bbox 1384 509 1485 556; x_wconf 86' lang='lat' dir='ltr'>puto</span> <span class='ocrx_word' id='word_1_43' title='bbox 1515 502 1692 543; x_wconf 86' lang='lat' dir='ltr'>relatum</span> <span class='ocrx_word' id='word_1_44' title='bbox 1723 517 1825 544; x_wconf 89' lang='lat' dir='ltr'>esse.</span> 
     </span>
    </p>

    <p class='ocr_par' dir='ltr' id='par_1_3' title="bbox 38 572 1862 771">
     <span class='ocr_line' id='line_1_6' title="bbox 150 572 1862 630; baseline 0.003 -19"><span class='ocrx_word' id='word_1_45' title='bbox 150 572 216 611; x_wconf 81' lang='lat'>37.</span> <span class='ocrx_word' id='word_1_46' title='bbox 248 572 401 612; x_wconf 72' lang='lat' dir='ltr'>Audire</span> <span class='ocrx_word' id='word_1_47' title='bbox 432 580 486 612; x_wconf 75' lang='lat' dir='ltr'>esc</span> <span class='ocrx_word' id='word_1_48' title='bbox 517 587 548 613; x_wconf 91' lang='lat'>0.</span> <span class='ocrx_word' id='word_1_49' title='bbox 572 587 616 627; x_wconf 83' lang='lat' dir='ltr'>p.</span> <span class='ocrx_word' id='word_1_50' title='bbox 640 587 683 627; x_wconf 79' lang='lat' dir='ltr'>p.</span> <span class='ocrx_word' id='word_1_51' title='bbox 716 586 748 612; x_wconf 85' lang='lat' dir='ltr'>r.</span> <span class='ocrx_word' id='word_1_52' title='bbox 782 588 813 627; x_wconf 85' lang='lat' dir='ltr'>q.</span> <span class='ocrx_word' id='word_1_53' title='bbox 857 573 1025 613; x_wconf 73' lang='lat' dir='ltr'>moechis</span> <span class='ocrx_word' id='word_1_54' title='bbox 1063 588 1102 614; x_wconf 91' lang='lat' dir='ltr'>n.</span> <span class='ocrx_word' id='word_1_55' title='bbox 1140 589 1179 615; x_wconf 75' lang='lat' dir='ltr'>u.</span> <span class='ocrx_word' id='word_1_56' title='bbox 1218 589 1258 614; x_wconf 74' lang='lat' dir='ltr'>n.</span> <span class='ocrx_word' id='word_1_57' title='bbox 1295 591 1328 616; x_wconf 89' lang='lat'>0.</span> <span class='ocrx_word' id='word_1_58' title='bbox 1362 590 1401 630; x_wconf 77' lang='lat' dir='ltr'>p.</span> <span class='ocrx_word' id='word_1_59' title='bbox 1439 576 1625 617; x_wconf 74' lang='lat' dir='ltr'>laborent.</span> <span class='ocrx_word' id='word_1_60' title='bbox 1684 575 1862 616; x_wconf 83' lang='lat' dir='ltr'>Urbane</span> 
     </span>
     <span class='ocr_line' id='line_1_7' title="bbox 40 642 1862 702; baseline 0.003 -19"><span class='ocrx_word' id='word_1_61' title='bbox 40 642 223 684; x_wconf 87' lang='lat' dir='ltr'>abutitur</span> <span class='ocrx_word' id='word_1_62' title='bbox 251 642 462 685; x_wconf 83' lang='lat' dir='ltr'>Ennianis</span> <span class='ocrx_word' id='word_1_63' title='bbox 492 645 703 685; x_wconf 89' lang='lat' dir='ltr'>uersibus:</span> <span class='ocrx_word' id='word_1_64' title='bbox 753 646 907 686; x_wconf 65' lang='lat' dir='ltr'>Audire</span> <span class='ocrx_word' id='word_1_65' title='bbox 939 661 968 686; x_wconf 84' lang='lat' dir='ltr'>e.</span> <span class='ocrx_word' id='word_1_66' title='bbox 1001 661 1034 686; x_wconf 90' lang='lat'>0.</span> <span class='ocrx_word' id='word_1_67' title='bbox 1063 661 1103 700; x_wconf 81' lang='lat' dir='ltr'>p.</span> <span class='ocrx_word' id='word_1_68' title='bbox 1132 662 1172 702; x_wconf 83' lang='lat' dir='ltr'>p.</span> <span class='ocrx_word' id='word_1_69' title='bbox 1210 661 1243 687; x_wconf 80' lang='lat' dir='ltr'>r.</span> <span class='ocrx_word' id='word_1_70' title='bbox 1287 649 1334 698; x_wconf 79' lang='lat' dir='ltr'>Q.</span> <span class='ocrx_word' id='word_1_71' title='bbox 1371 663 1405 688; x_wconf 78' lang='lat' dir='ltr'>r.</span> <span class='ocrx_word' id='word_1_72' title='bbox 1440 662 1474 688; x_wconf 81' lang='lat' dir='ltr'>r.</span> <span class='ocrx_word' id='word_1_73' title='bbox 1516 649 1556 690; x_wconf 91' lang='lat' dir='ltr'>L.</span> <span class='ocrx_word' id='word_1_74' title='bbox 1595 664 1628 689; x_wconf 87' lang='grc' dir='ltr'>α,</span> <span class='ocrx_word' id='word_1_75' title='bbox 1669 663 1709 690; x_wconf 81' lang='lat' dir='ltr'>n.</span> <span class='ocrx_word' id='word_1_76' title='bbox 1776 647 1862 690; x_wconf 86' lang='lat' dir='ltr'>Sed</span> 
     </span>
     <span class='ocr_line' id='line_1_8' title="bbox 38 716 1792 771; baseline 0.003 -14"><span class='ocrx_word' id='word_1_77' title='bbox 38 716 140 757; x_wconf 92' lang='lat' dir='ltr'>illud</span> <span class='ocrx_word' id='word_1_78' title='bbox 169 716 384 766; x_wconf 85' lang='lat' dir='ltr'>urbanius,</span> <span class='ocrx_word' id='word_1_79' title='bbox 417 717 529 771; x_wconf 90' lang='lat' dir='ltr'>quod</span> <span class='ocrx_word' id='word_1_80' title='bbox 560 732 653 758; x_wconf 93' lang='lat' dir='ltr'>cum</span> <span class='ocrx_word' id='word_1_81' title='bbox 685 717 850 758; x_wconf 87' lang='lat' dir='ltr'>Ennius</span> <span class='ocrx_word' id='word_1_82' title='bbox 879 719 1005 759; x_wconf 78' lang='lat' dir='ltr'>nullis</span> <span class='ocrx_word' id='word_1_83' title='bbox 1034 718 1199 769; x_wconf 85' lang='lat' dir='ltr'>dixerit,</span> <span class='ocrx_word' id='word_1_84' title='bbox 1232 720 1299 761; x_wconf 92' lang='lat' dir='ltr'>hic</span> <span class='ocrx_word' id='word_1_85' title='bbox 1330 735 1409 762; x_wconf 85' lang='lat' dir='ltr'>non</span> <span class='ocrx_word' id='word_1_86' title='bbox 1439 723 1564 763; x_wconf 65' lang='lat' dir='ltr'>uultis</span> <span class='ocrx_word' id='word_1_87' title='bbox 1594 722 1792 762; x_wconf 86' lang='lat' dir='ltr'>intulerit.</span> 
     </span>
    </p>

    <p class='ocr_par' dir='ltr' id='par_1_4' title="bbox 37 790 1861 995">
     <span class='ocr_line' id='line_1_9' title="bbox 148 790 1860 847; baseline 0.003 -17"><span class='ocrx_word' id='word_1_88' title='bbox 148 790 214 830; x_wconf 84' lang='lat'>39.</span> <span class='ocrx_word' id='word_1_89' title='bbox 245 790 311 830; x_wconf 93' lang='lat'>40.</span> <span class='ocrx_word' id='word_1_90' title='bbox 344 798 423 845; x_wconf 82' lang='lat' dir='ltr'>utq.</span> <span class='ocrx_word' id='word_1_91' title='bbox 454 791 530 832; x_wconf 68' lang='lat' dir='ltr'>illis</span> <span class='ocrx_word' id='word_1_92' title='bbox 562 806 593 832; x_wconf 83' lang='lat' dir='ltr'>c.</span> <span class='ocrx_word' id='word_1_93' title='bbox 627 792 663 831; x_wconf 79' lang='lat' dir='ltr'>d.</span> <span class='ocrx_word' id='word_1_94' title='bbox 694 805 734 831; x_wconf 82' lang='lat' dir='ltr'>n.</span> <span class='ocrx_word' id='word_1_95' title='bbox 767 806 803 832; x_wconf 75' lang='grc' dir='ltr'>ιι.</span> <span class='ocrx_word' id='word_1_96' title='bbox 834 791 870 831; x_wconf 79' lang='lat' dir='ltr'>h.</span> <span class='ocrx_word' id='word_1_97' title='bbox 902 806 936 832; x_wconf 82' lang='lat' dir='ltr'>r.</span> <span class='ocrx_word' id='word_1_98' title='bbox 959 806 989 832; x_wconf 79' lang='lat' dir='ltr'>c.</span> <span class='ocrx_word' id='word_1_99' title='bbox 1014 792 1050 832; x_wconf 81' lang='lat' dir='ltr'>d.</span> <span class='ocrx_word' id='word_1_100' title='bbox 1072 793 1096 832; x_wconf 73' lang='grc' dir='ltr'>τ’.</span> <span class='ocrx_word' id='word_1_101' title='bbox 1117 807 1145 832; x_wconf 80' lang='lat' dir='ltr'>s.</span> <span class='ocrx_word' id='word_1_102' title='bbox 1165 794 1334 847; x_wconf 66' lang='lat' dir='ltr'>pericla.</span> <span class='ocrx_word' id='word_1_103' title='bbox 1393 794 1549 835; x_wconf 91' lang='lat' dir='ltr'>Merito</span> <span class='ocrx_word' id='word_1_104' title='bbox 1584 795 1663 836; x_wconf 93' lang='lat' dir='ltr'>hoc</span> <span class='ocrx_word' id='word_1_105' title='bbox 1694 795 1860 845; x_wconf 88' lang='lat' dir='ltr'>dicitur,</span> 
     </span>
     <span class='ocr_line' id='line_1_10' title="bbox 38 862 1861 923; baseline 0.003 -19"><span class='ocrx_word' id='word_1_106' title='bbox 38 877 131 904; x_wconf 89' lang='lat' dir='ltr'>cum</span> <span class='ocrx_word' id='word_1_107' title='bbox 162 862 362 903; x_wconf 86' lang='lat' dir='ltr'>adulteris</span> <span class='ocrx_word' id='word_1_108' title='bbox 393 870 437 903; x_wconf 92' lang='lat' dir='ltr'>ut</span> <span class='ocrx_word' id='word_1_109' title='bbox 467 878 562 904; x_wconf 87' lang='lat' dir='ltr'>raro</span> <span class='ocrx_word' id='word_1_110' title='bbox 594 863 811 918; x_wconf 76' lang='lat' dir='ltr'>contingat</span> <span class='ocrx_word' id='word_1_111' title='bbox 841 863 1082 906; x_wconf 84' lang='lat' dir='ltr'>concubitus</span> <span class='ocrx_word' id='word_1_112' title='bbox 1113 880 1270 915; x_wconf 80' lang='lat' dir='ltr'>earum,</span> <span class='ocrx_word' id='word_1_113' title='bbox 1303 881 1407 921; x_wconf 84' lang='lat' dir='ltr'>quas</span> <span class='ocrx_word' id='word_1_114' title='bbox 1439 874 1662 917; x_wconf 88' lang='lat' dir='ltr'>sectantur,</span> <span class='ocrx_word' id='word_1_115' title='bbox 1699 875 1739 909; x_wconf 89' lang='lat' dir='ltr'>et</span> <span class='ocrx_word' id='word_1_116' title='bbox 1769 869 1861 923; x_wconf 88' lang='lat' dir='ltr'>ipso</span> 
     </span>
     <span class='ocr_line' id='line_1_11' title="bbox 37 935 1534 995; baseline 0.003 -19"><span class='ocrx_word' id='word_1_117' title='bbox 37 943 148 977; x_wconf 90' lang='lat' dir='ltr'>metu</span> <span class='ocrx_word' id='word_1_118' title='bbox 178 935 355 991; x_wconf 90' lang='lat' dir='ltr'>periculi</span> <span class='ocrx_word' id='word_1_119' title='bbox 387 936 482 992; x_wconf 70' lang='lat' dir='ltr'>(iiP)</span> <span class='ocrx_word' id='word_1_120' title='bbox 513 951 597 978; x_wconf 89' lang='lat' dir='ltr'>non</span> <span class='ocrx_word' id='word_1_121' title='bbox 628 937 834 978; x_wconf 84' lang='lat' dir='ltr'>sinceram</span> <span class='ocrx_word' id='word_1_122' title='bbox 866 937 965 978; x_wconf 91' lang='lat' dir='ltr'>inde</span> <span class='ocrx_word' id='word_1_123' title='bbox 995 938 1253 993; x_wconf 89' lang='lat' dir='ltr'>uoluptatem</span> <span class='ocrx_word' id='word_1_124' title='bbox 1284 940 1534 995; x_wconf 85' lang='lat' dir='ltr'>percipiant.</span> 
     </span>
    </p>

    <p class='ocr_par' dir='ltr' id='par_1_5' title="bbox 36 1009 1863 1212">
     <span class='ocr_line' id='line_1_12' title="bbox 148 1009 1863 1068; baseline 0.003 -19"><span class='ocrx_word' id='word_1_125' title='bbox 148 1011 213 1049; x_wconf 87' lang='lat'>41.</span> <span class='ocrx_word' id='word_1_126' title='bbox 244 1010 308 1050; x_wconf 66' lang='lat' dir='ltr'>ille</span> <span class='ocrx_word' id='word_1_127' title='bbox 325 1010 415 1065; x_wconf 73' lang='lat' dir='ltr'>stay.</span> <span class='ocrx_word' id='word_1_128' title='bbox 438 1024 473 1050; x_wconf 85' lang='lat' dir='ltr'>a.</span> <span class='ocrx_word' id='word_1_129' title='bbox 494 1025 544 1051; x_wconf 85' lang='lat' dir='ltr'>m.</span> <span class='ocrx_word' id='word_1_130' title='bbox 568 1025 599 1051; x_wconf 82' lang='lat' dir='ltr'>c.</span> <span class='ocrx_word' id='word_1_131' title='bbox 659 1009 755 1051; x_wconf 88' lang='lat' dir='ltr'>Hoc</span> <span class='ocrx_word' id='word_1_132' title='bbox 786 1010 837 1051; x_wconf 88' lang='lat' dir='ltr'>de</span> <span class='ocrx_word' id='word_1_133' title='bbox 855 1009 904 1052; x_wconf 90' lang='lat' dir='ltr'>C.</span> <span class='ocrx_word' id='word_1_134' title='bbox 937 1009 1137 1053; x_wconf 84' lang='lat' dir='ltr'>Sallustio</span> <span class='ocrx_word' id='word_1_135' title='bbox 1166 1012 1333 1053; x_wconf 85' lang='lat' dir='ltr'>uidetur</span> <span class='ocrx_word' id='word_1_136' title='bbox 1355 1013 1452 1063; x_wconf 88' lang='lat' dir='ltr'>dici,</span> <span class='ocrx_word' id='word_1_137' title='bbox 1486 1013 1557 1068; x_wconf 89' lang='lat' dir='ltr'>qui</span> <span class='ocrx_word' id='word_1_138' title='bbox 1578 1014 1863 1068; x_wconf 87' lang='lat' dir='ltr'>deprehensus</span> 
     </span>
     <span class='ocr_line' id='line_1_13' title="bbox 37 1081 1861 1140; baseline 0.002 -15"><span class='ocrx_word' id='word_1_139' title='bbox 37 1082 89 1125; x_wconf 91' lang='lat' dir='ltr'>ab</span> <span class='ocrx_word' id='word_1_140' title='bbox 119 1081 263 1124; x_wconf 90' lang='lat' dir='ltr'>Annio</span> <span class='ocrx_word' id='word_1_141' title='bbox 293 1083 455 1124; x_wconf 91' lang='lat' dir='ltr'>Milone</span> <span class='ocrx_word' id='word_1_142' title='bbox 486 1083 528 1124; x_wconf 92' lang='lat' dir='ltr'>in</span> <span class='ocrx_word' id='word_1_143' title='bbox 561 1083 765 1125; x_wconf 89' lang='lat' dir='ltr'>adulterio</span> <span class='ocrx_word' id='word_1_144' title='bbox 796 1083 991 1135; x_wconf 84' lang='lat' dir='ltr'>Faustae,</span> <span class='ocrx_word' id='word_1_145' title='bbox 1040 1083 1183 1140; x_wconf 86' lang='lat' dir='ltr'>Syllae</span> <span class='ocrx_word' id='word_1_146' title='bbox 1214 1085 1370 1128; x_wconf 87' lang='lat' dir='ltr'>Felicis</span> <span class='ocrx_word' id='word_1_147' title='bbox 1407 1086 1531 1137; x_wconf 87' lang='lat' dir='ltr'>filiae,</span> <span class='ocrx_word' id='word_1_148' title='bbox 1576 1088 1720 1129; x_wconf 87' lang='lat' dir='ltr'>uxoris</span> <span class='ocrx_word' id='word_1_149' title='bbox 1759 1088 1861 1138; x_wconf 88' lang='lat' dir='ltr'>eius,</span> 
     </span>
     <span class='ocr_line' id='line_1_14' title="bbox 36 1156 492 1212; baseline 0 -15"><span class='ocrx_word' id='word_1_150' title='bbox 36 1156 214 1212; x_wconf 84' lang='lat' dir='ltr'>flagellis</span> <span class='ocrx_word' id='word_1_151' title='bbox 245 1171 390 1198; x_wconf 89' lang='lat' dir='ltr'>caesus</span> <span class='ocrx_word' id='word_1_152' title='bbox 421 1164 492 1198; x_wconf 86' lang='lat' dir='ltr'>est.</span> 
     </span>
    </p>

    <p class='ocr_par' dir='ltr' id='par_1_6' title="bbox 35 1229 1862 1344">
     <span class='ocr_line' id='line_1_15' title="bbox 147 1229 1862 1288; baseline 0.003 -18"><span class='ocrx_word' id='word_1_153' title='bbox 147 1231 214 1270; x_wconf 80' lang='lat'>42.</span> <span class='ocrx_word' id='word_1_154' title='bbox 248 1230 353 1271; x_wconf 70' lang='lat' dir='ltr'>dedic</span> <span class='ocrx_word' id='word_1_155' title='bbox 382 1230 418 1271; x_wconf 86' lang='grc' dir='ltr'>Ιι.</span> <span class='ocrx_word' id='word_1_156' title='bbox 443 1245 486 1285; x_wconf 80' lang='lat' dir='ltr'>p.</span> <span class='ocrx_word' id='word_1_157' title='bbox 521 1244 552 1271; x_wconf 86' lang='lat' dir='ltr'>c.</span> <span class='ocrx_word' id='word_1_158' title='bbox 584 1245 623 1270; x_wconf 90' lang='lat' dir='ltr'>n.</span> <span class='ocrx_word' id='word_1_159' title='bbox 688 1229 753 1270; x_wconf 92' lang='lat' dir='ltr'>Ne</span> <span class='ocrx_word' id='word_1_160' title='bbox 798 1237 922 1272; x_wconf 88' lang='lat' dir='ltr'>testes</span> <span class='ocrx_word' id='word_1_161' title='bbox 966 1230 1005 1271; x_wconf 92' lang='lat' dir='ltr'>ei</span> <span class='ocrx_word' id='word_1_162' title='bbox 1050 1230 1410 1283; x_wconf 83' lang='lat' dir='ltr'>abscinderentur,</span> <span class='ocrx_word' id='word_1_163' title='bbox 1456 1247 1636 1288; x_wconf 85' lang='lat' dir='ltr'>paenam</span> <span class='ocrx_word' id='word_1_164' title='bbox 1682 1235 1862 1288; x_wconf 87' lang='lat' dir='ltr'>pecunia</span> 
     </span>
     <span class='ocr_line' id='line_1_16' title="bbox 35 1302 224 1344; baseline -0.005 0"><span class='ocrx_word' id='word_1_165' title='bbox 35 1302 224 1344; x_wconf 87' lang='lat' dir='ltr'>redemit.</span> 
     </span>
    </p>

    <p class='ocr_par' dir='ltr' id='par_1_7' title="bbox 36 1376 1864 1653">
     <span class='ocr_line' id='line_1_17' title="bbox 148 1376 1862 1435; baseline 0.003 -18"><span class='ocrx_word' id='word_1_166' title='bbox 148 1378 215 1417; x_wconf 88' lang='lat'>44.</span> <span class='ocrx_word' id='word_1_167' title='bbox 248 1376 370 1418; x_wconf 77' lang='lat' dir='ltr'>Hunc</span> <span class='ocrx_word' id='word_1_168' title='bbox 394 1378 707 1432; x_wconf 68' lang='lat' dir='ltr'>perminxerunt</span> <span class='ocrx_word' id='word_1_169' title='bbox 738 1377 909 1417; x_wconf 74' lang='lat' dir='ltr'>calones.</span> <span class='ocrx_word' id='word_1_170' title='bbox 986 1378 1299 1420; x_wconf 71' lang='lat' dir='ltr'>Pernnnoeernnt</span> <span class='ocrx_word' id='word_1_171' title='bbox 1334 1393 1411 1433; x_wconf 86' lang='lat' dir='ltr'>pro</span> <span class='ocrx_word' id='word_1_172' title='bbox 1455 1387 1744 1435; x_wconf 74' lang='lat' dir='ltr'>stuprauernn!</span> <span class='ocrx_word' id='word_1_173' title='bbox 1786 1395 1862 1435; x_wconf 90' lang='lat' dir='ltr'>po-</span> 
     </span>
     <span class='ocr_line' id='line_1_18' title="bbox 38 1449 1864 1506; baseline 0.002 -16"><span class='ocrx_word' id='word_1_174' title='bbox 38 1449 161 1491; x_wconf 89' lang='lat' dir='ltr'>situm</span> <span class='ocrx_word' id='word_1_175' title='bbox 192 1457 264 1490; x_wconf 88' lang='lat' dir='ltr'>est.</span> <span class='ocrx_word' id='word_1_176' title='bbox 330 1449 495 1491; x_wconf 78' lang='lat' dir='ltr'>Calones</span> <span class='ocrx_word' id='word_1_177' title='bbox 526 1456 665 1490; x_wconf 88' lang='lat' dir='ltr'>autem</span> <span class='ocrx_word' id='word_1_178' title='bbox 696 1449 807 1490; x_wconf 89' lang='lat' dir='ltr'>serui</span> <span class='ocrx_word' id='word_1_179' title='bbox 838 1449 1034 1490; x_wconf 84' lang='lat' dir='ltr'>dicuntur</span> <span class='ocrx_word' id='word_1_180' title='bbox 1055 1465 1079 1490; x_wconf 88' lang='lat' dir='ltr'>a</span> <span class='ocrx_word' id='word_1_181' title='bbox 1101 1450 1292 1500; x_wconf 86' lang='lat' dir='ltr'>calando,</span> <span class='ocrx_word' id='word_1_182' title='bbox 1324 1451 1403 1492; x_wconf 90' lang='lat' dir='ltr'>hoc</span> <span class='ocrx_word' id='word_1_183' title='bbox 1425 1458 1498 1502; x_wconf 88' lang='lat' dir='ltr'>est,</span> <span class='ocrx_word' id='word_1_184' title='bbox 1531 1453 1642 1506; x_wconf 84' lang='lat' dir='ltr'>quod</span> <span class='ocrx_word' id='word_1_185' title='bbox 1662 1461 1864 1494; x_wconf 84' lang='lat' dir='ltr'>nocentur</span> 
     </span>
     <span class='ocr_line' id='line_1_19' title="bbox 36 1521 1864 1578; baseline 0.001 -14"><span class='ocrx_word' id='word_1_186' title='bbox 36 1523 90 1565; x_wconf 88' lang='lat' dir='ltr'>ad</span> <span class='ocrx_word' id='word_1_187' title='bbox 119 1523 409 1564; x_wconf 85' lang='lat' dir='ltr'>ministerium.</span> <span class='ocrx_word' id='word_1_188' title='bbox 478 1521 680 1564; x_wconf 89' lang='lat' dir='ltr'>Nonnulli</span> <span class='ocrx_word' id='word_1_189' title='bbox 712 1537 735 1562; x_wconf 88' lang='lat' dir='ltr'>a</span> <span class='ocrx_word' id='word_1_190' title='bbox 765 1521 974 1564; x_wconf 86' lang='lat' dir='ltr'>Kalendis</span> <span class='ocrx_word' id='word_1_191' title='bbox 1009 1530 1169 1578; x_wconf 84' lang='lat' dir='ltr'>putant,</span> <span class='ocrx_word' id='word_1_192' title='bbox 1215 1524 1326 1578; x_wconf 86' lang='lat' dir='ltr'>quod</span> <span class='ocrx_word' id='word_1_193' title='bbox 1357 1539 1406 1565; x_wconf 88' lang='lat' dir='ltr'>ea</span> <span class='ocrx_word' id='word_1_194' title='bbox 1436 1524 1504 1565; x_wconf 89' lang='lat' dir='ltr'>die</span> <span class='ocrx_word' id='word_1_195' title='bbox 1548 1525 1708 1566; x_wconf 88' lang='lat' dir='ltr'>cibaria</span> <span class='ocrx_word' id='word_1_196' title='bbox 1752 1526 1864 1568; x_wconf 79' lang='lat' dir='ltr'>acei-</span> 
     </span>
     <span class='ocr_line' id='line_1_20' title="bbox 36 1597 165 1653; baseline -0.016 -14"><span class='ocrx_word' id='word_1_197' title='bbox 36 1597 165 1653; x_wconf 88' lang='lat' dir='ltr'>piant.</span> 
     </span>
    </p>
   </div>
   <div class='ocr_carea' id='block_1_3' title="bbox 147 1669 1896 1726">
    <p class='ocr_par' dir='ltr' id='par_1_8' title="bbox 147 1669 1896 1726">
     <span class='ocr_line' id='line_1_21' title="bbox 147 1669 1896 1726; baseline 0.002 -16"><span class='ocrx_word' id='word_1_198' title='bbox 147 1672 215 1712; x_wconf 87' lang='lat'>45.</span> <span class='ocrx_word' id='word_1_199' title='bbox 247 1672 341 1726; x_wconf 75' lang='lat' dir='ltr'>quin</span> <span class='ocrx_word' id='word_1_200' title='bbox 372 1671 490 1711; x_wconf 71' lang='lat' dir='ltr'>eliam</span> <span class='ocrx_word' id='word_1_201' title='bbox 520 1671 544 1710; x_wconf 70' lang='grc' dir='ltr'>ί.</span> <span class='ocrx_word' id='word_1_202' title='bbox 577 1685 612 1710; x_wconf 85' lang='grc' dir='ltr'>α.</span> <span class='ocrx_word' id='word_1_203' title='bbox 643 1671 865 1725; x_wconf 69' lang='lat' dir='ltr'>etreliqua.</span> <span class='ocrx_word' id='word_1_204' title='bbox 943 1669 993 1710; x_wconf 90' lang='lat' dir='ltr'>In</span> <span class='ocrx_word' id='word_1_205' title='bbox 1024 1670 1229 1712; x_wconf 88' lang='lat' dir='ltr'>adulterio</span> <span class='ocrx_word' id='word_1_206' title='bbox 1261 1670 1535 1725; x_wconf 87' lang='lat' dir='ltr'>deprehensis</span> <span class='ocrx_word' id='word_1_207' title='bbox 1566 1672 1622 1712; x_wconf 83' lang='lat' dir='ltr'>ait</span> <span class='ocrx_word' id='word_1_208' title='bbox 1653 1672 1862 1713; x_wconf 89' lang='lat' dir='ltr'>interdum</span> <span class='ocrx_word' id='word_1_209' title='bbox 1889 1684 1896 1694; x_wconf 71' lang='lat'><strong>⁴</strong></span> 
     </span>
    </p>
   </div>
   <div class='ocr_carea' id='block_1_4' title="bbox 37 1742 1135 1798">
    <p class='ocr_par' dir='ltr' id='par_1_9' title="bbox 37 1742 1135 1798">
     <span class='ocr_line' id='line_1_22' title="bbox 37 1742 1135 1798; baseline 0 -13"><span class='ocrx_word' id='word_1_210' title='bbox 37 1743 238 1794; x_wconf 88' lang='lat' dir='ltr'>euenisse,</span> <span class='ocrx_word' id='word_1_211' title='bbox 269 1750 314 1784; x_wconf 89' lang='lat' dir='ltr'>ut</span> <span class='ocrx_word' id='word_1_212' title='bbox 343 1742 537 1785; x_wconf 88' lang='lat' dir='ltr'>uirilibus</span> <span class='ocrx_word' id='word_1_213' title='bbox 568 1743 794 1798; x_wconf 79' lang='lat' dir='ltr'>amputatis</span> <span class='ocrx_word' id='word_1_214' title='bbox 816 1743 1135 1785; x_wconf 86' lang='lat' dir='ltr'>dimitterentur.</span> 
     </span>
    </p>
   </div>
   <div class='ocr_carea' id='block_1_5' title="bbox 37 1908 1869 3179">
    <p class='ocr_par' dir='ltr' id='par_1_10' title="bbox 37 1908 1865 2062">
     <span class='ocr_line' id='line_1_23' title="bbox 37 1908 1865 1954; baseline 0 -14"><span class='ocrx_word' id='word_1_215' title='bbox 37 1910 179 1949; x_wconf 77' lang='lat' dir='ltr'>piennius</span> <span class='ocrx_word' id='word_1_216' title='bbox 204 1908 326 1951; x_wconf 76' lang='lat' dir='ltr'>(G?Q.).</span> <span class='ocrx_word' id='word_1_217' title='bbox 355 1918 547 1948; x_wconf 80' lang='lat' dir='ltr'>praenomen</span> <span class='ocrx_word' id='word_1_218' title='bbox 573 1909 607 1939; x_wconf 81' lang='lat' dir='ltr'>C.</span> <span class='ocrx_word' id='word_1_219' title='bbox 636 1920 696 1939; x_wconf 80' lang='lat' dir='ltr'>om.</span> <span class='ocrx_word' id='word_1_220' title='bbox 724 1910 767 1939; x_wconf 81' lang='lat' dir='ltr'>fh.</span> <span class='ocrx_word' id='word_1_221' title='bbox 802 1909 1000 1947; x_wconf 80' lang='lat' dir='ltr'>Cupiennius</span> <span class='ocrx_word' id='word_1_222' title='bbox 1027 1920 1111 1940; x_wconf 87' lang='lat' dir='ltr'>omn.</span> <span class='ocrx_word' id='word_1_223' title='bbox 1141 1911 1204 1939; x_wconf 82' lang='lat' dir='ltr'>fere</span> <span class='ocrx_word' id='word_1_224' title='bbox 1231 1915 1307 1940; x_wconf 86' lang='lat' dir='ltr'>uett.</span> <span class='ocrx_word' id='word_1_225' title='bbox 1335 1911 1427 1940; x_wconf 84' lang='lat' dir='ltr'>codd.</span> <span class='ocrx_word' id='word_1_226' title='bbox 1460 1911 1535 1941; x_wconf 87' lang='lat' dir='ltr'>Hor.</span> <span class='ocrx_word' id='word_1_227' title='bbox 1563 1911 1613 1940; x_wconf 89' lang='lat' dir='ltr'>Ex</span> <span class='ocrx_word' id='word_1_228' title='bbox 1639 1911 1759 1940; x_wconf 87' lang='lat' dir='ltr'>Pariss.</span> <span class='ocrx_word' id='word_1_229' title='bbox 1786 1911 1865 1954; x_wconf 72' lang='grc' dir='ltr'>ΒφΡ</span> 
     </span>
     <span class='ocr_line' id='line_1_24' title="bbox 37 1961 1864 2010; baseline 0 -13"><span class='ocrx_word' id='word_1_230' title='bbox 37 1961 112 1997; x_wconf 66' lang='lat' dir='ltr'>hab.</span> <span class='ocrx_word' id='word_1_231' title='bbox 142 1968 322 2005; x_wconf 81' lang='lat' dir='ltr'>cupennius,</span> <span class='ocrx_word' id='word_1_232' title='bbox 360 1967 413 2010; x_wconf 82' lang='grc' dir='ltr'>Βφ</span> <span class='ocrx_word' id='word_1_233' title='bbox 438 1976 508 1996; x_wconf 85' lang='lat' dir='ltr'>cum</span> <span class='ocrx_word' id='word_1_234' title='bbox 545 1966 682 1995; x_wconf 75' lang='lat' dir='ltr'>scholio:</span> <span class='ocrx_word' id='word_1_235' title='bbox 722 1966 808 1995; x_wconf 81' lang='lat' dir='ltr'>caius</span> <span class='ocrx_word' id='word_1_236' title='bbox 846 1967 1026 2004; x_wconf 79' lang='lat' dir='ltr'>cupennius</span> <span class='ocrx_word' id='word_1_237' title='bbox 1052 1984 1091 1987; x_wconf 97' lang='lat'><strong>—</strong></span> <span class='ocrx_word' id='word_1_238' title='bbox 1120 1968 1169 1996; x_wconf 87' lang='lat' dir='ltr'>sui</span> <span class='ocrx_word' id='word_1_239' title='bbox 1206 1971 1284 1996; x_wconf 84' lang='lat' dir='ltr'>sect.</span> <span class='ocrx_word' id='word_1_240' title='bbox 1324 1968 1379 1996; x_wconf 86' lang='lat' dir='ltr'>dil.</span> <span class='ocrx_word' id='word_1_241' title='bbox 1411 1966 1483 2004; x_wconf 76' lang='lat' dir='ltr'>suit.</span> <span class='ocrx_word' id='word_1_242' title='bbox 1520 1972 1740 1998; x_wconf 82' lang='lat' dir='ltr'>matronarum</span> <span class='ocrx_word' id='word_1_243' title='bbox 1777 1978 1864 1997; x_wconf 82' lang='lat' dir='ltr'>conc.</span> 
     </span>
     <span class='ocr_line' id='line_1_25' title="bbox 38 2028 187 2062; baseline -0.007 -9"><span class='ocrx_word' id='word_1_244' title='bbox 38 2028 187 2062; x_wconf 76' lang='lat' dir='ltr'>appetens.</span> 
     </span>
    </p>

    <p class='ocr_par' dir='ltr' id='par_1_11' title="bbox 39 2078 1869 3179">
     <span class='ocr_line' id='line_1_26' title="bbox 155 2078 1864 2123; baseline 0.001 -15"><span class='ocrx_word' id='word_1_245' title='bbox 155 2080 187 2118; x_wconf 91' lang='lat'>1)</span> <span class='ocrx_word' id='word_1_246' title='bbox 215 2080 272 2108; x_wconf 89' lang='lat' dir='ltr'>dil.</span> <span class='ocrx_word' id='word_1_247' title='bbox 287 2078 358 2118; x_wconf 78' lang='lat' dir='ltr'>fnit</span> <span class='ocrx_word' id='word_1_248' title='bbox 378 2080 503 2123; x_wconf 56' lang='lat' dir='ltr'>MRsszp.</span> <span class='ocrx_word' id='word_1_249' title='bbox 530 2081 597 2109; x_wconf 87' lang='lat' dir='ltr'>rell.</span> <span class='ocrx_word' id='word_1_250' title='bbox 624 2090 683 2110; x_wconf 92' lang='lat' dir='ltr'>om.</span> <span class='ocrx_word' id='word_1_251' title='bbox 709 2081 919 2118; x_wconf 75' lang='lat' dir='ltr'>Participium</span> <span class='ocrx_word' id='word_1_252' title='bbox 944 2079 1082 2117; x_wconf 77' lang='lat' dir='ltr'>adpetens</span> <span class='ocrx_word' id='word_1_253' title='bbox 1108 2080 1187 2108; x_wconf 89' lang='lat' dir='ltr'>mihi</span> <span class='ocrx_word' id='word_1_254' title='bbox 1214 2080 1284 2109; x_wconf 86' lang='lat' dir='ltr'>ideo</span> <span class='ocrx_word' id='word_1_255' title='bbox 1309 2080 1437 2109; x_wconf 84' lang='lat' dir='ltr'>uidetur</span> <span class='ocrx_word' id='word_1_256' title='bbox 1462 2081 1656 2115; x_wconf 80' lang='lat' dir='ltr'>addendum,</span> <span class='ocrx_word' id='word_1_257' title='bbox 1695 2080 1779 2118; x_wconf 85' lang='lat' dir='ltr'>quod</span> <span class='ocrx_word' id='word_1_258' title='bbox 1803 2089 1864 2109; x_wconf 84' lang='lat' dir='ltr'>sec-</span> 
     </span>
     <span class='ocr_line' id='line_1_27' title="bbox 39 2135 1864 2175; baseline 0 -10"><span class='ocrx_word' id='word_1_259' title='bbox 39 2139 116 2165; x_wconf 76' lang='lat' dir='ltr'>tator</span> <span class='ocrx_word' id='word_1_260' title='bbox 139 2135 306 2165; x_wconf 76' lang='lat' dir='ltr'>concubitus</span> <span class='ocrx_word' id='word_1_261' title='bbox 331 2140 415 2165; x_wconf 87' lang='lat' dir='ltr'>recte</span> <span class='ocrx_word' id='word_1_262' title='bbox 441 2137 504 2166; x_wconf 81' lang='lat' dir='ltr'>dici</span> <span class='ocrx_word' id='word_1_263' title='bbox 530 2138 653 2175; x_wconf 89' lang='lat' dir='ltr'>nequit.</span> <span class='ocrx_word' id='word_1_264' title='bbox 682 2136 829 2166; x_wconf 76' lang='lat' dir='ltr'>Sectator</span> <span class='ocrx_word' id='word_1_265' title='bbox 854 2146 923 2165; x_wconf 83' lang='lat' dir='ltr'>cum</span> <span class='ocrx_word' id='word_1_266' title='bbox 949 2136 1096 2173; x_wconf 80' lang='lat' dir='ltr'>gcnitiuo</span> <span class='ocrx_word' id='word_1_267' title='bbox 1122 2139 1178 2164; x_wconf 82' lang='lat' dir='ltr'>aut</span> <span class='ocrx_word' id='word_1_268' title='bbox 1196 2145 1299 2164; x_wconf 89' lang='lat' dir='ltr'>comes</span> <span class='ocrx_word' id='word_1_269' title='bbox 1317 2140 1376 2172; x_wconf 83' lang='lat' dir='ltr'>est,</span> <span class='ocrx_word' id='word_1_270' title='bbox 1403 2140 1438 2165; x_wconf 89' lang='lat' dir='ltr'>nt</span> <span class='ocrx_word' id='word_1_271' title='bbox 1460 2136 1576 2165; x_wconf 73' lang='lat' dir='ltr'>Grclz&#39;nn&#39;</span> <span class='ocrx_word' id='word_1_272' title='bbox 1592 2136 1657 2166; x_wconf 78' lang='lat' dir='ltr'>Cic.</span> <span class='ocrx_word' id='word_1_273' title='bbox 1676 2136 1753 2165; x_wconf 74' lang='lat' dir='ltr'>Rab.</span> <span class='ocrx_word' id='word_1_274' title='bbox 1774 2136 1864 2165; x_wconf 84' lang='lat' dir='ltr'>Post.</span> 
     </span>
     <span class='ocr_line' id='line_1_28' title="bbox 41 2191 1865 2230; baseline -0.001 -9"><span class='ocrx_word' id='word_1_275' title='bbox 41 2193 72 2229; x_wconf 85' lang='lat'>8,</span> <span class='ocrx_word' id='word_1_276' title='bbox 98 2195 153 2221; x_wconf 84' lang='lat' dir='ltr'>aut</span> <span class='ocrx_word' id='word_1_277' title='bbox 177 2192 305 2222; x_wconf 85' lang='lat' dir='ltr'>adsecla</span> <span class='ocrx_word' id='word_1_278' title='bbox 329 2193 520 2230; x_wconf 81' lang='lat' dir='ltr'>discipulus,</span> <span class='ocrx_word' id='word_1_279' title='bbox 556 2196 591 2222; x_wconf 91' lang='lat' dir='ltr'>nt</span> <span class='ocrx_word' id='word_1_280' title='bbox 617 2197 694 2222; x_wconf 82' lang='lat' dir='ltr'>sect.</span> <span class='ocrx_word' id='word_1_281' title='bbox 721 2192 886 2221; x_wconf 67' lang='lat' dir='ltr'>Aristotelis</span> <span class='ocrx_word' id='word_1_282' title='bbox 913 2191 995 2221; x_wconf 84' lang='lat' dir='ltr'>Gell.</span> <span class='ocrx_word' id='word_1_283' title='bbox 1021 2191 1109 2227; x_wconf 87' lang='lat' dir='ltr'>XIII⁷</span> <span class='ocrx_word' id='word_1_284' title='bbox 1137 2193 1166 2228; x_wconf 79' lang='lat'>5,</span> <span class='ocrx_word' id='word_1_285' title='bbox 1205 2192 1409 2230; x_wconf 83' lang='lat' dir='ltr'>eloquentiae</span> <span class='ocrx_word' id='word_1_286' title='bbox 1442 2196 1498 2221; x_wconf 85' lang='lat' dir='ltr'>ant</span> <span class='ocrx_word' id='word_1_287' title='bbox 1529 2193 1754 2230; x_wconf 81' lang='lat' dir='ltr'>philosophiae</span> <span class='ocrx_word' id='word_1_288' title='bbox 1787 2192 1865 2221; x_wconf 86' lang='lat' dir='ltr'>ibid.</span> 
     </span>
     <span class='ocr_line' id='line_1_29' title="bbox 39 2248 1864 2286; baseline -0.001 -9"><span class='ocrx_word' id='word_1_289' title='bbox 39 2248 124 2286; x_wconf 84' lang='lat' dir='ltr'>XIX,</span> <span class='ocrx_word' id='word_1_290' title='bbox 151 2248 179 2278; x_wconf 91' lang='lat'>5.</span> <span class='ocrx_word' id='word_1_291' title='bbox 205 2248 360 2278; x_wconf 86' lang='lat' dir='ltr'>Absolute</span> <span class='ocrx_word' id='word_1_292' title='bbox 385 2250 467 2286; x_wconf 84' lang='lat' dir='ltr'>apud</span> <span class='ocrx_word' id='word_1_293' title='bbox 494 2248 561 2278; x_wconf 80' lang='lat' dir='ltr'>Cic.</span> <span class='ocrx_word' id='word_1_294' title='bbox 586 2249 669 2278; x_wconf 83' lang='lat' dir='ltr'>Mur.</span> <span class='ocrx_word' id='word_1_295' title='bbox 697 2249 756 2279; x_wconf 76' lang='lat'>34:</span> <span class='ocrx_word' id='word_1_296' title='bbox 784 2249 837 2278; x_wconf 89' lang='lat' dir='ltr'>lex</span> <span class='ocrx_word' id='word_1_297' title='bbox 864 2249 974 2285; x_wconf 82' lang='lat' dir='ltr'>Fabia,</span> <span class='ocrx_word' id='word_1_298' title='bbox 1007 2257 1086 2286; x_wconf 88' lang='lat' dir='ltr'>quae</span> <span class='ocrx_word' id='word_1_299' title='bbox 1120 2252 1170 2277; x_wconf 85' lang='lat' dir='ltr'>est</span> <span class='ocrx_word' id='word_1_300' title='bbox 1203 2249 1241 2276; x_wconf 89' lang='lat' dir='ltr'>de</span> <span class='ocrx_word' id='word_1_301' title='bbox 1272 2257 1405 2278; x_wconf 87' lang='lat' dir='ltr'>numero</span> <span class='ocrx_word' id='word_1_302' title='bbox 1439 2251 1642 2278; x_wconf 84' lang='lat' dir='ltr'>sectatorum.</span> <span class='ocrx_word' id='word_1_303' title='bbox 1678 2248 1754 2285; x_wconf 85' lang='lat' dir='ltr'>quid</span> <span class='ocrx_word' id='word_1_304' title='bbox 1787 2257 1864 2285; x_wconf 85' lang='lat' dir='ltr'>opus</span> 
     </span>
     <span class='ocr_line' id='line_1_30' title="bbox 41 2303 1864 2343; baseline -0.001 -9"><span class='ocrx_word' id='word_1_305' title='bbox 41 2308 89 2335; x_wconf 87' lang='lat' dir='ltr'>est</span> <span class='ocrx_word' id='word_1_306' title='bbox 116 2303 351 2335; x_wconf 78' lang='lat' dir='ltr'>sectatoribus?</span> <span class='ocrx_word' id='word_1_307' title='bbox 388 2305 461 2334; x_wconf 86' lang='lat' dir='ltr'>Tac.</span> <span class='ocrx_word' id='word_1_308' title='bbox 488 2305 528 2334; x_wconf 88' lang='lat' dir='ltr'>A.</span> <span class='ocrx_word' id='word_1_309' title='bbox 555 2305 609 2341; x_wconf 90' lang='lat' dir='ltr'>IV⁷</span> <span class='ocrx_word' id='word_1_310' title='bbox 637 2306 694 2334; x_wconf 82' lang='lat'>68:</span> <span class='ocrx_word' id='word_1_311' title='bbox 734 2314 835 2343; x_wconf 77' lang='lat' dir='ltr'>neque</span> <span class='ocrx_word' id='word_1_312' title='bbox 862 2306 1014 2335; x_wconf 84' lang='lat' dir='ltr'>omiserat</span> <span class='ocrx_word' id='word_1_313' title='bbox 1039 2305 1207 2342; x_wconf 81' lang='lat' dir='ltr'>coniugem</span> <span class='ocrx_word' id='word_1_314' title='bbox 1233 2304 1414 2342; x_wconf 84' lang='lat' dir='ltr'>liberosque</span> <span class='ocrx_word' id='word_1_315' title='bbox 1440 2305 1600 2342; x_wconf 79' lang='lat' dir='ltr'>percolere</span> <span class='ocrx_word' id='word_1_316' title='bbox 1624 2308 1752 2333; x_wconf 69' lang='lat' dir='ltr'>sectator</span> <span class='ocrx_word' id='word_1_317' title='bbox 1776 2303 1864 2332; x_wconf 75' lang='lat' dir='ltr'>donzi.</span> 
     </span>
     <span class='ocr_line' id='line_1_31' title="bbox 41 2359 1867 2400; baseline -0.001 -10"><span class='ocrx_word' id='word_1_318' title='bbox 41 2362 85 2391; x_wconf 88' lang='lat' dir='ltr'>Et</span> <span class='ocrx_word' id='word_1_319' title='bbox 109 2362 241 2400; x_wconf 83' lang='lat' dir='ltr'>pluralis</span> <span class='ocrx_word' id='word_1_320' title='bbox 266 2361 432 2391; x_wconf 74' lang='lat' dir='ltr'>concubitus</span> <span class='ocrx_word' id='word_1_321' title='bbox 457 2361 685 2399; x_wconf 80' lang='lat' dir='ltr'>praeferendus</span> <span class='ocrx_word' id='word_1_322' title='bbox 710 2366 768 2391; x_wconf 80' lang='lat' dir='ltr'>est.</span> <span class='ocrx_word' id='word_1_323' title='bbox 834 2362 868 2400; x_wconf 82' lang='grc'>2)</span> <span class='ocrx_word' id='word_1_324' title='bbox 894 2361 972 2390; x_wconf 87' lang='grc'><strong>1111111</strong></span> <span class='ocrx_word' id='word_1_325' title='bbox 998 2361 1064 2389; x_wconf 87' lang='lat' dir='ltr'>uid.</span> <span class='ocrx_word' id='word_1_326' title='bbox 1092 2361 1121 2389; x_wconf 82' lang='lat'>2.</span> <span class='ocrx_word' id='word_1_327' title='bbox 1156 2364 1290 2398; x_wconf 74' lang='lat' dir='ltr'>possunt</span> <span class='ocrx_word' id='word_1_328' title='bbox 1314 2360 1350 2389; x_wconf 81' lang='lat' dir='ltr'>R.</span> <span class='ocrx_word' id='word_1_329' title='bbox 1415 2361 1450 2399; x_wconf 90' lang='lat'>3)</span> <span class='ocrx_word' id='word_1_330' title='bbox 1476 2364 1502 2389; x_wconf 73' lang='lat' dir='ltr'>et</span> <span class='ocrx_word' id='word_1_331' title='bbox 1532 2369 1607 2388; x_wconf 86' lang='lat' dir='ltr'>mer.</span> <span class='ocrx_word' id='word_1_332' title='bbox 1643 2361 1673 2388; x_wconf 83' lang='lat'>2.</span> <span class='ocrx_word' id='word_1_333' title='bbox 1739 2359 1773 2398; x_wconf 79' lang='lat'>4)</span> <span class='ocrx_word' id='word_1_334' title='bbox 1797 2364 1867 2398; x_wconf 75' lang='lat' dir='ltr'>puto</span> 
     </span>
     <span class='ocr_line' id='line_1_32' title="bbox 40 2415 1865 2457; baseline -0.002 -10"><span class='ocrx_word' id='word_1_335' title='bbox 40 2419 96 2448; x_wconf 91' lang='lat' dir='ltr'>rel.</span> <span class='ocrx_word' id='word_1_336' title='bbox 114 2428 174 2447; x_wconf 81' lang='lat' dir='ltr'>esse</span> <span class='ocrx_word' id='word_1_337' title='bbox 191 2416 433 2457; x_wconf 80' lang='lat' dir='ltr'>MRA‘2(G?Q).</span> <span class='ocrx_word' id='word_1_338' title='bbox 453 2418 536 2447; x_wconf 83' lang='lat' dir='ltr'>Edd.</span> <span class='ocrx_word' id='word_1_339' title='bbox 559 2421 694 2447; x_wconf 79' lang='lat' dir='ltr'>utuntur</span> <span class='ocrx_word' id='word_1_340' title='bbox 712 2422 787 2455; x_wconf 86' lang='lat' dir='ltr'>puto</span> <span class='ocrx_word' id='word_1_341' title='bbox 805 2417 859 2446; x_wconf 84' lang='lat' dir='ltr'>rel.</span> <span class='ocrx_word' id='word_1_342' title='bbox 879 2421 921 2446; x_wconf 74' lang='lat' dir='ltr'>est</span> <span class='ocrx_word' id='word_1_343' title='bbox 936 2428 966 2446; x_wconf 87' lang='lat' dir='ltr'>v.</span> <span class='ocrx_word' id='word_1_344' title='bbox 986 2420 1120 2446; x_wconf 87' lang='lat' dir='ltr'>utuntur</span> <span class='ocrx_word' id='word_1_345' title='bbox 1138 2417 1274 2445; x_wconf 82' lang='lat' dir='ltr'>relatum</span> <span class='ocrx_word' id='word_1_346' title='bbox 1293 2420 1352 2452; x_wconf 86' lang='lat' dir='ltr'>est,</span> <span class='ocrx_word' id='word_1_347' title='bbox 1372 2426 1431 2445; x_wconf 89' lang='grc'><strong>0111.</strong></span> <span class='ocrx_word' id='word_1_348' title='bbox 1450 2420 1537 2454; x_wconf 81' lang='lat' dir='ltr'>puto,</span> <span class='ocrx_word' id='word_1_349' title='bbox 1558 2416 1623 2445; x_wconf 80' lang='lat' dir='ltr'>afli.</span> <span class='ocrx_word' id='word_1_350' title='bbox 1673 2415 1707 2453; x_wconf 75' lang='lat'>5)</span> <span class='ocrx_word' id='word_1_351' title='bbox 1735 2415 1865 2444; x_wconf 78' lang='lat' dir='ltr'>Lemma</span> 
     </span>
     <span class='ocr_line' id='line_1_33' title="bbox 42 2471 1864 2513; baseline -0.002 -9"><span class='ocrx_word' id='word_1_352' title='bbox 42 2475 155 2504; x_wconf 76' lang='lat' dir='ltr'>Audire</span> <span class='ocrx_word' id='word_1_353' title='bbox 179 2493 219 2495; x_wconf 29' lang='lat' dir='ltr'>e—</span> <span class='ocrx_word' id='word_1_354' title='bbox 247 2474 381 2504; x_wconf 70' lang='lat' dir='ltr'>laborent</span> <span class='ocrx_word' id='word_1_355' title='bbox 402 2472 588 2513; x_wconf 76' lang='lat' dir='ltr'>MR(G?Q).</span> <span class='ocrx_word' id='word_1_356' title='bbox 613 2475 683 2503; x_wconf 80' lang='lat' dir='ltr'>rell.</span> <span class='ocrx_word' id='word_1_357' title='bbox 710 2474 824 2502; x_wconf 65' lang='lat' dir='ltr'>Audire</span> <span class='ocrx_word' id='word_1_358' title='bbox 845 2492 881 2493; x_wconf 34' lang='lat' dir='ltr'><em>m</em></span> <span class='ocrx_word' id='word_1_359' title='bbox 900 2477 988 2502; x_wconf 67' lang='lat' dir='ltr'>recte.</span> <span class='ocrx_word' id='word_1_360' title='bbox 1016 2473 1185 2510; x_wconf 74' lang='lat' dir='ltr'>praecium,</span> <span class='ocrx_word' id='word_1_361' title='bbox 1212 2472 1296 2502; x_wconf 81' lang='lat' dir='ltr'>infra</span> <span class='ocrx_word' id='word_1_362' title='bbox 1322 2472 1450 2510; x_wconf 75' lang='lat' dir='ltr'>pretium</span> <span class='ocrx_word' id='word_1_363' title='bbox 1476 2472 1517 2500; x_wconf 90' lang='lat' dir='ltr'>M.</span> <span class='ocrx_word' id='word_1_364' title='bbox 1568 2472 1601 2510; x_wconf 82' lang='lat'>7)</span> <span class='ocrx_word' id='word_1_365' title='bbox 1629 2473 1678 2501; x_wconf 79' lang='lat' dir='ltr'>ille</span> <span class='ocrx_word' id='word_1_366' title='bbox 1704 2471 1769 2501; x_wconf 84' lang='lat' dir='ltr'>afli.</span> <span class='ocrx_word' id='word_1_367' title='bbox 1795 2473 1864 2501; x_wconf 86' lang='lat' dir='ltr'>rell.</span> 
     </span>
     <span class='ocr_line' id='line_1_34' title="bbox 42 2528 1867 2570; baseline -0.002 -10"><span class='ocrx_word' id='word_1_368' title='bbox 42 2531 131 2561; x_wconf 75' lang='lat' dir='ltr'>illud.</span> <span class='ocrx_word' id='word_1_369' title='bbox 181 2531 217 2570; x_wconf 86' lang='lat'>9)</span> <span class='ocrx_word' id='word_1_370' title='bbox 242 2535 273 2560; x_wconf 75' lang='lat' dir='ltr'>ut</span> <span class='ocrx_word' id='word_1_371' title='bbox 296 2540 366 2560; x_wconf 82' lang='lat' dir='ltr'>raro</span> <span class='ocrx_word' id='word_1_372' title='bbox 390 2531 463 2559; x_wconf 83' lang='lat' dir='ltr'>MR.</span> <span class='ocrx_word' id='word_1_373' title='bbox 490 2531 558 2560; x_wconf 87' lang='lat' dir='ltr'>rell.</span> <span class='ocrx_word' id='word_1_374' title='bbox 586 2540 646 2559; x_wconf 86' lang='lat' dir='ltr'>oni.</span> <span class='ocrx_word' id='word_1_375' title='bbox 672 2534 712 2559; x_wconf 70' lang='lat' dir='ltr'>nt.</span> <span class='ocrx_word' id='word_1_376' title='bbox 738 2534 769 2559; x_wconf 68' lang='lat' dir='ltr'>ut</span> <span class='ocrx_word' id='word_1_377' title='bbox 791 2540 865 2558; x_wconf 45' lang='lat' dir='ltr'>&#39;raro</span> <span class='ocrx_word' id='word_1_378' title='bbox 890 2529 1022 2558; x_wconf 84' lang='lat' dir='ltr'>defendi</span> <span class='ocrx_word' id='word_1_379' title='bbox 1048 2533 1162 2566; x_wconf 83' lang='lat' dir='ltr'>potest.</span> <span class='ocrx_word' id='word_1_380' title='bbox 1188 2529 1269 2557; x_wconf 81' lang='lat' dir='ltr'>conf.</span> <span class='ocrx_word' id='word_1_381' title='bbox 1295 2528 1400 2557; x_wconf 80' lang='lat' dir='ltr'>Plaut.</span> <span class='ocrx_word' id='word_1_382' title='bbox 1427 2528 1518 2566; x_wconf 82' lang='lat' dir='ltr'>Capt.</span> <span class='ocrx_word' id='word_1_383' title='bbox 1545 2528 1569 2563; x_wconf 96' lang='grc' dir='ltr'>Ι,</span> <span class='ocrx_word' id='word_1_384' title='bbox 1590 2529 1619 2564; x_wconf 73' lang='grc'>2,</span> <span class='ocrx_word' id='word_1_385' title='bbox 1641 2529 1699 2557; x_wconf 75' lang='lat'>622</span> <span class='ocrx_word' id='word_1_386' title='bbox 1726 2532 1758 2556; x_wconf 70' lang='lat' dir='ltr'>ut</span> <span class='ocrx_word' id='word_1_387' title='bbox 1780 2537 1867 2566; x_wconf 80' lang='lat' dir='ltr'>saepe</span> 
     </span>
     <span class='ocr_line' id='line_1_35' title="bbox 43 2584 1866 2625; baseline -0.003 -8"><span class='ocrx_word' id='word_1_388' title='bbox 43 2597 164 2617; x_wconf 76' lang='lat' dir='ltr'>summa</span> <span class='ocrx_word' id='word_1_389' title='bbox 189 2588 318 2625; x_wconf 82' lang='lat' dir='ltr'>ingenia</span> <span class='ocrx_word' id='word_1_390' title='bbox 342 2588 375 2616; x_wconf 93' lang='lat' dir='ltr'>in</span> <span class='ocrx_word' id='word_1_391' title='bbox 402 2587 525 2617; x_wconf 81' lang='lat' dir='ltr'>occulto</span> <span class='ocrx_word' id='word_1_392' title='bbox 551 2586 672 2616; x_wconf 80' lang='lat' dir='ltr'>latent!</span> <span class='ocrx_word' id='word_1_393' title='bbox 708 2587 783 2615; x_wconf 88' lang='lat' dir='ltr'>IIor.</span> <span class='ocrx_word' id='word_1_394' title='bbox 810 2585 845 2615; x_wconf 85' lang='lat' dir='ltr'>C.</span> <span class='ocrx_word' id='word_1_395' title='bbox 872 2586 896 2621; x_wconf 85' lang='lat' dir='ltr'>I,</span> <span class='ocrx_word' id='word_1_396' title='bbox 927 2587 977 2622; x_wconf 92' lang='grc'>11,</span> <span class='ocrx_word' id='word_1_397' title='bbox 1004 2586 1039 2614; x_wconf 82' lang='lat'>3:</span> <span class='ocrx_word' id='word_1_398' title='bbox 1084 2585 1121 2614; x_wconf 55' lang='grc' dir='ltr'>[ἲ</span> <span class='ocrx_word' id='word_1_399' title='bbox 1144 2584 1246 2613; x_wconf 72' lang='lat' dir='ltr'>melius</span> <span class='ocrx_word' id='word_1_400' title='bbox 1272 2588 1332 2613; x_wconf 86' lang='lat' dir='ltr'>etc.</span> <span class='ocrx_word' id='word_1_401' title='bbox 1370 2584 1435 2613; x_wconf 81' lang='lat' dir='ltr'>Cic.</span> <span class='ocrx_word' id='word_1_402' title='bbox 1461 2584 1558 2613; x_wconf 62' lang='lat' dir='ltr'>Attio.</span> <span class='ocrx_word' id='word_1_403' title='bbox 1585 2584 1625 2621; x_wconf 91' lang='grc' dir='ltr'>ΙΙ,</span> <span class='ocrx_word' id='word_1_404' title='bbox 1653 2585 1711 2613; x_wconf 77' lang='lat'>‘212</span> <span class='ocrx_word' id='word_1_405' title='bbox 1750 2588 1785 2612; x_wconf 93' lang='lat' dir='ltr'>ut</span> <span class='ocrx_word' id='word_1_406' title='bbox 1811 2585 1866 2613; x_wconf 85' lang='lat' dir='ltr'>ille</span> 
     </span>
     <span class='ocr_line' id='line_1_36' title="bbox 42 2639 1866 2681; baseline -0.003 -7"><span class='ocrx_word' id='word_1_407' title='bbox 42 2648 110 2674; x_wconf 86' lang='lat' dir='ltr'>tum</span> <span class='ocrx_word' id='word_1_408' title='bbox 133 2645 278 2681; x_wconf 80' lang='lat' dir='ltr'>humilis,</span> <span class='ocrx_word' id='word_1_409' title='bbox 306 2648 343 2673; x_wconf 82' lang='lat' dir='ltr'>ut</span> <span class='ocrx_word' id='word_1_410' title='bbox 367 2644 525 2672; x_wconf 76' lang='lat' dir='ltr'>demissus</span> <span class='ocrx_word' id='word_1_411' title='bbox 552 2642 636 2672; x_wconf 80' lang='lat' dir='ltr'>erat!</span> <span class='ocrx_word' id='word_1_412' title='bbox 703 2643 757 2681; x_wconf 91' lang='lat'>11)</span> <span class='ocrx_word' id='word_1_413' title='bbox 784 2642 866 2671; x_wconf 80' lang='lat' dir='ltr'>Gaio</span> <span class='ocrx_word' id='word_1_414' title='bbox 890 2641 967 2671; x_wconf 80' lang='lat' dir='ltr'>Sall.</span> <span class='ocrx_word' id='word_1_415' title='bbox 992 2640 1036 2669; x_wconf 89' lang='lat' dir='ltr'>M.</span> <span class='ocrx_word' id='word_1_416' title='bbox 1066 2658 1100 2660; x_wconf 69' lang='lat'>—</span> <span class='ocrx_word' id='word_1_417' title='bbox 1132 2640 1208 2669; x_wconf 72' lang='lat' dir='ltr'>dicit</span> <span class='ocrx_word' id='word_1_418' title='bbox 1231 2640 1294 2669; x_wconf 83' lang='lat' dir='ltr'>afh.</span> <span class='ocrx_word' id='word_1_419' title='bbox 1320 2640 1391 2668; x_wconf 67' lang='lat' dir='ltr'>&lt;licit</span> <span class='ocrx_word' id='word_1_420' title='bbox 1415 2639 1477 2668; x_wconf 61' lang='lat' dir='ltr'>‹lit-2</span> <span class='ocrx_word' id='word_1_421' title='bbox 1500 2650 1528 2668; x_wconf 87' lang='lat' dir='ltr'>v.</span> <span class='ocrx_word' id='word_1_422' title='bbox 1556 2639 1637 2676; x_wconf 89' lang='lat' dir='ltr'>(non</span> <span class='ocrx_word' id='word_1_423' title='bbox 1663 2640 1778 2669; x_wconf 70' lang='lat' dir='ltr'>dicitur·</span> <span class='ocrx_word' id='word_1_424' title='bbox 1803 2640 1866 2669; x_wconf 86' lang='lat' dir='ltr'>dici</span> 
     </span>
     <span class='ocr_line' id='line_1_37' title="bbox 42 2694 1866 2738; baseline -0.003 -8"><span class='ocrx_word' id='word_1_425' title='bbox 42 2704 79 2730; x_wconf 83' lang='lat' dir='ltr'>ut</span> <span class='ocrx_word' id='word_1_426' title='bbox 103 2700 160 2730; x_wconf 84' lang='lat' dir='ltr'>ref.</span> <span class='ocrx_word' id='word_1_427' title='bbox 189 2700 243 2738; x_wconf 82' lang='lat' dir='ltr'>Q).</span> <span class='ocrx_word' id='word_1_428' title='bbox 271 2701 339 2729; x_wconf 90' lang='lat' dir='ltr'>rell.</span> <span class='ocrx_word' id='word_1_429' title='bbox 364 2699 483 2729; x_wconf 59' lang='lat' dir='ltr'>uideam·</span> <span class='ocrx_word' id='word_1_430' title='bbox 506 2700 579 2729; x_wconf 80' lang='lat' dir='ltr'>diei.</span> <span class='ocrx_word' id='word_1_431' title='bbox 606 2699 680 2728; x_wconf 81' lang='lat' dir='ltr'>Aer.</span> <span class='ocrx_word' id='word_1_432' title='bbox 707 2699 773 2728; x_wconf 82' lang='lat' dir='ltr'>uid.</span> <span class='ocrx_word' id='word_1_433' title='bbox 800 2699 910 2727; x_wconf 73' lang='lat' dir='ltr'>(liceo-c.</span> <span class='ocrx_word' id='word_1_434' title='bbox 938 2698 1008 2726; x_wconf 80' lang='lat' dir='ltr'>anio</span> <span class='ocrx_word' id='word_1_435' title='bbox 1033 2696 1077 2725; x_wconf 90' lang='lat' dir='ltr'>M.</span> <span class='ocrx_word' id='word_1_436' title='bbox 1129 2697 1183 2735; x_wconf 85' lang='lat'>12)</span> <span class='ocrx_word' id='word_1_437' title='bbox 1208 2696 1372 2724; x_wconf 75' lang='lat' dir='ltr'>Faustzclae</span> <span class='ocrx_word' id='word_1_438' title='bbox 1390 2695 1423 2723; x_wconf 76' lang='lat' dir='ltr'>R.</span> <span class='ocrx_word' id='word_1_439' title='bbox 1444 2694 1654 2733; x_wconf 69' lang='lat' dir='ltr'>syllaeselicis</span> <span class='ocrx_word' id='word_1_440' title='bbox 1672 2696 1757 2724; x_wconf 86' lang='lat' dir='ltr'>filiae</span> <span class='ocrx_word' id='word_1_441' title='bbox 1774 2694 1866 2725; x_wconf 75' lang='lat' dir='ltr'>A2G.</span> 
     </span>
     <span class='ocr_line' id='line_1_38' title="bbox 44 2750 1866 2796; baseline -0.003 -10"><span class='ocrx_word' id='word_1_442' title='bbox 44 2757 146 2796; x_wconf 85' lang='lat' dir='ltr'>syllae</span> <span class='ocrx_word' id='word_1_443' title='bbox 170 2756 294 2786; x_wconf 79' lang='lat' dir='ltr'>faelieis</span> <span class='ocrx_word' id='word_1_444' title='bbox 322 2757 407 2786; x_wconf 87' lang='lat' dir='ltr'>filiae</span> <span class='ocrx_word' id='word_1_445' title='bbox 431 2756 466 2785; x_wconf 83' lang='lat' dir='ltr'>R.</span> <span class='ocrx_word' id='word_1_446' title='bbox 495 2757 575 2795; x_wconf 81' lang='lat' dir='ltr'>sylle</span> <span class='ocrx_word' id='word_1_447' title='bbox 598 2756 708 2785; x_wconf 73' lang='lat' dir='ltr'>felicae</span> <span class='ocrx_word' id='word_1_448' title='bbox 734 2755 817 2784; x_wconf 79' lang='lat' dir='ltr'>tiliae</span> <span class='ocrx_word' id='word_1_449' title='bbox 842 2754 875 2782; x_wconf 87' lang='lat' dir='ltr'>M</span> <span class='ocrx_word' id='word_1_450' title='bbox 901 2753 1064 2791; x_wconf 75' lang='lat' dir='ltr'>(neglexit</span> <span class='ocrx_word' id='word_1_451' title='bbox 1089 2752 1144 2791; x_wconf 76' lang='lat' dir='ltr'>Q).</span> <span class='ocrx_word' id='word_1_452' title='bbox 1170 2752 1238 2781; x_wconf 70' lang='lat' dir='ltr'>silla</span> <span class='ocrx_word' id='word_1_453' title='bbox 1268 2752 1372 2781; x_wconf 75' lang='lat' dir='ltr'>felicis</span> <span class='ocrx_word' id='word_1_454' title='bbox 1386 2751 1478 2789; x_wconf 78' lang='lat' dir='ltr'>filice</span> <span class='ocrx_word' id='word_1_455' title='bbox 1511 2750 1588 2788; x_wconf 85' lang='lat' dir='ltr'>(non</span> <span class='ocrx_word' id='word_1_456' title='bbox 1622 2751 1712 2780; x_wconf 77' lang='lat' dir='ltr'>felice</span> <span class='ocrx_word' id='word_1_457' title='bbox 1743 2756 1779 2781; x_wconf 86' lang='lat' dir='ltr'>ut</span> <span class='ocrx_word' id='word_1_458' title='bbox 1809 2751 1866 2781; x_wconf 84' lang='lat' dir='ltr'>ref.</span> 
     </span>
     <span class='ocr_line' id='line_1_39' title="bbox 45 2806 1868 2851; baseline -0.003 -10"><span class='ocrx_word' id='word_1_459' title='bbox 45 2812 98 2851; x_wconf 86' lang='lat' dir='ltr'>Q).</span> <span class='ocrx_word' id='word_1_460' title='bbox 125 2812 234 2851; x_wconf 84' lang='lat' dir='ltr'>Syllae</span> <span class='ocrx_word' id='word_1_461' title='bbox 260 2813 377 2842; x_wconf 82' lang='lat' dir='ltr'>Felicis</span> <span class='ocrx_word' id='word_1_462' title='bbox 402 2823 469 2848; x_wconf 91' lang='lat' dir='ltr'>ux.‚</span> <span class='ocrx_word' id='word_1_463' title='bbox 496 2822 556 2841; x_wconf 85' lang='lat' dir='ltr'>om.</span> <span class='ocrx_word' id='word_1_464' title='bbox 571 2811 670 2850; x_wconf 72' lang='lat' dir='ltr'>filiae,</span> <span class='ocrx_word' id='word_1_465' title='bbox 708 2821 735 2840; x_wconf 89' lang='lat' dir='ltr'>a.</span> <span class='ocrx_word' id='word_1_466' title='bbox 763 2811 870 2850; x_wconf 80' lang='lat' dir='ltr'>Syllae</span> <span class='ocrx_word' id='word_1_467' title='bbox 897 2810 1017 2847; x_wconf 74' lang='lat' dir='ltr'>(Sullae</span> <span class='ocrx_word' id='word_1_468' title='bbox 1043 2809 1085 2846; x_wconf 84' lang='lat' dir='ltr'>Q)</span> <span class='ocrx_word' id='word_1_469' title='bbox 1113 2809 1199 2837; x_wconf 79' lang='lat' dir='ltr'>filiae</span> <span class='ocrx_word' id='word_1_470' title='bbox 1225 2818 1316 2844; x_wconf 66' lang='lat' dir='ltr'>uxor,</span> <span class='ocrx_word' id='word_1_471' title='bbox 1345 2817 1403 2836; x_wconf 85' lang='grc'><strong>0111.</strong></span> <span class='ocrx_word' id='word_1_472' title='bbox 1431 2806 1547 2842; x_wconf 58' lang='lat' dir='ltr'>felicis,</span> <span class='ocrx_word' id='word_1_473' title='bbox 1574 2806 1620 2836; x_wconf 75' lang='lat' dir='ltr'>fh,</span> <span class='ocrx_word' id='word_1_474' title='bbox 1653 2806 1758 2836; x_wconf 79' lang='lat' dir='ltr'>Sullae</span> <span class='ocrx_word' id='word_1_475' title='bbox 1784 2808 1868 2836; x_wconf 87' lang='lat' dir='ltr'>filiae</span> 
     </span>
     <span class='ocr_line' id='line_1_40' title="bbox 45 2862 1869 2907; baseline -0.004 -9"><span class='ocrx_word' id='word_1_476' title='bbox 45 2869 157 2898; x_wconf 83' lang='lat' dir='ltr'>uxoris</span> <span class='ocrx_word' id='word_1_477' title='bbox 183 2868 219 2904; x_wconf 82' lang='lat' dir='ltr'>Q.</span> <span class='ocrx_word' id='word_1_478' title='bbox 273 2870 327 2907; x_wconf 84' lang='lat'>13)</span> <span class='ocrx_word' id='word_1_479' title='bbox 353 2869 492 2907; x_wconf 82' lang='lat' dir='ltr'>flagellis</span> <span class='ocrx_word' id='word_1_480' title='bbox 518 2868 622 2904; x_wconf 75' lang='lat' dir='ltr'>MRA,</span> <span class='ocrx_word' id='word_1_481' title='bbox 649 2872 684 2897; x_wconf 88' lang='lat' dir='ltr'>ut</span> <span class='ocrx_word' id='word_1_482' title='bbox 709 2867 822 2896; x_wconf 73' lang='lat' dir='ltr'>Acron.</span> <span class='ocrx_word' id='word_1_483' title='bbox 851 2867 917 2895; x_wconf 79' lang='lat' dir='ltr'>rell.</span> <span class='ocrx_word' id='word_1_484' title='bbox 945 2876 1005 2895; x_wconf 84' lang='lat' dir='ltr'>oni.</span> <span class='ocrx_word' id='word_1_485' title='bbox 1034 2864 1079 2903; x_wconf 73' lang='lat' dir='ltr'>(Q</span> <span class='ocrx_word' id='word_1_486' title='bbox 1105 2874 1135 2902; x_wconf 91' lang='lat' dir='ltr'>p.</span> <span class='ocrx_word' id='word_1_487' title='bbox 1162 2864 1313 2892; x_wconf 80' lang='lat' dir='ltr'>XXXVI:</span> <span class='ocrx_word' id='word_1_488' title='bbox 1349 2866 1421 2900; x_wconf 72' lang='lat' dir='ltr'>post</span> <span class='ocrx_word' id='word_1_489' title='bbox 1445 2862 1508 2891; x_wconf 69' lang='lat' dir='ltr'>elus</span> <span class='ocrx_word' id='word_1_490' title='bbox 1532 2863 1613 2891; x_wconf 80' lang='lat' dir='ltr'>adde</span> <span class='ocrx_word' id='word_1_491' title='bbox 1640 2871 1679 2891; x_wconf 81' lang='lat' dir='ltr'>ex</span> <span class='ocrx_word' id='word_1_492' title='bbox 1703 2863 1787 2892; x_wconf 78' lang='lat' dir='ltr'>codd.</span> <span class='ocrx_word' id='word_1_493' title='bbox 1803 2863 1869 2901; x_wconf 79' lang='lat' dir='ltr'>fla-</span> 
     </span>
     <span class='ocr_line' id='line_1_41' title="bbox 43 2916 1868 2963; baseline -0.003 -10"><span class='ocrx_word' id='word_1_494' title='bbox 43 2924 136 2963; x_wconf 74' lang='lat' dir='ltr'>yellis.</span> <span class='ocrx_word' id='word_1_495' title='bbox 189 2925 243 2963; x_wconf 84' lang='lat'>14)</span> <span class='ocrx_word' id='word_1_496' title='bbox 270 2934 381 2963; x_wconf 75' lang='lat' dir='ltr'>penam</span> <span class='ocrx_word' id='word_1_497' title='bbox 400 2925 442 2954; x_wconf 84' lang='lat' dir='ltr'>M.</span> <span class='ocrx_word' id='word_1_498' title='bbox 460 2924 587 2954; x_wconf 75' lang='lat' dir='ltr'>redimit</span> <span class='ocrx_word' id='word_1_499' title='bbox 605 2924 632 2959; x_wconf 77' lang='lat' dir='ltr'>Q</span> <span class='ocrx_word' id='word_1_500' title='bbox 653 2924 745 2962; x_wconf 71' lang='lat' dir='ltr'>(corr.</span> <span class='ocrx_word' id='word_1_501' title='bbox 766 2934 794 2961; x_wconf 84' lang='lat' dir='ltr'>p.</span> <span class='ocrx_word' id='word_1_502' title='bbox 814 2922 974 2959; x_wconf 80' lang='lat' dir='ltr'>XXXVI).</span> <span class='ocrx_word' id='word_1_503' title='bbox 1027 2921 1082 2960; x_wconf 79' lang='lat'>16)</span> <span class='ocrx_word' id='word_1_504' title='bbox 1103 2920 1315 2958; x_wconf 54' lang='lat' dir='ltr'>permnlce1&#39;unt</span> <span class='ocrx_word' id='word_1_505' title='bbox 1333 2917 1414 2956; x_wconf 72' lang='lat' dir='ltr'>(bis)</span> <span class='ocrx_word' id='word_1_506' title='bbox 1433 2918 1465 2946; x_wconf 96' lang='lat' dir='ltr'><strong>M</strong></span> <span class='ocrx_word' id='word_1_507' title='bbox 1483 2918 1584 2955; x_wconf 69' lang='lat' dir='ltr'>(negl.</span> <span class='ocrx_word' id='word_1_508' title='bbox 1604 2918 1640 2953; x_wconf 78' lang='lat' dir='ltr'>Q.</span> <span class='ocrx_word' id='word_1_509' title='bbox 1659 2928 1689 2956; x_wconf 85' lang='lat' dir='ltr'>p.</span> <span class='ocrx_word' id='word_1_510' title='bbox 1709 2916 1868 2959; x_wconf 87' lang='lat' dir='ltr'>XXXVI).</span> 
     </span>
     <span class='ocr_line' id='line_1_42' title="bbox 47 2975 1869 3018; baseline -0.004 -8"><span class='ocrx_word' id='word_1_511' title='bbox 47 2981 137 3010; x_wconf 88' lang='lat' dir='ltr'>Nunc</span> <span class='ocrx_word' id='word_1_512' title='bbox 162 2982 404 3018; x_wconf 64' lang='lat' dir='ltr'>perminxerunt.</span> <span class='ocrx_word' id='word_1_513' title='bbox 431 2981 644 3018; x_wconf 70' lang='lat' dir='ltr'>permioeerunt</span> <span class='ocrx_word' id='word_1_514' title='bbox 669 2980 724 3008; x_wconf 60' lang='lat' dir='ltr'>Ali</span> <span class='ocrx_word' id='word_1_515' title='bbox 749 2979 826 3018; x_wconf 61' lang='lat' dir='ltr'>(sic)</span> <span class='ocrx_word' id='word_1_516' title='bbox 854 2978 892 3016; x_wconf 75' lang='lat' dir='ltr'>G,</span> <span class='ocrx_word' id='word_1_517' title='bbox 919 2979 972 3016; x_wconf 84' lang='lat' dir='ltr'>qui</span> <span class='ocrx_word' id='word_1_518' title='bbox 1000 2979 1086 3015; x_wconf 81' lang='lat' dir='ltr'>prins</span> <span class='ocrx_word' id='word_1_519' title='bbox 1114 2987 1133 3005; x_wconf 94' lang='lat' dir='ltr'>n</span> <span class='ocrx_word' id='word_1_520' title='bbox 1159 2976 1328 3013; x_wconf 79' lang='lat' dir='ltr'>expunxit.</span> <span class='ocrx_word' id='word_1_521' title='bbox 1367 2975 1527 3012; x_wconf 76' lang='lat' dir='ltr'>perminX.</span> <span class='ocrx_word' id='word_1_522' title='bbox 1566 2975 1623 3003; x_wconf 80' lang='lat' dir='ltr'>cal.</span> <span class='ocrx_word' id='word_1_523' title='bbox 1664 2975 1869 3012; x_wconf 73' lang='lat' dir='ltr'>permiserunt</span> 
     </span>
     <span class='ocr_line' id='line_1_43' title="bbox 47 3028 1869 3076; baseline -0.004 -10"><span class='ocrx_word' id='word_1_524' title='bbox 47 3046 77 3065; x_wconf 89' lang='lat' dir='ltr'>v.</span> <span class='ocrx_word' id='word_1_525' title='bbox 105 3037 260 3075; x_wconf 74' lang='lat' dir='ltr'>perminx.</span> <span class='ocrx_word' id='word_1_526' title='bbox 288 3037 369 3076; x_wconf 83' lang='lat' dir='ltr'>(bis)</span> <span class='ocrx_word' id='word_1_527' title='bbox 396 3036 462 3066; x_wconf 78' lang='lat' dir='ltr'>afli.</span> <span class='ocrx_word' id='word_1_528' title='bbox 515 3038 569 3075; x_wconf 90' lang='lat'>17)</span> <span class='ocrx_word' id='word_1_529' title='bbox 595 3036 738 3065; x_wconf 71' lang='lat' dir='ltr'>calando.</span> <span class='ocrx_word' id='word_1_530' title='bbox 766 3037 805 3064; x_wconf 70' lang='lat' dir='ltr'>Et</span> <span class='ocrx_word' id='word_1_531' title='bbox 830 3037 889 3064; x_wconf 83' lang='lat' dir='ltr'>hoc</span> <span class='ocrx_word' id='word_1_532' title='bbox 913 3034 1001 3063; x_wconf 75' lang='lat' dir='ltr'>vasli.</span> <span class='ocrx_word' id='word_1_533' title='bbox 1028 3034 1095 3062; x_wconf 88' lang='lat' dir='ltr'>rell.</span> <span class='ocrx_word' id='word_1_534' title='bbox 1122 3043 1182 3062; x_wconf 87' lang='lat' dir='ltr'>om.</span> <span class='ocrx_word' id='word_1_535' title='bbox 1211 3050 1247 3052; x_wconf 43' lang='lat' dir='ltr'>m</span> <span class='ocrx_word' id='word_1_536' title='bbox 1278 3035 1428 3060; x_wconf 70' lang='lat' dir='ltr'>nocentur</span> <span class='ocrx_word' id='word_1_537' title='bbox 1453 3028 1669 3070; x_wconf 35' lang='lat' dir='ltr'>(lvtAa(G·?Q).</span> <span class='ocrx_word' id='word_1_538' title='bbox 1697 3034 1819 3059; x_wconf 75' lang='lat' dir='ltr'>uocetur</span> <span class='ocrx_word' id='word_1_539' title='bbox 1837 3030 1869 3058; x_wconf 90' lang='lat' dir='ltr'><strong>M</strong></span> 
     </span>
     <span class='ocr_line' id='line_1_44' title="bbox 49 3086 1869 3133; baseline -0.004 -11"><span class='ocrx_word' id='word_1_540' title='bbox 49 3091 197 3133; x_wconf 67' lang='lat' dir='ltr'>(Halm).</span> <span class='ocrx_word' id='word_1_541' title='bbox 223 3093 292 3122; x_wconf 88' lang='lat' dir='ltr'>rell.</span> <span class='ocrx_word' id='word_1_542' title='bbox 319 3097 435 3122; x_wconf 68' lang='lat' dir='ltr'>nocent.</span> <span class='ocrx_word' id='word_1_543' title='bbox 488 3094 543 3130; x_wconf 88' lang='grc'>18)</span> <span class='ocrx_word' id='word_1_544' title='bbox 571 3101 607 3121; x_wconf 71' lang='lat' dir='ltr'>ecc</span> <span class='ocrx_word' id='word_1_545' title='bbox 632 3091 666 3121; x_wconf 89' lang='lat' dir='ltr'><strong>M</strong></span> <span class='ocrx_word' id='word_1_546' title='bbox 692 3092 793 3130; x_wconf 73' lang='lat' dir='ltr'>(nogl.</span> <span class='ocrx_word' id='word_1_547' title='bbox 820 3092 862 3130; x_wconf 74' lang='lat' dir='ltr'>Q)</span> <span class='ocrx_word' id='word_1_548' title='bbox 886 3091 1030 3127; x_wconf 55' lang='lat' dir='ltr'>RAQva.</span> <span class='ocrx_word' id='word_1_549' title='bbox 1056 3099 1088 3118; x_wconf 77' lang='lat' dir='ltr'>co</span> <span class='ocrx_word' id='word_1_550' title='bbox 1111 3088 1189 3123; x_wconf 86' lang='lat' dir='ltr'>th.</span> <span class='ocrx_word' id='word_1_551' title='bbox 1219 3105 1255 3109; x_wconf 35' lang='lat' dir='ltr'>w*</span> <span class='ocrx_word' id='word_1_552' title='bbox 1284 3086 1477 3124; x_wconf 75' lang='lat' dir='ltr'>accipiebant</span> <span class='ocrx_word' id='word_1_553' title='bbox 1505 3088 1533 3115; x_wconf 79' lang='lat'>2.</span> <span class='ocrx_word' id='word_1_554' title='bbox 1583 3086 1640 3124; x_wconf 82' lang='lat'>20)</span> <span class='ocrx_word' id='word_1_555' title='bbox 1667 3087 1708 3116; x_wconf 73' lang='lat' dir='ltr'>ait</span> <span class='ocrx_word' id='word_1_556' title='bbox 1732 3086 1798 3115; x_wconf 75' lang='lat' dir='ltr'>AR.</span> <span class='ocrx_word' id='word_1_557' title='bbox 1817 3092 1869 3115; x_wconf 76' lang='lat' dir='ltr'>ant</span> 
     </span>
     <span class='ocr_line' id='line_1_45' title="bbox 50 3147 625 3179; baseline 0 -2"><span class='ocrx_word' id='word_1_558' title='bbox 50 3147 90 3177; x_wconf 88' lang='lat' dir='ltr'>M.</span> <span class='ocrx_word' id='word_1_559' title='bbox 117 3150 276 3178; x_wconf 68' lang='lat' dir='ltr'>interdum</span> <span class='ocrx_word' id='word_1_560' title='bbox 300 3150 344 3178; x_wconf 76' lang='lat' dir='ltr'>ait</span> <span class='ocrx_word' id='word_1_561' title='bbox 368 3149 443 3179; x_wconf 82' lang='lat' dir='ltr'>Asc.</span> <span class='ocrx_word' id='word_1_562' title='bbox 470 3149 539 3177; x_wconf 88' lang='lat' dir='ltr'>rell.</span> <span class='ocrx_word' id='word_1_563' title='bbox 566 3158 625 3177; x_wconf 77' lang='lat' dir='ltr'>oin.</span> 
     </span>
    </p>
   </div>
   <div class='ocr_carea' id='block_1_6' title="bbox 1910 586 1928 615">
    <p class='ocr_par' dir='ltr' id='par_1_12' title="bbox 1910 586 1928 615">
     <span class='ocr_line' id='line_1_46' title="bbox 1910 586 1928 615; textangle 90"><span class='ocrx_word' id='word_1_564' title='bbox 1910 586 1928 615; x_wconf 56' lang='grc' dir='ltr'>ΕΠ</span> 
     </span>
    </p>
   </div>
   <div class='ocr_carea' id='block_1_7' title="bbox 1889 950 1929 981">
    <p class='ocr_par' dir='ltr' id='par_1_13' title="bbox 1889 950 1929 981">
     <span class='ocr_line' id='line_1_47' title="bbox 1889 950 1929 981; baseline 0 0"><span class='ocrx_word' id='word_1_565' title='bbox 1889 950 1929 981; x_wconf 85' lang='grc'>10</span> 
     </span>
    </p>
   </div>
  </div>
 </body>
</html>
