2148 3412
234 162 316 201 422
870 171 974 203 Aca.
1000 171 1060 202 ET
1086 169 1253 202 PORPH.
1280 169 1429 202 COMM.

349 296 385 335 1.
425 294 534 336 Vrbis
556 301 784 336 amatorem.
847 292 967 349 [Hac
997 292 1178 349 epistula
1208 293 1436 347 alloquitur
1462 291 1673 335 Aristium
1703 293 1950 349 scriptorem
1980 299 2065 334 tra-

234 367 493 423 goediarum,
527 367 684 417 dicens,
717 382 760 408 se
792 374 926 408 aetate
948 374 988 408 et
1009 366 1146 408 studio
1177 365 1239 407 illi
1271 366 1510 417 conuenire,
1551 366 1633 407 nisi
1664 366 1777 422 quod
1806 364 1993 408 Aristius
2022 367 2066 408 in
2127 377 2130 385 ·

232 439 337 482 urbe
368 440 525 482 morari
557 440 782 490 desiderat,
815 440 906 496 ipse
937 437 1069 497 rure]
1130 438 1248 481 Dicit
1280 454 1396 496 ergo,
1429 454 1473 481 se
1503 446 1637 481 aetate
1669 447 1708 481 et
1739 439 1875 482 studio
1906 439 2067 481 Aristio
2126 451 2127 454 ’

233 514 473 564 conuenire,
505 514 587 555 nisi
619 514 731 568 quod
762 512 949 556 Aristius
980 514 1024 554 in
1056 513 1225 555 ciuitate
1256 512 1413 555 morari
1444 512 1667 563 desideret,
1706 513 1796 568 ipse
1827 513 1871 554 in
1901 527 2010 555 rure.

166 599 183 628 5
347 589 384 630 6.
420 589 457 629 T
454 604 482 630 u
511 589 652 630 nidum
682 603 788 630 seru.
848 587 961 629 Mire
982 588 1142 630 nidum:
1174 586 1329 628 adlusit
1358 586 1411 628 ad
1442 601 1609 637 nomen,
1642 587 1754 642 quod
1784 587 1961 638 dixerat,
1997 603 2064 629 co—
2124 598 2128 608 '

233 662 376 703 lumbi.-
408 667 478 703 aut
518 659 695 717 [Seruas
726 661 788 718 tu]
821 661 984 713 urbem,
1015 674 1122 715 quae
1154 660 1274 714 quasi
1305 661 1460 702 nutriat
1497 660 1551 715 (γ.
1583 660 1766 702 nutriens
1797 660 1837 702 b.
1867 660 1956 702 rell.
1988 676 2068 702 nu-

232 736 318 789 trit)
350 749 572 790 pauperes,
603 743 675 776 aut
705 734 979 776 caenaculum
1008 734 1052 775 in
1083 734 1230 776 altiore
1260 733 1353 776 loco
1384 733 1654 776 constitutum
1684 733 1931 788 *fb‚vcath.

348 810 384 849 9.
422 809 536 860 Quae
567 825 652 851 uos.
715 806 912 851 Ciuitatis
944 809 1068 850 bona.

346 884 411 924 10.
443 892 564 938 utque
595 883 750 924 sacerd.
786 883 996 938 faqitz‘uus.
1075 879 1190 933 Quia
1225 881 1490 923 sacerdotum
1522 881 1634 923 serui
1675 881 1899 924 comedunt
1937 881 2067 923 multa

166 966 207 998 10
234 955 332 997 liba.
367 956 611 1012 [comedunt
643 956 694 997 de
726 956 870 997 sacris.
932 954 1093 997 Sensus
1124 963 1202 996 est:
1242 954 1316 996 Sic
1347 969 1413 996 me
1443 954 1661 997 fastidium
1686 954 1918 1012 [assiduae]
1951 955 2068 997 urbis
2120 962 2125 1009 ζ

231 1036 344 1071 tenet
374 1037 414 1070 et
445 1030 506 1071 sic
536 1045 631 1071 amo
662 1045 774 1079 rura,
810 1036 855 1071 ut
884 1029 1090 1085 fugitiuus
1121 1028 1352 1071 sacerdotis
1383 1043 1541 1080 seruus,
1588 1028 1662 1083 qui
1692 1028 1779 1070 liba
1810 1029 1935 1070 edere
1967 1044 2066 1071 con·

232 1110 373 1145 suetus
403 1103 531 1159 longo
562 1103 732 1145 fastidio
763 1102 1013 1144 libaminum
1050 1117 1203 1158 panem
1225 1102 1438 1144 desiderat
1458 1109 1497 1143 et
1519 1102 1737 1144 descendit
1757 1102 1810 1144 ad
1831 1102 2067 1160 rusticum]
2120 1156 2122 1163 γ

231 1176 512 1233 Allegoricos.
546 1176 615 1218 Ex
647 1177 836 1219 satietate
868 1175 1016 1218 urbem
1038 1176 1207 1218 fastidio
1232 1175 1476 1232 [significat,
1508 1182 1553 1217 ut
1583 1191 1705 1218 seruo
1736 1175 1823 1218 liba
1853 1176 2067 1218 fastidium
2119 1170 2125 1215 Ῐ.

232 1258 450 1306 generant,
483 1257 528 1292 ut
557 1265 713 1306 panem
743 1249 973 1306 desideret]
1007 1256 1045 1290 et
1076 1264 1173 1291 rure
1205 1249 1404 1300 delector,
1449 1256 1507 1300 ut,
1554 1249 1621 1291 cui
1659 1249 1747 1292 liba
1778 1250 1822 1291 in
1851 1250 2066 1293 fastidium
2118 1291 2120 1303 ³

167 1335 206 1366 15
232 1331 408 1366 uenerat
439 1324 484 1380 (l.
517 1325 754 1379 uenerant),
787 1338 942 1379 panem
973 1323 1198 1365 desiderat.

344 1398 436 1440 liba.
494 1397 564 1439 De
596 1397 726 1440 sacris
755 1397 973 1453 placentas
1005 1397 1263 1453 (placentis).

342 1486 495 1515 recuso.
556 1469 666 1513 Cum
697 1471 741 1512 in
772 1471 906 1513 seruis
937 1471 1121 1526 suspicio
1142 1471 1243 1513 furti
1263 1470 1454 1521 habetur,
1486 1471 1697 1513 ducuntur
1718 1471 1772 1513 ad
1793 1472 2066 1524 sacerdotem,

229 1545 302 1601 qui
333 1553 517 1588 crustum
539 1545 663 1601 panis
683 1545 913 1596 carminat)
935 1545 1135 1587 infectum
1157 1545 1227 1586 dat
1250 1544 1447 1601 singulis:
1487 1544 1614 1598 Quod
1636 1559 1731 1587 cum
1751 1545 1946 1597 haeserit,
1977 1562 2067 1588 ma-

228 1620 427 1662 nifestum
457 1619 558 1661 furti
587 1606 706 1660 reum
738 1619 906 1661 adserit.
967 1619 1008 1673 ἦε)
1041 1618 1240 1669 carmine,
1272 1634 1357 1661 non
1389 1634 1523 1661 carne.
1555 1618 1665 1660 Plin.
1697 1618 1920 1670 XXVIII,
1953 1621 1989 1661 2.

162 1703 204 1736 20
345 1695 410 1735 11.
444 1695 555 1736 Pane
587 1708 689 1748 eqeo.
762 1692 813 1733 Id
853 1699 938 1734 est:
983 1692 1068 1734 iam
1099 1692 1293 1735 desidero
1324 1692 1566 1743 ueritatem3
1613 1708 1767 1750 panem
1813 1693 1946 1736 solum
1991 1708 2065 1736 ne-

231 1767 462 1810 cessarium
493 1774 607 1822 puto.

344 1844 409 1883 12.
443 1843 508 1883 13.
548 1843 688 1883 Vz'uere
718 1850 892 1883 maurae
923 1842 961 1883 εἰ
989 1855 1155 1883 conuen.
1187 1856 1246 1898 op.
1269 1842 1555 1898 Ponemlaeque
1578 1842 1691 1884 domo
1723 1856 1784 1898 qu.
1807 1851 1864 1884 est
1886 1857 1983 1884 area
1997 1857 2065 1899 pr.

231 1915 390 1957 Sensus
424 1915 546 1972 [est]:
579 1916 638 1957 ita
668 1915 791 1957 nobis
823 1915 1069 1957 instruenda
1089 1915 1177 1957 uita
1198 1922 1272 1965 est,
1303 1922 1349 1957 ut
1368 1915 1553 1970 primum
1575 1915 1843 1971 auspicemus
1864 1915 2067 1971 optimam

345 1993 378 2032 1)
404 1993 475 2022 Hac
500 2010 540 2013 a<
568 2002 639 2022 rure
665 1992 827 2032 (vcath)
864 2002 925 2023 om.
951 1993 1000 2034 γὶ).
1038 1993 1201 2022 desiderat
1223 1992 1330 2022 vcafh.
1369 1992 1529 2022 desideret
1553 1991 1591 2027 Q.
1628 1992 1660 2022 in
1684 1993 1763 2022 urbe
1800 1992 1867 2028 CQ.
1905 1993 1977 2023 rell.
2005 2002 2064 2022 om.
2114 1983 2116 1990 ’

229 2048 313 2079 conf.
330 2048 372 2079 C:
410 2049 472 2079 ‘Ad
508 2050 637 2080 Fuscum
672 2049 818 2079 Aristium
858 2049 1095 2079 Grammatieum
1132 2050 1258 2086 scribit,
1284 2049 1368 2079 culus
1392 2048 1532 2078 amicitia
1557 2050 1600 2087 pl.
1628 2050 1732 2087 uteb.;
1759 2049 1860 2079 dicens
1885 2059 1919 2079 se
1944 2054 2007 2080 aet.
2035 2053 2066 2080 et

229 2109 290 2136 stu.
315 2105 478 2145 ceterisque
502 2106 530 2135 ei
552 2107 737 2143 conuenire,
759 2111 975 2145 praeterquam
1000 2116 1029 2145 q.
1048 2106 1104 2136 Ar.
1131 2106 1247 2145 quictem
1270 2105 1302 2135 in
1325 2105 1398 2135 urbe
1422 2115 1543 2135 manere
1561 2106 1769 2144 desideraret,
1796 2107 1866 2144 ipse
1883 2116 1959 2137 uero
1976 2106 2064 2136 rurist
2115 2109 2119 2116 ”

229 2163 264 2202 3)
291 2162 450 2192 desiderat
473 2164 502 2193 b.
564 2163 599 2201 8)
628 2162 700 2193 Ciu.
727 2164 810 2193 bona
835 2162 903 2205 «μῦ.
928 2164 999 2193 rell.
1026 2173 1088 2193 om.
1151 2164 1185 2203 9)
1214 2163 1299 2199 Quia
1323 2172 1348 2205 γ.
1375 2163 1444 2193 rell.
1471 2173 1534 2193 om.
1561 2181 1604 2184 —
1630 2163 1829 2193 commedunt
1854 2173 1917 2193 mu.
1943 2163 2011 2193 liba
2035 2172 2066 2205 γ.

225 2220 625 2250 comeduut—rusticum
650 2230 711 2250 om.
737 2229 763 2261 γ.
779 2220 974 2250 -condunt
997 2220 1044 2249 fh.
1072 2221 1110 2250 de
1136 2221 1236 2250 saccis
1261 2231 1291 2250 v.
1343 2220 1398 2259 11)
1425 2220 1492 2250 liba
1514 2219 1679 2250 sacerdotis
1704 2219 1790 2250 edire
1816 2230 1847 2250 v.
1899 2219 1954 2260 12)
1981 2220 2066 2250 liba·
2105 2221 2109 2280 ⁵

227 2277 350 2306 minum
375 2277 461 2306 libri.
488 2280 586 2307 recte.
612 2276 708 2315 Verg.
735 2276 775 2307 A.
801 2277 857 2315 VI,
885 2278 959 2307 246.
985 2277 1055 2309 Val.
1082 2277 1186 2307 Flacc.
1212 2277 1249 2314 V,
1280 2277 1352 2307 193.
1382 2278 1518 2307 liborum
1543 2282 1655 2316 tempt.
1681 2277 1797 2307 Ritter.
1849 2277 1906 2316 13)
1930 2276 2063 2315 Allego-
2105 2281 2109 2320 ς

228 2334 313 2363 ricus
342 2351 381 2354 —
411 2334 575 2363 desideret
610 2332 748 2369 vcath.
785 2333 988 2372 Allegoricos
1020 2350 1062 2354 —-
1088 2333 1223 2363 fastidio
1247 2334 1331 2375 Tva·
1359 2334 1467 2372 Alleg.
1494 2351 1536 2355 —
1560 2333 1647 2364 urbis
1682 2333 1844 2363 fastidium
1880 2334 1965 2372 sign.
2004 2337 2063 2364 ete.
2104 2327 2108 2384 ;

228 2389 343 2426 cath.
371 2390 454 2420 conf.
481 2390 526 2421 C:
564 2390 728 2430 ξίὶιῃίἰίαιιε.
756 2400 879 2421 seruus.
907 2390 976 2420 liba.
1004 2391 1182 2429 placentas.
1210 2400 1324 2421 sensus
1351 2395 1412 2428 est,
1452 2391 1498 2420 sic
1524 2408 1566 2412 —⁴
1596 2390 1671 2430 (om.
1698 2390 1867 2429 assiduae)
1895 2408 1935 2412 —-
1963 2392 2064 2427 tenet,

228 2451 260 2477 et
285 2457 357 2477 rure
382 2447 536 2485 delector,
563 2448 831 2486 quemadmodum
857 2457 969 2478 seruus
996 2448 1184 2486 sacerdotis,
1211 2449 1266 2487 qui
1291 2449 1359 2478 liba
1384 2448 1478 2478 edere
1503 2448 1678 2485 consueuit,
1709 2448 1804 2487 longo
1820 2446 1959 2478 fastidio
1983 2447 2065 2477 liba-

227 2504 348 2534 minum
374 2513 490 2543 panem
516 2504 704 2534 desiderat?
771 2505 826 2544 14)
852 2509 885 2534 et
908 2522 951 2526 —-
977 2505 1140 2535 desiderat
1163 2506 1210 2547 qb.
1239 2508 1270 2535 et
1293 2505 1469 2536 delectetur
1493 2509 1529 2535 ut
1552 2505 1672 2535 cuilibet
1695 2505 1771 2535 fast.
1796 2508 1931 2535 uenerat
1956 2507 1988 2534 et
2012 2513 2063 2543 pa.

229 2561 296 2591 des.
321 2571 352 2590 v.
378 2561 449 2591 rell.
476 2571 536 2591 om.
577 2562 660 2591 conf.
687 2559 722 2592 C.
790 2561 845 2600 15)
872 2565 1005 2591 uenerat
1029 2563 1078 2604 ⁴(b.
1104 2579 1149 2584 —
1172 2566 1204 2592 ut
1226 2571 1299 2600 pan.
1325 2571 1350 2603 γ.
1389 2563 1470 2592 conf.
1496 2562 1566 2605 Βφε
1605 2561 1779 2592 ‘sacerdotis
1791 2561 1864 2602 fay.
1891 2561 2065 2600 Comparat

230 2627 265 2648 se
287 2618 423 2657 fugitius
449 2627 542 2649 seruo
569 2618 746 2648 sacerdotis
772 2619 827 2656 qui
853 2619 968 2648 solitus
994 2619 1087 2649 edere
1112 2620 1178 2649 liba
1202 2619 1223 2648 i.
1249 2619 1438 2649 delicatiora
1471 2620 1630 2649 sacrificia
1666 2619 1794 2649 fastidit
1830 2619 1920 2648 illam
1956 2619 2064 2657 sicque

229 2677 349 2705 transit
375 2675 416 2704 ad
441 2676 636 2705 rusticorum
660 2675 774 2705 uitam.
802 2684 901 2714 egeus
927 2676 992 2706 iam
1016 2685 1099 2714 pane
1123 2676 1318 2706 rusticorum
1343 2677 1398 2715 qui
1423 2676 1531 2714 potior
1557 2677 1585 2707 ei
1622 2676 1753 2706 uidetur
1790 2685 1885 2714 quam
1921 2675 2064 2705 mellitae
2100 2667 2103 2709 ἰ

229 2732 410 2770 placentae,
436 2736 467 2762 et
492 2742 615 2762 senene.
653 2731 707 2762 Sic
733 2733 839 2771 inquit
852 2731 1018 2771 fastidium
1041 2742 1086 2762 me
1110 2732 1252 2763 assiduae
1275 2732 1358 2763 urbis
1383 2737 1458 2763 tenet
1481 2737 1508 2763 et
1531 2743 1598 2763 amo
1622 2743 1700 2762 rura
1724 2733 1991 2772 quemadmodum
2014 2730 2064 2762 fu-

228 2854 300 2875 rans
326 2846 362 2884 (l.
390 2846 568 2885 desiderat)
595 2847 772 2876 rusticum!
835 2846 892 2886 16)
919 2847 970 2876 De
993 2856 1058 2877 sac.
1084 2847 1167 2885 plac.
1194 2857 1220 2889 γ.
1247 2847 1317 2877 rell.
1344 2857 1403 2877 om.
1432 2848 1515 2878 conf.
1542 2846 1575 2877 C.
1642 2847 1697 2886 17)
1724 2847 1799 2877 forti
1823 2857 1854 2877 v.
1881 2847 2002 2877 dfir:
2018 2844 2063 2875 di-

230 2905 342 2931 cuntur
365 2904 413 2943 γὶ).
439 2902 549 2933 ‹licuut
573 2913 604 2932 v.
629 2903 699 2932 rell.
729 2903 852 2932 ducunt.
878 2904 968 2942 posui
999 2904 1159 2934 ducuntur.
1197 2904 1281 2935 conf.
1308 2903 1404 2943 Cruq.
1433 2905 1529 2934 infra.
1588 2905 1644 2944 18)
1669 2904 1782 2934 heserit
1806 2905 1855 2946 qrb.
1880 2904 2009 2933 heserat
2030 2912 2062 2932 v.

230 2957 414 2996 (perperam
439 2959 497 2989 ref.
525 2958 579 2999 Q).
607 2960 712 2990 ederit
736 2959 818 2989 cafh.
843 2959 1031 2991 adhaeserit
1055 2961 1103 2990 ort
1119 2960 1146 2996 Q
1164 2970 1205 2991 ex
1231 2962 1459 2992 commentario
1485 2961 1587 2999 ipsius
1608 2959 1755 2999 Cruquii,
1782 2961 1836 3000 qui
1861 2970 1890 2999 p.
1910 2960 1973 2990 548
1999 2964 2063 2990 tra-

231 3015 316 3045 didit
341 3015 434 3044 haec:
468 3015 576 3046 ‘Libet
600 3016 654 3045 hie
679 3017 806 3055 nugari,
843 3019 880 3046 ut
904 3016 1039 3047 lectores
1064 3017 1252 3055 coniiciant,
1290 3019 1402 3056 quales
1426 3018 1550 3047 fuerint
1573 3017 1802 3056 interpolatores
1826 3015 2003 3047 Acroniam'.
2030 3016 2063 3046 in

229 3070 350 3109 scriptis
374 3072 504 3111 cmtiquz's
528 3073 607 3102 haec
631 3074 800 3111 leguntur:
838 3072 918 3103 Cum
944 3073 978 3103 in
1004 3083 1111 3104 seruos
1136 3083 1183 3104 su.
1209 3074 1254 3105 fu.
1280 3075 1332 3105 ha.
1359 3074 1510 3104 ducuntur
1535 3091 1574 3095 --
1605 3074 1691 3112 quod
1716 3083 1788 3104 cum
1811 3072 1981 3104 adhaeserit
2004 3072 2064 3110 ori,

230 3127 429 3167 manifestum
454 3128 475 3158 f.
500 3139 526 3158 r.
553 3130 692 3160 asserit!
760 3130 816 3170 19)
842 3130 1046 3161 manifestum
1070 3131 1192 3173 *sb‚vca.
1225 3132 1392 3162 manifeste
1414 3130 1492 3166 th.
1555 3130 1615 3170 20)
1641 3130 1662 3160 i.
1687 3130 1749 3160 iam
1774 3147 1817 3152 --
1841 3134 1919 3170 puto
1942 3140 1968 3172 γ.
1994 3128 2063 3159 rell.
2089 3152 2096 3171 ·,

231 3193 291 3214 om.
343 3184 400 3223 23)
427 3188 473 3214 est
500 3195 559 3215 om.
587 3194 613 3227 γ.
641 3204 681 3208 —
707 3185 894 3217 instruenda
918 3186 987 3230 γ,Ο.
1016 3186 1116 3227 (negl.
1136 3186 1179 3227 Q)
1206 3188 1276 3218 rell.
1303 3187 1502 3219 instituenda.
1528 3191 1700 3226 utrumque
1725 3190 1813 3218 recte
1837 3187 1969 3218 dicitur.
1995 3186 2063 3216 uita
2088 3183 2095 3209 ¹⁴

2100 2723 2102 2737 Ι

2098 2747 2102 2771 1

229 2790 354 2826 gitiuus
380 2790 569 2820 sacerdotis.
596 2790 650 2828 qui
676 2790 744 2819 liba
768 2790 862 2820 edere
887 2793 1060 2820 consuetus
1085 2790 1180 2829 longo
1207 2790 1338 2829 (longao
1362 2790 1401 2833 φ)
1426 2790 1559 2821 fastidio
1584 2790 1774 2820 libaminum
1798 2799 1913 2828 panem
1938 2788 2064 2819 deside·
2097 2779 2102 2866 1
2145 2798 2148 2800 ·
