2148 3412
840 161 887 192 IN
908 160 1043 192 sERM.
1070 161 1095 198 1,
1123 166 1151 192 s.
1830 150 1908 189 151

85 285 299 332 senatoris,
331 284 402 338 qui
424 300 448 324 a
469 283 699 325 triumuiris
720 284 981 339 proscriptus
1002 291 1074 324 est.
1136 283 1220 326 Sed
1242 298 1335 324 oum
1358 283 1470 324 dieat
1486 285 1688 333 maiorem,
1721 289 1911 338 apparet,

85 367 154 400 aut
184 372 369 399 sororem
399 358 508 398 hano
538 357 734 398 habuisse
765 358 970 399 minorem
1003 372 1046 397 se
1077 364 1147 397 aut
1191 357 1320 398 fuisse
1351 364 1391 398 et
1422 357 1547 398 aliam
1581 356 1797 412 Saganam
1828 356 1913 397 illis

85 430 342 487 temporibus
373 430 578 472 minorem
608 430 700 480 hae,
731 430 799 471 uel
830 437 976 480 aetate,
1008 430 1076 471 uel
1106 430 1330 480 natalibus,
1362 431 1431 471 uel
1463 446 1602 472 censu.

197 506 262 545 27.
290 505 449 560 pullam
480 505 669 546 diuellere
701 505 904 545 mordicus
942 519 1088 558 aquam
1129 505 1364 559 Coeperunt.
1424 504 1546 545 Haeo
1591 503 1789 545 uidelicet
1831 503 1914 543 iam

86 578 139 620 ad
168 577 373 618 maleficia
403 578 685 618 uenefiearum
717 577 940 632 pertinent.
1010 578 1172 619 Pullam
1203 584 1341 618 autem
1386 577 1553 631 nigram
1599 578 1792 632 accipere
1839 577 1912 617 de-

86 652 243 701 bemus,
274 657 318 692 ut
349 657 387 691 et
426 651 619 705 Verqz'lz'us
650 651 707 691 ait
739 649 814 705 (G.
836 650 1059 706 III,389):
1095 651 1252 707 [Reice]
1285 666 1333 692 ηε
1364 652 1536 693 maculis
1568 653 1736 706 infuscet
1765 652 1916 693 uellera

83 726 208 781 pullis
236 724 490 767 Nascentum.

199 800 263 839 29.
294 806 339 839 ut
367 799 458 839 inde
489 799 631 840 Manes
662 800 845 840 elicerent
875 799 1041 846 (mimas,
1089 813 1212 854 respo.
1251 800 1435 840 daturas.
1509 798 1622 840 Mire
1660 799 1817 840 dietum
1857 806 1919 840 est

86 886 220 914 manes
251 873 403 913 animas
434 872 474 912 h.
505 886 538 913 e.
572 887 678 926 quae
709 872 875 913 animae
906 887 1051 913 manes
1082 879 1189 923 sunt,
1235 879 1278 913 ut
1315 873 1349 913 si
1395 872 1572 914 diceret:
1619 887 1753 914 ommes
1798 888 1917 914 mor—

89 955 259 988 tuorum.

199 1021 264 1061 30.
296 1020 429 1060 Lama
461 1027 495 1060 et
525 1020 623 1074 essiq.
657 1034 712 1061 er.
744 1020 813 1060 alt.
846 1035 972 1062 cerea.
1034 1018 1154 1061 Ordo
1185 1026 1266 1061 est:
1302 1019 1452 1061 Lanea
1483 1020 1645 1075 effigies
1676 1027 1777 1070 erat,
1812 1021 1917 1075 (et‘?)

92 1093 221 1134 altera
252 1107 385 1134 cerea.

198 1168 263 1208 31.
296 1171 427 1208 maior
458 1167 604 1220 Lanea,
637 1181 670 1222 q.
696 1183 739 1223 p.
771 1175 1020 1223 conpesceret
1048 1168 1120 1221 inf.
1201 1165 1275 1208 Sic
1304 1168 1507 1223 figuratas
1538 1167 1639 1208 dicit
1671 1167 1798 1209 fuisse
1845 1168 1920 1209 has

88 1241 190 1282 duas
221 1240 396 1296 effigies,
428 1247 471 1281 ut
502 1240 624 1281 lanea
654 1240 909 1296 supplicium
939 1241 991 1282 de
1023 1255 1145 1282 cerea
1175 1256 1338 1282 sumere
1369 1241 1595 1282 uideretur.

199 1315 265 1356 35.
297 1314 506 1370 Serpentes
536 1323 611 1371 atq.
644 1315 724 1355 uid.
758 1315 948 1368 Infernas
980 1330 1033 1355 er.
1067 1330 1198 1356 canes.
1261 1313 1335 1356 Sic
1365 1316 1452 1356 sere
1487 1315 1668 1365 instruit,
1700 1314 1919 1364 Horatius,

87 1395 132 1430 ut
161 1387 475 1430 coniunctiones
505 1403 589 1429 non
621 1403 695 1429 suo
725 1387 817 1429 loeo
848 1394 990 1443 ponat,
1022 1395 1062 1428 et
1093 1395 1154 1429 est
1183 1388 1306 1429 ordo:
1341 1386 1570 1443 Serpentes
1591 1389 1758 1430 uideres
1780 1403 1922 1429 errare

89 1468 211 1517 atque
241 1461 427 1503 infernas
458 1476 595 1503 canes.
657 1459 731 1503 Sic
761 1468 800 1503 et
831 1461 957 1517 paulo
989 1476 1117 1516 supra
1163 1462 1221 1517 (u.
1253 1463 1340 1517 30.)
1387 1462 1544 1504 dietum
1577 1470 1659 1504 est:
1709 1464 1844 1504 Lama
1891 1473 1923 1504 el

90 1535 235 1591 effiqz'es
266 1544 355 1577 erat
385 1537 511 1577 altera
544 1551 668 1577 cerea.

201 1610 265 1650 39.
300 1609 432 1651 Iulius
464 1618 499 1651 et
541 1610 703 1664 fra-qe'lz's
750 1610 932 1651 Pediatia
976 1610 1125 1666 furque
1178 1611 1373 1651 Voranus.
1432 1609 1647 1651 Pediatius
1679 1624 1806 1664 eques
1835 1609 1923 1651 Ro-

92 1698 254 1733 manus,
284 1683 458 1724 honesto
480 1682 734 1738 patrimonio
757 1689 1018 1738 consumpto,
1051 1683 1176 1723 etiam
1200 1683 1430 1725 castitatem
1466 1683 1550 1725 oris
1581 1683 1779 1725 amiserat.
1798 1690 1839 1724 et
1858 1684 1923 1724 in-
1950 1701 1956 1709 ·

90 1756 306 1812 dulgentia
336 1763 556 1811 parentum
587 1756 725 1797 mollis
757 1763 959 1806 euaserat,
1006 1763 1051 1797 ut
1095 1771 1261 1798 omnem
1306 1755 1526 1798 libidinem
1574 1772 1668 1798 eum
1708 1758 1922 1813 uoluptate

90 1836 323 1885 pateretur3
370 1837 543 1885 propter
574 1830 686 1885 quod
717 1845 810 1871 eum
842 1829 1045 1871 Horatius
1091 1830 1293 1871 feminino
1339 1831 1509 1872 nomine
1555 1832 1791 1881 Pecl‘e'czlz'am,
1837 1847 1922 1872 non

92 1905 315 1945 Pedz'ata'um
345 1904 588 1959 appellauit.
650 1903 721 1945 Ob
744 1904 916 1944 eandem
939 1919 1108 1945 eausam
1139 1910 1180 1944 et
1208 1905 1399 1959 sraqz'lem
1420 1904 1536 1954 dixit,
1568 1905 1612 1945 id
1634 1912 1708 1955 est,
1739 1905 1920 1947 mollem.

97 1977 280 2020 Voranus
311 1985 449 2019 autem
481 1976 535 2030 Q.
567 1977 729 2018 Lutatii
762 1976 904 2019 Catuli
933 1977 1108 2019 libertus
1139 1967 1253 2019 omni
1284 1978 1388 2027 loeo,
1434 1978 1548 2019 omni
1579 1985 1767 2034 tempore
1797 1980 1919 2020 fura-

92 2050 282 2093 cissimus
312 2051 441 2094 fuisse
472 2051 638 2094 dieitur.
712 2050 782 2093 De
814 2067 896 2106 quo
927 2051 1053 2093 etiam
1084 2051 1189 2092 illud
1219 2051 1411 2102 traditur,
1458 2067 1553 2093 eum
1584 2052 1870 2107 deprehensus
1900 2068 1925 2093 a
1977 2065 1987 2072 ·

93 2264 147 2295 ubi
172 2267 285 2295 tamen
309 2265 440 2303 plurimi
465 2265 586 2295 habent
612 2265 757 2295 Helenus
796 2269 823 2295 et
860 2265 972 2302 Acron,
999 2268 1035 2294 ut
1058 2265 1169 2307 MyBD
1196 2265 1285 2294 Harl.
1313 2265 1412 2294 2724.
1438 2265 1522 2295 Flor.
1547 2264 1640 2294 Laur.
1671 2267 1683 2294 1
1722 2266 1812 2294 Baro.
1850 2266 1924 2296 Vat.

97 2322 190 2351 1589.
228 2321 381 2351 Helonius
405 2326 432 2352 et
454 2321 560 2352 Acron
585 2323 705 2360 legitur
730 2323 761 2351 in
786 2322 875 2351 Harl.
902 2322 1000 2351 2725.
1041 2321 1234 2352 Aecuratius
1259 2323 1298 2351 (le
1322 2322 1381 2351 hac
1406 2331 1438 2351 re
1466 2331 1520 2351 suo
1544 2322 1622 2351 loeo.
1649 2321 1761 2361 Saffum
1785 2323 1828 2351 M.
1856 2323 1926 2352 rell.

95 2387 250 2417 saganam.
277 2378 322 2408 fu.
347 2389 431 2409 nom.
457 2379 546 2408 vafh.
573 2379 703 2418 Pompei
725 2379 822 2408 ΜΑ2.
849 2378 986 2417 pompeii
1008 2379 1079 2417 ΒΝ.
1106 2379 1161 2408 Ρό.
1189 2388 1217 2407 a.
1243 2378 1406 2417 Pomponii
1428 2379 1473 2407 fh.
1499 2378 1651 2416 Pomponi
1677 2377 1797 2417 (G·?)Q.

209 2435 241 2474 1)
267 2445 385 2473 proscr.
414 2439 463 2465 est
488 2435 531 2464 M.
559 2435 628 2464 rell.
656 2439 704 2464 est
730 2445 850 2473 proscr.
899 2433 935 2473 2)
961 2434 1063 2464 fuisse
1089 2435 1194 2471 aliam,
1221 2444 1279 2463 om.
1309 2438 1339 2464 et
1359 2436 1388 2464 2.
1440 2436 1474 2474 5)
1500 2435 1714 2465 ueleficz'arum
1739 2436 1782 2463 M.
1801 2453 1838 2455 -—
1855 2445 1927 2473 per-

95 2491 193 2521 tinent
223 2492 290 2521 M2.
316 2493 476 2530 pertinere
500 2491 537 2520 R.
565 2493 633 2521 rell.
660 2493 822 2530 pertinent
845 2492 1070 2523 uenefiearum.
1110 2491 1137 2526 Q
1163 2492 1260 2521 tacite
1287 2492 1348 2521 ine.
1375 2492 1513 2529 pertinet.
1580 2492 1615 2530 6)
1640 2492 1736 2521 Reice
1763 2502 1824 2521 0111.
1851 2491 1926 2526 MG,

95 2546 190 2578 Reice
214 2558 254 2578 ne
279 2559 339 2578 om.
365 2548 401 2578 R.
427 2548 533 2577 Reiiee
557 2559 578 2578 v
602 2546 783 2588 (perperam
810 2548 866 2577 ref.
894 2547 938 2586 Q)
965 2547 1030 2577 afh.
1059 2565 1097 2569 ——
1125 2548 1279 2577 infuscent
1302 2548 1368 2577 afh.
1395 2549 1463 2577 rell.
1490 2548 1641 2583 infuscet,
1668 2553 1703 2578 ut
1729 2549 1802 2577 libri
1827 2548 1926 2586 Verg.

97 2608 129 2634 et
153 2604 242 2635 Seru.
266 2609 298 2634 et
321 2605 404 2635 Non.
430 2605 615 2644 (Ribbeck).
641 2605 730 2635 locus
756 2605 820 2634 iam
845 2614 940 2642 supra
966 2605 1068 2642 Epod.
1094 2604 1178 2641 XVI,
1205 2606 1258 2634 46.
1285 2604 1419 2634 Breuius
1445 2606 1517 2635 lem.
1554 2610 1586 2634 ut
1620 2605 1687 2634 [mle
1723 2615 1824 2634 manes
1860 2605 1926 2635 afh.

97 2661 233 2691 manibus
257 2661 395 2692 elicerent
418 2663 541 2691 animas
567 2661 683 2691 MR2G
709 2663 742 2691 in
768 2662 840 2691 lem.
867 2665 898 2690 et
924 2662 956 2690 in
985 2662 1124 2691 sehloio:
1161 2661 1303 2691 manibus
1329 2663 1463 2693 animas.
1494 2663 1581 2691 hunc
1606 2672 1742 2691 errorem
1769 2663 1799 2691 in
1839 2663 1927 2691 nullo

97 2718 164 2748 cod.
192 2718 267 2748 Hor.
294 2719 424 2748 offendi.
451 2719 512 2747 Ed.
538 2719 617 2749 Ven.
643 2719 742 2748 habet
766 2728 869 2747 manes
895 2719 928 2747 in
952 2719 1025 2748 lem.
1059 2722 1091 2747 et
1117 2728 1225 2748 manas
1250 2720 1282 2748 in
1309 2720 1441 2756 scholio,
1469 2729 1531 2748 non
1558 2718 1696 2748 manibus
1722 2719 1779 2755 bis,
1806 2723 1841 2747 ut
1868 2718 1926 2747 ref.

99 2774 136 2810 Q.
185 2775 219 2814 9)
246 2776 372 2805 animae
398 2780 519 2804 manent
542 2776 579 2804 R.
598 2780 683 2804 —ut
707 2772 951 2815 MR2G(Q)‚va.
979 2775 1063 2805 acfh.
1126 2776 1182 2814 11)
1209 2786 1303 2805 caera
1328 2776 1363 2805 R.
1390 2776 1571 2814 Interposui
1597 2780 1624 2804 et
1648 2785 1688 2804 ex
1714 2775 1803 2812 Hor.⁷
1830 2775 1928 2813 parti-

99 2832 200 2861 culam
225 2837 355 2870 propter
379 2842 474 2870 quam
490 2831 577 2861 Ordo
602 2833 728 2870 positus
755 2837 813 2862 est.
840 2833 917 2862 hinc
944 2833 977 2861 2:
1005 2833 1117 2868 altera⁷
1143 2832 1241 2861 altera
1266 2842 1367 2861 cerea.
1420 2834 1473 2870 13)
1500 2834 1637 2869 figurata
1654 2832 1695 2860 M.
1722 2831 1765 2861 fu.
1793 2832 1872 2861 (licit
1891 2832 1927 2861 R.

103 2886 157 2927 15)
182 2889 308 2918 instruit
322 2887 523 2929 MQ(G?Q)‚v
549 2889 698 2919 instruxit
714 2889 750 2918 R.
769 2889 902 2918 inseruit
927 2889 966 2918 A.
991 2888 1120 2918 instituit
1135 2889 1211 2919 Hor.
1230 2889 1327 2919 coniza.
1353 2894 1383 2918 ut
1407 2889 1473 2918 afh.
1526 2889 1580 2927 19)
1604 2888 1760 2918 Pedacius
1786 2889 1820 2918 R.
1871 2890 1928 2928 20)

100 2948 180 2982 patr.
206 2950 393 2983 consumpto
420 2946 516 2975 etiam
542 2946 705 2984 consumpti
729 2947 879 2975 castitate
903 2945 996 2974 mov-is
1008 2946 1052 2975 M.
1079 2956 1168 2975 cons.
1194 2950 1221 2975 et
1243 2950 1318 2975 cast.
1346 2945 1435 2975 vassi.
1464 2946 1532 2974 rell.
1558 2945 1654 2974 etiam.
1680 2945 1741 2976 Ed.
1762 2945 1839 2975 Ven.
1865 2955 1929 2975 non

100 3000 196 3030 habet
220 3002 318 3038 etiam,
344 3006 379 3031 ut
404 3002 460 3031 ref.
480 3002 517 3038 Q.
596 3007 674 3032 cast.
701 3004 847 3040 coo-poris·
864 3002 953 3031 vafh.
981 3005 1060 3032 cast.
1090 3003 1153 3032 oris
1179 3000 1380 3040 RA2(G‘.>Q).
1441 3002 1498 3040 21)
1527 3002 1651 3031 mollius
1677 3002 1723 3031 fh.
1775 3002 1831 3040 22)
1859 3012 1928 3031 eum

101 3066 160 3088 om.
185 3057 274 3087 vafh.
301 3076 342 3079 —
369 3060 441 3087 fem.
465 3068 573 3097 {seuere
598 3059 685 3088 vafh.
712 3060 781 3088 rell.
809 3060 948 3088 nomine.
999 3058 1056 3098 23)
1082 3060 1198 3097 appell.
1224 3059 1267 3088 M.
1290 3077 1313 3079 as
1340 3060 1408 3088 dix.
1435 3064 1461 3087 et
1486 3059 1573 3089 moll.
1599 3058 1688 3088 vafh.
1716 3060 1783 3088 rell.
1812 3060 1844 3087 id
1870 3064 1927 3088 est.

42 3143 44 3146 ,
100 3117 132 3142 ut
154 3115 240 3144 moll.
267 3115 382 3144 Ritter.
432 3116 489 3155 24)
516 3116 621 3154 quinti
646 3116 742 3145 lutati
768 3113 925 3155 M(G‘.²)Q.
953 3115 1078 3145 Lutatii
1100 3115 1136 3145 A.
1165 3116 1303 3145 Luccatii
1329 3115 1454 3152 2‚vafh.
1481 3115 1641 3145 Veranius
1667 3120 1774 3145 autem
1800 3115 1929 3150 Quinti-

102 3168 136 3198 lii
163 3170 242 3200 Tatii
264 3170 299 3200 P..

1946 958 1956 987 l
1967 960 1985 987 O

1953 1326 1987 1356 15
