2148 3412
818 129 866 161 IN
892 129 1036 164 EPIST.
1063 131 1090 169 I,
1120 134 1146 162 1.
1175 134 1204 161 2.
1847 119 1928 159 375

104 251 351 309 philosopho
372 253 389 306 Η
412 251 481 306 (In
511 253 591 292 hac
622 251 802 306 epistula
832 252 937 293 illud
967 252 1168 307 ostendit)
1201 253 1478 308 ostenditque,
1525 253 1664 308 ipsum
1694 251 1930 294 Homerum

104 327 147 368 in
189 325 347 380 duplici
392 339 518 380 opere
564 324 646 365 duo
690 325 802 366 uitae
839 325 1033 380 exempla
1062 334 1336 367 monstrasse:
1374 326 1540 367 uirtutis
1571 341 1620 367 ac
1651 326 1895 381 sapientiae.
1919 326 1934 382 Η

103 399 228 441 Hanc
260 397 437 454 [autem]
471 397 693 452 epistulam
732 397 878 439 scribit
914 399 967 438 ad
1004 398 1181 439 Lollium
1221 399 1495 441 consularem.
1532 401 1548 453 Η
1586 398 1790 441 Horatius
1824 399 1931 456 [hic]

104 472 203 513 κατὰ
234 471 410 526 θεωρίαν
445 470 679 512 Homerum
711 471 884 526 legerat,
917 471 960 512 id
991 479 1064 522 est,
1099 479 1142 512 ut
1174 472 1352 514 disceret
1385 473 1583 515 carminis
1615 473 1933 529 dispositionem

105 551 275 587 tantum.

216 620 252 659 1.
290 619 460 660 Troiani
487 619 580 660 belli
611 620 854 674 scrtplorem.
916 617 1151 659 Homerum
1185 618 1302 660 dicit.

216 694 252 733 2.
289 693 394 733 Dum
425 701 468 734 tu
499 692 711 734 dechmms.
791 691 905 744 Quia
944 698 1086 733 orator
1121 700 1221 733 erat.
1299 691 1434 749 [Dum
1479 693 1730 735 rhetoricam
1774 694 1935 736 Romae

104 765 255 821 legisti,
288 780 366 822 ego
397 765 483 821 legi
514 764 779 821 Homerum]

218 841 443 881 Praeneste.
506 838 592 880 Pro
628 838 860 880 Praenesti.

215 915 254 954 4.
288 913 455 955 Planius
487 929 534 954 ae
565 914 653 954 mel.
681 913 902 969 Chrysippo
924 922 959 954 ec
985 913 1192 955 Crantore.
1254 911 1523 969 Chrysippus
1554 913 1775 970 Apollonii
1808 915 1936 970 (filius

107 987 337 1043 Sol-)ensis
369 986 540 1028 antistes
574 986 890 1043 [philosophus]
923 987 1002 1027 fuit
1031 993 1168 1028 sectae
1192 985 1374 1037 Stoicae,
1412 989 1583 1030 Crantor
1613 988 1801 1030 eiusdem
1832 989 1937 1031 ciui-

104 1059 201 1101 tatis
231 1060 546 1114 pulchritudine
569 1060 757 1115 corporis
779 1060 1031 1116 conspicuus
1052 1075 1135 1102 non
1156 1067 1318 1102 tantum
1340 1076 1364 1102 a
1385 1061 1643 1112 Xenocrate,
1666 1071 1938 1119 praeceptore

106 1148 191 1185 suo,
215 1135 287 1175 sed
309 1135 435 1176 etiam
457 1150 481 1176 a
497 1134 767 1185 Palaemone,
792 1134 863 1189 qui
884 1134 1141 1176 Xenocratis
1163 1135 1348 1176 scholam
1371 1136 1548 1190 excepit,
1571 1136 1613 1176 in
1636 1151 1684 1178 eo
1697 1138 1753 1193 (P)
1776 1144 1938 1179 amatus

106 1215 178 1259 est,
201 1208 273 1263 qui
295 1208 473 1265 (quod?)
496 1209 702 1264 placebat.
738 1207 1000 1251 Consecutus
1023 1216 1083 1250 est
1105 1208 1148 1249 in
1169 1207 1406 1250 Academia
1426 1209 1653 1251 maximam
1676 1210 1937 1266 dignitatem.

217 1283 253 1324 5.
291 1283 375 1324 Cur
404 1285 460 1324 ita
492 1284 742 1325 crediderim.
807 1281 921 1334 Quia
950 1282 1100 1324 melius
1132 1282 1235 1324 dicit
1267 1280 1524 1338 Chrysippo.
1586 1285 1762 1326 destinet.
1796 1283 1937 1327 Occu-

106 1362 188 1411 pet,
219 1356 425 1398 intentum
456 1364 607 1399 teneat.
670 1358 869 1399 Destineo.
901 1356 1091 1398 destines.
1125 1354 1304 1411 Occupo
1337 1364 1377 1398 et
1407 1371 1569 1412 separo.

219 1432 339 1473 6—8.
372 1432 543 1482 Fabula,
577 1446 655 1487 qua
690 1432 847 1474 Paridis
874 1457 914 1461 —
946 1432 1120 1472 eontinet
1159 1438 1305 1472 aestus.
1383 1429 1536 1481 Docet,
1576 1430 1825 1488 [quomodo]
1864 1447 1940 1487 per

107 1504 293 1561 singulas
323 1505 487 1547 fabulas
518 1512 723 1548 monstrat
753 1513 793 1547 et
822 1504 998 1547 uirtutes
1029 1511 1069 1546 et
1098 1503 1201 1546 uitia
1232 1503 1458 1546 Homerus.
1525 1505 1690 1547 Fabula.
1722 1504 1835 1547 Ilias.

223 1668 255 1706 1)
280 1668 473 1706 philosopho
497 1678 580 1698 omn.
607 1669 692 1698 libri.
720 1667 921 1706 philosophis
947 1668 1010 1697 inc.
1032 1667 1069 1702 Q.
1099 1667 1137 1696 In
1164 1668 1222 1696 hac
1248 1677 1296 1704 ep.
1316 1667 1396 1696 illud
1414 1668 1560 1697 ostendit
1576 1677 1594 1710 γ
1611 1667 1705 1697 Laur.
1733 1667 1807 1698 vat.
1834 1672 1942 1699 osten-

109 1725 212 1764 ditque
235 1726 266 1754 b.
294 1726 362 1755 rell.
388 1735 449 1756 om.
476 1730 668 1763 pergentes:
706 1726 760 1763 qui
786 1725 849 1754 (1110
875 1725 1025 1762 exempla
1049 1724 1138 1753 uitae
1162 1728 1360 1754 monstrasse
1386 1724 1548 1759 dicuntur,
1585 1725 1720 1754 uirtutis
1757 1725 1882 1754 scilicet
1919 1730 1945 1754 et

109 1781 296 1819 sapientiae.
345 1781 380 1820 3)
408 1782 500 1811 Hanc
525 1786 622 1812 autem
648 1800 689 1803 -—-
716 1782 914 1811 consularem
939 1790 957 1823 γ
980 1781 1054 1810 Vat.
1080 1782 1099 1810 b
1126 1780 1202 1817 (om.
1229 1781 1362 1819 autem).
1390 1781 1459 1809 rell.
1487 1790 1547 1810 om.
1578 1798 1616 1801 —-
1643 1781 1720 1811 Hor.
1747 1781 1795 1811 laic
1814 1799 1853 1802 —
1869 1785 1942 1811 tan-

108 1842 174 1868 tum
198 1848 215 1880 γ
238 1838 312 1868 Vat.
339 1837 415 1876 (om.
442 1839 511 1877 hic)
541 1843 571 1868 et
596 1839 627 1875 b,
658 1839 713 1877 qui
739 1839 855 1867 habet:
887 1838 1086 1867 consularem
1112 1841 1139 1866 et
1162 1838 1363 1866 cathaterian
1391 1841 1448 1867 etc.
1515 1838 1549 1876 6)
1576 1837 1670 1866 Ηο111.
1698 1838 1778 1867 dicit
1803 1839 1840 1879 *sb
1867 1838 1943 1873 (om.

110 1896 215 1935 dicit).
234 1896 302 1925 rell.
322 1906 381 1925 om.
432 1896 465 1934 7)
487 1895 572 1931 Quia
590 1905 632 1925 or.
652 1899 721 1925 erat
739 1894 830 1937 ·(1),0.
849 1896 919 1924 rell.
938 1905 998 1924 om.
1015 1912 1055 1915 —
1070 1894 1156 1923 Dum
1171 1894 1389 1923 —Homerum
1408 1904 1428 1923 v
1447 1893 1552 1931 (Aer.)
1569 1891 1758 1933 Q(G?).afh.
1779 1894 1944 1934 (Porph.).

111 1962 170 1982 om.
195 1953 233 1994 γ1)
260 1956 289 1982 61
317 1953 407 1982 codd.
446 1953 561 1991 Porph.
623 1952 657 1991 9)
685 1952 745 1981 Pro
770 1951 938 1981 Praenesti
959 1953 1007 1993 γ1).
1034 1951 1102 1981 rell.
1131 1961 1192 1980 om.
1247 1951 1301 1989 10)
1327 1951 1465 1988 planius.
1490 1951 1539 1980 uel
1562 1952 1682 1989 plenius
1706 1961 1724 1993 γ
1751 1951 1783 1989 (1
1811 1951 1883 1990 m.)‚
1909 1956 1943 1981 ut

111 2007 225 2040 Graeu.
250 2010 379 2047 planius
405 2019 482 2047 pure
500 2010 533 2038 in
558 2009 763 2047 paucioribus
790 2009 881 2038 codd.
909 2009 1039 2046 legitur,
1070 2011 1103 2037 ut
1120 2007 1204 2036 AFP
1222 2007 1311 2037 Sorb.
1340 2011 1433 2037 notre
1457 2007 1569 2037 Dame.
1589 2009 1685 2037 8224.
1711 2008 1820 2037 Ambr.
1840 2008 1945 2037 Harll.

112 2066 207 2095 2724.
233 2065 329 2095 Bern.
357 2065 383 2094 E
410 2071 442 2096 et
466 2065 562 2095 Laur.
588 2066 825 2104 antiquissimo.
853 2065 909 2094 alii
935 2065 1039 2102 codd„
1066 2068 1100 2094 ut
1116 2064 1212 2093 Bern.
1228 2063 1264 2101 C,
1290 2064 1467 2094 ostendunt
1493 2074 1508 2093 6
1534 2074 1602 2102 sup.
1629 2074 1657 2101 a,
1684 2065 1742 2094 alii
1767 2069 1803 2094 ut
1819 2065 1901 2095 Rex.
1929 2075 1947 2094 a

113 2131 180 2160 sup.
206 2132 230 2151 6.
248 2122 274 2151 Β
293 2123 425 2160 scripsit
450 2123 577 2162 plenius
603 2133 673 2152 cum
699 2123 811 2152 cauda.
839 2122 965 2151 Plenius
991 2122 1111 2151 habent
1129 2121 1258 2158 plurimi
1287 2121 1394 2157 codd,
1420 2122 1506 2150 inter
1531 2130 1607 2158 quos
1633 2123 1828 2151 uetustiores
1853 2126 1889 2152 ut
1907 2122 1944 2150 E.

113 2177 227 2209 Glossa
251 2179 434 2209 Acroniana
451 2179 584 2218 apertius
609 2180 643 2208 in
669 2179 834 2209 nonnullis
858 2179 960 2215 codd.,
986 2182 1021 2207 111
1040 2177 1088 2207 St.
1105 2177 1210 2206 Iacob.
1230 2186 1313 2207 saec.
1332 2176 1403 2214 XII,
1430 2177 1506 2206 data
1531 2181 1579 2206 est
1605 2178 1735 2207 lectioni
1755 2178 1886 2217 plenius,
1914 2179 1946 2207 in

113 2235 195 2273 aliis,
220 2239 256 2265 ut
280 2236 400 2265 Pariss.
430 2236 527 2265 7983.
555 2237 653 2272 8229,
680 2236 811 2265 lectioni
838 2235 979 2273 planius.
1006 2234 1059 2263 Sic
1084 2234 1152 2263 cod.
1180 2233 1287 2263 Oxon.
1316 2232 1485 2272 (Canonic.
1513 2233 1582 2263 Lat.
1603 2235 1660 2273 24)
1686 2236 1783 2264 habet
1804 2235 1946 2273 planius,

113 2293 282 2330 prolixiuS,
309 2297 340 2322 et
354 2293 427 2322 Par.
446 2294 550 2322 8228:
577 2292 680 2322 melius
705 2293 725 2321 i.
753 2292 998 2330 intelligibilius
1017 2295 1076 2320 etc.
1104 2290 1224 2320 Scholii
1243 2300 1316 2329 pars
1334 2292 1420 2329 prior
1441 2289 1623 2330 Clm‘ysc'ppus
1641 2290 1766 2329 (crisip.
1786 2293 1805 2321 b
1823 2292 1890 2331 bis)
1908 2309 1944 2312 j-

115 2335 230 2378 Stbicae
255 2350 288 2379 in
314 2350 385 2379 edd.
411 2349 522 2385 vath
547 2349 760 2388 Porphyrioni
786 2349 957 2386 adsignata
982 2351 1041 2378 est.
1063 2365 1098 2368 w—
1119 2346 1319 2386 Chrysippus
1344 2346 1507 2385 Apollonii
1526 2347 1606 2379 silius
1632 2348 1774 2377 Sollensis
1800 2347 1837 2378 0.
1865 2348 1947 2377 conf.

114 2405 207 2444 Diog.
226 2406 262 2436 L.
277 2406 348 2444 VII,
368 2406 440 2436 159.
463 2407 534 2436 183.
562 2406 629 2436 Cic.
647 2406 746 2435 Acad.
766 2406 806 2443 II,
824 2406 875 2434 23.
901 2405 971 2434 Fat.
992 2406 1019 2434 7.
1048 2404 1137 2434 Orat.
1155 2404 1180 2441 Ι,
1200 2406 1248 2433 11.
1275 2404 1384 2433 Ι1111611.
1403 2404 1444 2441 II,
1461 2404 1489 2433 5.
1515 2404 1602 2441 XIII,
1622 2406 1693 2434 184.
1746 2404 1800 2443 11)
1827 2404 1948 2433 antistes

114 2462 161 2504 γ1).
179 2463 249 2492 rell.
264 2462 465 2501 philosophus.
484 2463 577 2492 Plato
594 2463 715 2492 antistes
739 2462 902 2501 sapienciae
919 2463 1002 2492 Plin.
1021 2461 1090 2499 VII,
1111 2462 1162 2490 30.
1189 2462 1414 2499 philosophiae
1433 2461 1582 2490 Lactant.
1601 2462 1639 2499 V,
1656 2462 1684 2490 2.
1712 2462 1789 2490 iuris
1808 2461 1947 2496 Quintil.

114 2517 169 2557 XI,
198 2520 225 2557 1,
253 2521 305 2549 69.
335 2521 481 2550 iustitiae
507 2519 591 2551 Gell.
620 2520 703 2556 XIV,
730 2521 760 2548 4.
796 2520 875 2549 artis
902 2518 968 2548 Cic.
997 2518 1088 2549 Orat.
1115 2519 1139 2553 Ι,
1165 2519 1217 2547 46.
1250 2519 1370 2548 artium
1397 2517 1520 2548 Colum.
1546 2518 1601 2555 XI,
1632 2519 1658 2554 1,
1689 2519 1738 2547 10.
1766 2535 1806 2538 »-
1833 2517 1949 2547 Crator

115 2584 142 2617 γ,
167 2579 203 2605 ut
228 2576 422 2606 Lansdown.
448 2575 526 2607 Can.
554 2578 583 2606 2.
609 2576 694 2607 Butl.
723 2580 783 2607 etc.
810 2576 977 2607 chrantorc
1004 2575 1069 2617 Βφ,
1095 2576 1152 2604 alii
1170 2580 1205 2605 ut
1222 2575 1340 2605 Bernn.
1359 2574 1491 2605 BDEG.
1518 2574 1605 2603 Parr.
1624 2573 1656 2603 S.
1677 2575 1774 2604 8074.
1801 2574 1948 2604 Riceard.

120 2632 203 2661 1224
230 2642 311 2663 saec.
336 2633 425 2671 XIII,
452 2637 574 2664 cantor.
605 2632 748 2663 Cantore.
776 2634 846 2662 rell.
873 2643 934 2663 om.
967 2631 1107 2663 Crantor
1132 2650 1172 2652 —
1199 2633 1404 2671 dignitatem.
1473 2631 1528 2669 13)
1555 2632 1719 2669 palemone
1743 2632 1791 2673 γ1).
1820 2631 1874 2660 1116
1901 2634 1949 2660 est

118 2688 311 2720 REMMIVS
329 2690 583 2727 PALAEMON,
614 2700 707 2728 quem
734 2691 842 2719 quen.
870 2690 938 2723 VII,
956 2691 1018 2719 215
1045 2689 1160 2718 cloccum
1187 2693 1290 2719 uocat..
1318 2688 1372 2722 Vl,
1399 2690 1478 2725 4523
1510 2689 1712 2717 Palaemonis
1738 2692 1841 2717 ccv-tem.
1867 2688 1948 2717 conf.

119 2744 205 2776 Suet.
233 2745 373 2776 Graium.
402 2748 453 2776 23.
474 2765 513 2767 ι-
534 2748 679 2777 Scenocr.
708 2748 736 2776 b.
768 2746 917 2776 Scholam
935 2746 969 2776 C.
995 2747 1111 2775 scolam
1135 2756 1162 2788 γ,
1188 2746 1287 2776 scolas
1313 2746 1342 2774 b.
1368 2745 1399 2773 m
1424 2754 1459 2773 60
1484 2749 1609 2774 amatus
1636 2746 1690 2782 qui
1716 2745 1759 2782 pl.
1786 2745 1834 2786 yb.
1863 2744 1949 2783 (ideo

119 2802 286 2842 ——quod?)
300 2803 374 2832 adeo
387 2803 449 2833 fuit
463 2803 642 2839 adamatus,
660 2807 692 2833 ut
708 2805 740 2833 in
759 2803 848 2832 acad.
869 2813 956 2832 max.
974 2804 1065 2841 dign.
1083 2803 1121 2832 sit
1137 2807 1304 2833 assecutus
1319 2801 1355 2831 C.
1393 2802 1448 2839 14)
1468 2801 1650 2830 achademia
1667 2811 1692 2842 γ.
1711 2802 1898 2831 achadciniz'z
1916 2803 1947 2831 b.

122 2858 177 2897 15)
202 2859 265 2889 Cur
280 2878 320 2880 —
334 2861 473 2898 crisippo
498 2870 524 2901 γ.
551 2870 605 2890 cur
623 2878 661 2880 —
676 2860 811 2898 crispino
828 2861 858 2889 b.
885 2859 963 2898 quod
980 2860 1125 2889 Homerus
1151 2861 1236 2889 dixit
1254 2859 1440 2897 Chrysippo
1460 2857 1495 2887 C.
1526 2875 1549 2877 ψ
1567 2858 1703 2887 destinet
1730 2857 1880 2896 (excupet
1900 2859 1949 2888 in-

120 2916 239 2946 techum
257 2917 381 2955 teneat)
408 2926 435 2957 γ,
455 2920 489 2946 111
516 2917 551 2946 F.
574 2918 671 2946 6102.
690 2916 784 2945 Bern.
803 2917 842 2946 E.
861 2916 970 2947 Ambr.
990 2921 1021 2947 ct
1041 2917 1077 2952 Q.
1098 2918 1149 2947 75.
1168 2916 1245 2954 Sup.
1265 2926 1346 2946 saec.
1366 2915 1421 2944 XI.
1449 2918 1514 2944 uct.
1542 2914 1636 2943 Laur.
1665 2918 1726 2944 etc.
1752 2916 1788 2945 b:
1816 2915 1948 2945 detinet.

122 2971 199 3010 (occ.
225 2974 284 3003 int.
310 2972 418 3013 tefiat)
442 2974 491 3003 uel
514 2973 654 3003 destinet.
683 2974 834 3014 destinet,
873 2984 887 3003 s
914 2983 1023 3012 expu.,
1062 2974 1101 3003 A.
1128 2973 1255 3008 vcath
1280 2973 1430 3002 lemmate
1456 2975 1488 3001 et
1513 2971 1635 3001 scholio
1660 2976 1781 3001 carent.
1819 2972 1947 3002 distenet

124 3027 237 3059 Graeu.
257 3029 315 3068 (gl.
334 3030 477 3068 inpedit)
504 3040 527 3073 φ
552 3041 623 3060 cum
650 3030 777 3069 glossa:
804 3030 927 3068 aliquid
954 3035 984 3060 16
1010 3031 1156 3068 impedit.
1185 3017 1343 3065 distel-net,
1371 3038 1387 3058 e
1405 3037 1500 3066 expu.
1527 3038 1605 3057 corr.
1626 3028 1647 3065 i,
1665 3027 1701 3056 B.
1728 3028 1855 3058 distinet
1872 3038 1950 3066 pure

123 3084 209 3114 EHP
227 3085 315 3116 Sorb.
335 3087 374 3123 N,
401 3096 479 3116 corr.
506 3087 642 3123 detinet,
668 3086 761 3115 Bern.
783 3086 818 3115 C.
837 3086 891 3116 alii
909 3086 1023 3116 detinet.
1076 3087 1131 3125 16)
1158 3087 1314 3116 Destineo
1333 3104 1354 3105 η
1378 3094 1490 3122 separo
1516 3093 1542 3125 γ.
1561 3085 1628 3114 rell.
1650 3094 1710 3114 om.
1763 3086 1818 3124 17)
1845 3085 1950 3115 Schol.

123 3150 180 3171 om.
207 3146 238 3172 et
262 3142 335 3173 Aer.
363 3146 394 3173 61
420 3144 537 3182 Porph.
564 3144 700 3174 codices.
731 3153 751 3172 v
777 3147 807 3173 et
834 3142 861 3177 Q
887 3144 918 3172 in
944 3143 1080 3180 Acrone,
1105 3143 1158 3173 afh
1185 3144 1217 3172 in
1243 3143 1360 3180 Porph.
1386 3142 1518 3172 habent..
1546 3146 1631 3171 caret
1660 3151 1695 3171 eo
1721 3140 1745 3171 0
1771 3141 1933 3180 (Porph.).

1968 924 2003 955 10

1968 1292 2006 1325 15
