2148 3412
773 174 823 206 IN
848 174 984 207 SERM.
1009 174 1035 214 1,
1062 177 1092 206 9.
1802 164 1882 206 165

167 299 232 339 72.
265 297 329 338 73.
364 297 574 339 Hunccine
603 297 733 339 Solem
757 299 857 339 Tam
886 299 990 352 niyr.
1022 311 1131 339 surr.
1161 297 1280 339 mihi!
1336 296 1541 341 Horatius
1562 298 1677 349 dicit,
1721 300 1885 353 niqrum

56 386 104 413 ac
134 385 210 426 per
238 370 317 411 hoc
347 370 507 410 tristem
529 370 640 411 diem
662 370 743 412 sibi
763 370 978 420 inluxisse,
1012 370 1084 424 qui
1105 370 1149 411 in
1169 370 1293 411 istum
1315 370 1655 413 molestissimum
1677 372 1884 414 inciderit.

166 445 231 486 75.
263 452 299 485 et
329 458 405 499 quo
436 451 479 484 tu
511 452 618 500 turp.
677 442 973 494 Aduersarius,
1021 458 1115 485 cum
1146 442 1396 485 occurrisset
1428 444 1488 485 illi
1519 444 1759 500 inportuno,
1806 445 1886 487 hoc

56 517 93 559 ei
122 516 235 558 dicit.

167 591 230 631 76.
263 598 298 632 et
329 591 417 631 licet
449 591 669 631 antestari?
724 588 1010 631 Aduersarius
1053 588 1217 630 molesti
1261 588 1374 631 illius
1419 589 1643 632 Horatium
1690 591 1882 641 consulit,
1935 625 1940 632 .

56 677 109 705 an
139 662 362 717 permittat,
410 677 453 704 se
499 663 711 713 antestari,
759 662 912 704 iniecta
941 677 1070 704 manu
1101 669 1362 704 extracturus
1393 663 1446 704 ad
1476 671 1728 719 praetorem,
1774 664 1886 720 quod

55 735 293 777 uadimonio
328 750 411 777 non
448 737 647 790 paruerit.
723 734 792 777 De
823 736 902 777 hoc
934 741 1071 776 autem
1104 735 1198 791 lege
1229 734 1323 776 XII
1354 735 1591 778 tabularum
1635 737 1701 779 his
1744 737 1887 780 uerbis

55 814 219 850 cautum
251 815 333 850 est:

56 879 111 924 SI
138 880 201 923 IN
229 880 329 924 IVS
363 881 634 925 VOCASTI
662 882 726 924 NI
755 882 817 924 IT
849 880 1253 924 ANTESTAMIN
1284 880 1500 925 IGITVR
1539 882 1620 924 EN
1644 881 1887 926 CAPITO.

167 1083 201 1122 2)
227 1083 289 1112 sibi
314 1093 375 1113 om.
403 1083 464 1113 2G.
493 1084 597 1113 inlux.
624 1083 668 1113 M.
695 1102 737 1105 —
762 1083 841 1122 quin.
868 1084 921 1113 ist.
947 1083 990 1112 M.
1018 1083 1073 1121 qui
1095 1082 1126 1112 in
1152 1083 1204 1112 ist.
1230 1081 1472 1122 R(G?Q),vafl1.
1501 1102 1542 1105 —
1568 1085 1655 1115 illum
1681 1085 1815 1115 mollest.
1841 1086 1887 1116 fh.

55 1139 123 1169 rell.
147 1138 237 1169 istum
262 1140 384 1169 molest.
435 1141 468 1179 3)
495 1144 630 1178 tur-turp.
657 1140 701 1170 M.
728 1158 769 1161 —
795 1141 967 1171 occurrisse
991 1139 1035 1169 M.
1059 1140 1233 1169 accurrisse
1258 1140 1294 1170 R.
1322 1139 1403 1170 Cum
1430 1141 1554 1171 aduers.
1582 1143 1648 1171 afh.
1677 1141 1746 1171 Cum
1770 1153 1831 1172 om.
1856 1152 1887 1172 v.

56 1196 122 1225 rell.
147 1195 231 1225 Adu.
258 1206 339 1225 cum.
389 1196 424 1235 5)
452 1197 621 1226 molestius.
648 1197 738 1226 illius
763 1197 804 1226 M.
871 1196 905 1235 9)
934 1195 968 1225 Si
994 1196 1028 1225 in
1053 1196 1102 1225 ius
1127 1196 1256 1234 uocasti,
1282 1197 1316 1225 ni
1342 1198 1378 1234 it,
1405 1199 1599 1228 antestamin
1627 1199 1663 1237 (i.
1692 1209 1717 1228 e.
1744 1203 1888 1228 antesta-

54 1252 150 1291 mino)
168 1253 286 1291 igitur:
312 1262 352 1282 en
370 1254 486 1291 capito.
513 1252 566 1283 Sic
582 1254 740 1291 temptaui
759 1254 954 1283 constituere
970 1253 1031 1283 hoc
1047 1252 1264 1290 fragmentum
1282 1254 1317 1282 in
1335 1254 1557 1291 disputatione
1575 1256 1696 1285 critica.
1729 1256 1888 1286 Zeitschr.

55 1308 107 1339 fiir
130 1309 186 1338 das
213 1308 512 1348 Gymnasialwesen
540 1309 647 1339 Berol.
678 1311 774 1339 1864.
801 1309 919 1347 XVIII,
936 1311 953 1339 7
980 1319 1009 1347 p.
1026 1309 1102 1345 523,
1133 1312 1165 1338 et
1191 1309 1321 1347 quidem
1347 1319 1389 1339 ex
1417 1311 1456 1340 13
1483 1311 1646 1341 codicibus
1671 1322 1689 1341 a
1715 1317 1889 1342 memet——

55 1367 124 1405 ipso
149 1367 354 1404 examinatis,
392 1377 527 1406 quarum
551 1368 707 1397 lectiones
733 1368 852 1397 ibidem
877 1377 907 1405 p.
935 1367 1113 1396 512—514
1139 1366 1320 1395 accuratius
1346 1370 1495 1397 enotatae
1524 1368 1743 1398 inueniuntur.
1782 1369 1815 1397 M
1840 1368 1889 1407 (et

54 1427 118 1453 uet.
160 1423 263 1453 Ursini
286 1424 406 1461 codice,
444 1425 535 1454 cuius
561 1425 719 1454 lectiones
745 1425 857 1453 detexi
883 1424 1066 1462 adscriptas
1093 1423 1229 1460 editioni
1255 1423 1329 1452 Bas.
1359 1424 1443 1453 1555
1474 1424 1508 1453 in
1533 1424 1613 1454 Bibl.
1639 1425 1887 1465 Arqentlnenssp

56 1480 89 1510 Si
114 1481 148 1510 in
172 1481 219 1510 ius
245 1480 426 1519 (perperam
453 1480 498 1516 Q:
538 1481 602 1510 Sim
627 1481 692 1518 ius)
720 1481 880 1511 uocationi
906 1480 1237 1517 tantestaminigitur.
1274 1489 1310 1509 en
1336 1481 1443 1518 capito
1468 1482 1626 1510 antestari
1653 1486 1712 1512 est.
1749 1491 1788 1511 an
1814 1491 1890 1520 ergo

56 1541 226 1568 antestare.
254 1538 376 1568 scilicet
401 1542 573 1576 antequam
599 1547 727 1568 manum
753 1537 889 1576 (nanum
913 1538 962 1578 M)
988 1538 1114 1567 incitet.
1142 1535 1226 1575 fugit
1250 1537 1353 1566 lucius
1383 1541 1503 1567 tuscus.
1532 1539 1667 1568 seilicet.
1718 1538 1788 1576 Ego
1813 1548 1889 1568 uero

55 1604 176 1633 oppono
201 1594 387 1624 auriculam.
414 1594 455 1624 R:
483 1593 517 1624 Si
543 1595 577 1624 in
603 1595 651 1624 ius
676 1595 839 1625 uocationi
864 1595 1022 1624 antestari
1049 1594 1081 1623 in
1109 1593 1211 1632 igitur
1236 1602 1273 1622 en
1300 1594 1418 1631 capito.
1445 1597 1610 1624 antestare
1636 1599 1696 1625 est.
1734 1596 1787 1624 An
1814 1604 1890 1633 ergo

56 1655 224 1682 antestare.
252 1651 304 1681 Sic
329 1653 359 1681 2.
398 1650 433 1680 Si
458 1652 490 1680 in
517 1651 567 1681 ius
593 1652 756 1681 uocationi
783 1661 867 1682 omn.
904 1651 967 1681 mei
1004 1651 1096 1680 codd.
1136 1668 1176 1671 -—
1215 1648 1250 1679 Si
1274 1649 1330 1685 im,
1369 1659 1429 1679 orn.
1465 1651 1508 1687 in,
1546 1649 1686 1681 uocatifii
1724 1651 1890 1681 testamini

56 1706 231 1746 (perperam
259 1707 304 1742 Q:
331 1712 436 1738 uocat.
463 1709 649 1747 testamini)
674 1718 704 1737 v.
732 1708 765 1738 Si
791 1708 836 1737 uis
861 1709 1027 1738 uocationi
1053 1707 1221 1737 testamini
1247 1706 1314 1743 afh,
1348 1706 1432 1736 conf.
1458 1707 1625 1737 Turnebus
1650 1708 1737 1745 XIII,
1766 1710 1824 1737 ‘261
1863 1709 1890 1738 si

56 1765 104 1795 uis
128 1765 306 1802 uocationi,
332 1765 434 1803 igitur
457 1774 520 1794 rem
546 1766 653 1803 capito
679 1766 857 1802 antestar13
896 1766 980 1795 idem
1007 1765 1122 1802 serius,
1162 1763 1310 1801 Lipsium
1337 1767 1369 1792 et
1394 1762 1562 1793 Cuiacium
1589 1774 1740 1803 sequens:
1780 1764 1813 1794 Si
1839 1765 1889 1793 uis

57 1822 216 1852 uocationi
242 1825 431 1851 amtestatus
456 1831 576 1851 manum
612 1821 725 1851 iniicito
761 1831 864 1851 aurem
899 1821 1084 1851 amtestati
1119 1820 1235 1858 capito,
1273 1829 1309 1849 ac
1334 1820 1473 1858 denique
1510 1820 1642 1859 (XXIX,
1672 1822 1740 1859 14),
1776 1830 1889 1850 manus

56 1879 261 1908 iniectionem
286 1879 422 1908 tollens:
461 1878 496 1908 Si
521 1879 555 1908 in
581 1879 632 1909 ius
656 1882 752 1916 uocat,
777 1878 810 1907 ni
832 1878 864 1915 it,
892 1882 989 1908 testem
1014 1879 1145 1916 inigito,
1175 1866 1284 1906 aurem
1310 1878 1474 1906 amtestati
1500 1878 1617 1915 capito.
1663 1877 1808 1907 Maxime
1834 1878 1891 1907 he-

57 1935 141 1966 roica
163 1935 224 1964 huc
248 1936 389 1974 pertinet
413 1936 598 1965 coniectura
622 1935 754 1971 Ritteri,
781 1936 836 1973 qui
861 1939 958 1965 testem
982 1944 1001 1964 a
1025 1934 1173 1964 Turnebo
1199 1943 1328 1963 sumens
1362 1937 1393 1962 et
1419 1933 1530 1973 tangito
1562 1943 1580 1963 a
1598 1934 1757 1964 Salmasio
1782 1933 1835 1972 (Si
1858 1934 1890 1963 in

0 2020 1 2025 ,
57 1989 101 2020 ius
116 1994 210 2028 uocat,
235 1990 268 2020 ni
290 1991 314 2020 it
336 1992 404 2021 siue
428 1991 497 2027 itur,
523 1995 688 2021 antestatus
704 2001 824 2021 manum
839 1991 961 2027 ἰηίἰσίω,
996 2000 1100 2021 aurem
1117 1990 1254 2020 antestati
1269 1989 1393 2029 tanyito)
1413 1990 1459 2019 sic
1477 1990 1618 2020 scribere
1635 1992 1758 2021 uoluit:
1786 1990 1823 2020 Si
1844 1990 1891 2019 ais

0 2076 1 2081 ,
57 2045 202 2076 ιιοεαίῖοπί
225 2050 331 2083 testem,
362 2057 428 2076 eam
451 2046 562 2086 tan-(sito
586 2047 661 2076 endo
684 2047 791 2086 capite.
820 2048 927 2078 Verba
954 2047 989 2077 Si
1011 2047 1043 2077 in
1066 2047 1112 2076 ius
1134 2051 1223 2076 uocat
1246 2056 1287 2076 ex
1313 2046 1386 2075 aliis
1412 2045 1557 2076 fontibus
1585 2045 1666 2085 (Cic.
1692 2047 1793 2085 Legg.
1811 2047 1853 2084 ΙΙ,
1871 2048 1890 2076 4

0 2125 2 2128 ,
59 2105 90 2132 et
114 2101 195 2132 Gell.
222 2103 262 2134 N.
288 2102 328 2132 A.
354 2103 440 2141 XXI,
470 2103 503 2142 1)
530 2103 668 2133 fluxisse
693 2104 856 2134 uidentur.
884 2103 993 2134 Carrio
1019 2104 1148 2142 quidem
1174 2103 1283 2141 refert,
1314 2104 1482 2141 ‘optimum
1508 2104 1625 2133 librum
1650 2105 1725 2133 uet.’
1752 2105 1889 2133 habere:

59 2157 94 2188 Si
118 2158 150 2187 in
176 2159 225 2189 ius
250 2163 354 2195 uocat,
382 2160 415 2189 ni
442 2160 475 2197 it,
502 2163 696 2195 antestator‚·
722 2160 823 2198 igitur
847 2170 886 2190 en
903 2161 1031 2199 capito3
1061 2164 1095 2190 at
1110 2170 1187 2191 uero
1204 2159 1426 2199 Porphyrionis
1451 2161 1577 2190 codices
1594 2161 1657 2190 mei
1674 2170 1775 2199 neque
1793 2164 1889 2197 uocat,

60 2223 160 2254 neque
182 2215 216 2245 ni
238 2214 271 2253 it,
308 2225 410 2254 neque
435 2220 598 2246 antestator
623 2217 752 2246 habent.
781 2235 823 2238 —
859 2217 1052 2247 antestamin
1076 2217 1110 2246 M
1134 2217 1225 2248 Rom.
1250 2218 1324 2247 Vat.
1354 2218 1449 2248 1518.
1478 2222 1509 2247 et
1535 2217 1720 2248 chisianus.
1746 2220 1892 2246 antesta-

59 2271 135 2301 mini
156 2271 250 2301 Bern.
279 2272 328 2309 ,A'
355 2272 519 2310 (Danielis
545 2273 627 2312 ille).
653 2273 802 2303 testamini
825 2274 898 2303 Vat.
927 2273 1082 2303 Ottobon.
1108 2274 1204 2303 Bern.
1233 2275 1250 2302 2
1277 2279 1308 2304 et
1334 2275 1417 2304 Flor.
1444 2274 1529 2303 Ricc.
1557 2275 1630 2306 654.
1666 2274 1821 2304 testaniin
1847 2274 1890 2311 ig.

61 2325 99 2357 G.
125 2329 282 2357 antestari
304 2328 336 2357 in
361 2330 404 2367 ig.
432 2329 458 2358 R
481 2329 597 2359 Urbin.
624 2330 709 2359 Flor.
736 2330 830 2359 Laur.
859 2334 891 2360 et
914 2330 1058 2359 Riccard.
1086 2331 1149 2358 628
1177 2334 1208 2359 etv
1232 2331 1305 2360 Vat.
1332 2332 1418 2360 3315
1457 2330 1640 2371 (contestari
1666 2331 1698 2360 in
1724 2329 1797 2368 ign).
1825 2329 1892 2359 An-

4 2400 7 2425 ι,
59 2384 226 2413 testamino
252 2385 372 2423 primus
398 2386 534 2416 induxit
558 2386 610 2415 Fr.
636 2386 809 2416 Pithoeus:
847 2386 881 2416 Si
908 2387 942 2416 in
968 2387 1018 2416 ius
1043 2389 1150 2422 uocat,
1186 2387 1220 2415 ni
1247 2386 1283 2422 it,
1321 2388 1526 2424 antestamino,
1564 2388 1719 2417 omittens
1745 2386 1892 2424 legitima

6 2474 7 2485 γ
61 2440 154 2470 uerba
177 2440 266 2480 iyitzm·
289 2451 325 2471 en
349 2442 457 2480 capito,
485 2446 657 2472 serum-unt
675 2446 772 2481 atque
798 2443 870 2472 add.
889 2443 934 2473 Io.
954 2442 1188 2479 Gothofredus‚
1213 2442 1357 2480 Idsinga,
1384 2442 1551 2480 Funccius,
1579 2444 1707 2473 Locella
1735 2446 1763 2472 et
1792 2452 1893 2480 nuper

6 2492 8 2533 ¹,
62 2495 88 2526 Ο
112 2496 267 2527 Mullerus
285 2497 341 2536 (—
362 2516 399 2519 —
419 2508 463 2528 em
488 2500 623 2538 capito).
651 2498 684 2528 Si
710 2500 743 2528 in
770 2500 819 2529 ius
845 2504 948 2536 uocat,
974 2499 1024 2531 ito.
1051 2500 1092 2528 Ni
1118 2500 1152 2536 it,
1179 2498 1350 2536 testandum
1378 2499 1479 2537 igitur
1504 2509 1552 2529 em
1578 2501 1694 2537 capito.
1721 2499 1890 2529 Heindorf.

6 2539 9 2548 Ι
61 2551 303 2584 Unterholzner.
342 2555 505 2584 Haubold.
567 2556 610 2584 Ito
645 2556 777 2585 uerbum
817 2556 974 2594 singulari
1018 2556 1195 2584 tenacitate
1232 2557 1434 2585 retinuerunt
1470 2555 1599 2593 plurimi
1638 2556 1716 2584 iuris
1753 2556 1892 2585 consulti

63 2608 135 2638 inde
159 2611 198 2640 ab
223 2610 343 2640 Ursino
368 2615 400 2640 et
424 2611 570 2648 Pithoeo,
608 2612 633 2641 Ι.
661 2611 862 2642 Gothofredo
890 2616 921 2641 et
947 2611 1080 2641 Cuiacio
1105 2621 1207 2649 usque
1233 2612 1273 2640 ad
1298 2610 1593 2641 Unterholznerum
1621 2615 1651 2640 et
1676 2611 1891 2648 Hauboldum,

62 2664 137 2695 licet
159 2675 259 2704 neque
284 2668 483 2704 probandum
509 2677 612 2705 neque
638 2668 855 2697 necessarium
881 2669 935 2697 sit.
963 2667 996 2697 Si
1022 2668 1053 2697 in
1079 2672 1184 2703 uocat,
1212 2668 1244 2696 ni
1270 2672 1330 2705 eat,
1368 2678 1497 2697 manum
1523 2668 1641 2704 inicito,
1678 2667 1812 2705 encaptto
1837 2676 1892 2696 an-

10 2757 11 2764 *
63 2723 183 2751 testari.
211 2721 357 2753 Citiacins.
384 2724 467 2753 Huic
492 2724 672 2753 consimilis
700 2728 747 2753 est
772 2725 856 2753 ratio
884 2722 1070 2761 Charondae,
1097 2724 1151 2761 qui
1177 2724 1225 2753 bis
1250 2725 1416 2762 antiquam
1442 2724 1693 2762 praepositionis
1709 2723 1740 2751 in
1758 2724 1892 2753 formam

10 2769 12 2807 l
64 2775 253 2814 introduxit,
280 2780 378 2809 etiam
404 2781 436 2809 in
461 2781 533 2809 aliis
560 2781 686 2819 legibus
705 2780 775 2809 XII.
795 2780 896 2809 Tabb.
923 2779 1066 2809 obuiam:
1094 2779 1128 2809 Si
1155 2782 1188 2808 in
1215 2781 1264 2809 ius
1290 2790 1395 2817 uocas,
1421 2781 1453 2810 ni
1480 2781 1514 2817 it,
1541 2789 1669 2809 manum
1694 2780 1768 2808 endo
1791 2779 1891 2816 iacito,

66 2832 157 2870 igitur
180 2835 252 2864 endo
276 2836 373 2874 capito
397 2838 565 2866 antestari.
592 2837 789 2866 Particulam
815 2835 906 2875 ἐρίων
931 2837 1124 2866 auctoritate
1150 2837 1290 2866 omnium
1318 2837 1409 2866 codd.
1437 2840 1466 2865 et
1494 2840 1574 2866 uett.
1596 2836 1667 2864 edd.
1687 2836 1766 2866 satis
1784 2845 1893 2874 super-

66 2898 123 2927 que
146 2893 301 2922 munitam
326 2894 412 2922 haud
440 2894 532 2931 pauci
559 2895 755 2923 abiecerunt.
784 2894 867 2922 inter
893 2903 971 2930 quos
999 2892 1162 2929 Cuiacius,
1189 2893 1340 2928 Ursinus,
1368 2893 1544 2921 Salmasius
1571 2897 1602 2921 et
1619 2902 1719 2930 nuper
1737 2892 1891 2922 Ritterus.

12 2930 15 2960 ἱ
66 2944 218 2983 Equidem
243 2958 352 2978 uocem
376 2949 468 2988 iyitur
493 2959 564 2979 cum
588 2949 783 2979 antestanzino
808 2949 1063 2986 coniungendam
1088 2951 1226 2979 arbitror
1251 2954 1292 2984 et,
1319 2953 1404 2978 teste
1429 2949 1523 2978 Festo
1541 2959 1565 2979 s.
1585 2960 1626 2984 u..
1652 2959 1722 2978 cum
1748 2950 1892 2987 antiquis

67 3009 119 3039 pro
143 3007 200 3032 tum
225 3005 454 3042 accipiendam.
504 3006 568 3035 Alii
594 3007 634 3035 ad
660 3006 721 3035 duo
747 3010 892 3034 extrema
916 3005 1091 3043 fragmenti
1122 3008 1226 3036 nostri
1251 3007 1350 3035 uerba
1376 3015 1443 3035 eam
1469 3006 1638 3036 uoluerunt
1664 3006 1760 3043 trahi,
1798 3015 1891 3035 uoca-

14 3096 17 3103 ,
67 3057 173 3088 bulum
198 3069 232 3089 en
257 3066 312 3090 aut
337 3069 392 3099 pro
417 3072 461 3090 em
487 3063 556 3091 siue
581 3062 621 3092 im
640 3063 660 3091 i.
680 3072 705 3091 e.
732 3072 796 3090 eum
821 3063 958 3099 positum
986 3063 1154 3092 tradentes
1181 3066 1236 3091 aut
1262 3072 1331 3090 cum
1357 3062 1455 3100 capito
1480 3063 1722 3099 coniungentes,
1748 3067 1782 3091 ut
1807 3067 1892 3091 esset

15 3112 17 3115 '
66 3111 191 3152 incipito,
230 3126 272 3145 sc.
298 3119 467 3147 antestari.
506 3118 591 3147 iilud
625 3123 767 3156 egerunt,
798 3119 852 3156 qui
890 3119 1016 3156 decepti
1054 3119 1218 3148 infinitiuo
1254 3118 1411 3154 antestari,
1449 3128 1542 3156 quem
1579 3119 1700 3156 primus
1740 3117 1848 3147 Carrio
1873 3128 1891 3148 a

16 3197 18 3212 ,
67 3167 243 3208 fragmento
268 3177 431 3212 tamquam
449 3175 639 3213 superfluum
667 3176 928 3204 additamentum
954 3175 1075 3204 abiecit
1099 3178 1195 3212 atque
1221 3175 1432 3212 sequentibus
1459 3175 1565 3204 uerbis
1591 3175 1757 3212 adiunxit,
1784 3175 1890 3204 uarias
