2148 3412
793 99 842 132 IN
867 99 1011 135 EPIST.
1036 100 1082 140 11,
1110 103 1138 132 1.
1798 88 1879 129 529

164 225 230 266 40.
269 226 402 276 Quid?
429 226 498 280 qui
526 225 700 280 deperiit.
760 223 856 266 Hoc
887 223 1092 266 Horatius
1123 238 1173 265 ex
1204 238 1383 278 persona
1414 238 1488 265 sua
1519 223 1632 264 dicit.

167 300 233 342 41.
265 307 479 340 veteresne.
540 297 695 339 Bonos.

162 374 229 413 42.
262 375 325 414 An
357 387 453 428 quos
486 380 519 413 et
541 386 738 428 praesens
770 380 805 412 et
831 380 994 426 postera
1025 380 1191 427 respuat
1220 381 1339 413 aetas.
1400 370 1540 412 Malos
1572 370 1742 412 scilicet.

160 447 227 487 43.
260 446 338 487 Iste
369 446 528 502 quidem
557 453 714 486 ueteres.
774 443 872 486 Hoc
903 458 954 486 ex
985 444 1068 486 alia
1098 459 1290 499 persona.

161 520 227 561 45.
263 520 360 561 Utor
385 521 590 574 permisso.
650 517 720 558 Ex
751 532 826 559 sua
857 518 1090 573 (persona).

159 594 226 634 45.
258 594 324 634 46.
359 593 588 648 caudaeque
616 593 718 648 pilos
748 600 793 632 ut
823 593 988 646 equinae
1019 592 1221 633 Paulatim
1252 592 1369 634 uello.
1427 591 1478 632 Id
1510 598 1584 641 est,
1617 590 1818 647 singulos.

159 667 225 707 47.
256 666 364 707 Dum
396 666 517 707 eadat
544 666 679 706 elusus
709 673 785 706 rat.
819 679 881 706 ru.
915 680 974 707 ae.
1049 664 1232 706 Tamdiu
1263 665 1452 721 singulos
1482 680 1614 706 annos
1645 665 1875 714 detraham,

47 739 179 781 donec
211 739 412 794 paulatim
444 738 648 780 subducto
679 752 832 779 aceruo
862 738 1027 779 numeri
1062 738 1298 794 decipiatur
1319 738 1470 789 elusus,
1504 738 1575 793 qui
1597 739 1650 779 ad
1671 753 1875 779 summam

45 820 281 869 temporum
311 820 481 855 reuocat
511 819 669 868 poetas,
702 818 742 852 et
771 812 850 853 hoc
880 811 1020 853 uincet
1050 811 1118 853 uel
1149 812 1193 853 in
1225 812 1444 867 augendis,
1476 812 1544 853 uel
1571 812 1616 852 in
1637 811 1875 852 minuendis

46 888 219 929 aceruis.

156 962 222 1003 48.
256 962 324 1016 qui
350 961 454 1002 redit
484 960 537 1001 acl
563 960 701 1013 fastos.
765 956 851 1010 Qui
882 973 958 1013 per
990 958 1180 1000 consules
1212 974 1415 999 annorum
1448 958 1607 1014 colligit
1639 972 1871 999 numerum.

155 1036 221 1075 49.
253 1036 513 1091 Miraturque
543 1033 652 1075 m'lzil.
712 1031 769 1073 Et
798 1031 872 1086 qui
902 1032 1007 1072 nihil
1038 1032 1194 1082 laudat,
1241 1032 1321 1074 nisi
1353 1032 1464 1087 quod
1495 1032 1648 1073 elatum
1679 1031 1805 1072 fuerit
1835 1038 1875 1072 et

45 1107 265 1164 sepultum.
344 1107 457 1149 Mire
490 1122 591 1163 crgo
623 1107 781 1148 dictum
813 1113 853 1146 et
881 1106 1015 1147 facete
1052 1107 1219 1148 Libitina
1250 1114 1290 1147 et
1320 1107 1512 1155 sacram't,
1545 1105 1666 1160 quasi
1697 1105 1749 1147 ab
1782 1105 1873 1160 ipso

43 1183 196 1224 feretro
226 1181 540 1223 uenerationem
572 1179 783 1235 acceperit
814 1186 949 1234 poeta.

155 1257 220 1298 51.
254 1257 319 1298 52.
353 1257 495 1297 leuiter
527 1269 674 1296 curare
704 1255 867 1295 uidetur
893 1254 980 1304 Quo
1006 1268 1139 1310 prom.
1173 1255 1260 1295 cad.
1293 1262 1328 1295 el
1358 1268 1482 1295 somn.
1514 1254 1628 1310 Pyth.
1691 1251 1874 1293 Securus

42 1330 125 1371 iam
157 1329 208 1370 de
238 1335 447 1384 prouentu
478 1343 576 1370 suae
607 1327 744 1369 laudis
776 1334 838 1368 est
867 1326 1045 1377 Ennius,
1081 1334 1255 1382 propter
1286 1342 1410 1382 quam
1445 1326 1579 1382 [ante]
1613 1333 1652 1367 et
1674 1326 1875 1367 sollicitus

44 1402 208 1461 [fuerat.
268 1402 453 1459 Ennius]
486 1402 530 1443 in
561 1401 774 1457 principio
804 1399 1038 1442 Annalium
1070 1416 1242 1442 suorum
1289 1400 1450 1442 somnio
1496 1414 1539 1441 se
1586 1399 1752 1454 scripsit
1799 1399 1873 1440 ad-

41 1477 257 1527 monitum,
291 1476 403 1531 quod
434 1475 663 1518 secundum
684 1474 955 1530 Pythagorae
987 1475 1142 1531 dogma
1173 1475 1314 1516 anima
1344 1474 1524 1515 Homeri
1555 1474 1598 1514 in
1630 1489 1748 1515 suum
1781 1488 1873 1514 cor—

41 1566 119 1607 pus
148 1550 343 1592 uenisset.
411 1549 567 1591 Facete
599 1557 736 1590 autem
768 1551 921 1590 somma
952 1550 1207 1606 Pytlzaqorea
1237 1549 1355 1599 dixit,
1386 1555 1430 1590 ut
1460 1549 1599 1603 ipsum
1631 1547 1756 1588 etiam
1786 1546 1873 1602 Py-

42 1625 263 1681 thagoram
311 1639 405 1666 cum
451 1639 524 1665 sua
570 1623 923 1678 metempsychosi
958 1623 1096 1664 ridere
1142 1623 1337 1664 uideatur
1348 1639 1357 1672 3
1406 1624 1547 1664 leuiter
1593 1635 1763 1664 curare:
1808 1629 1905 1662 se-‘

42 1713 164 1741 curus
195 1713 297 1740 esse.

154 1774 219 1814 52.
256 1774 345 1824 Quo
361 1773 565 1829 promissa
589 1772 749 1813 eadam.
812 1769 951 1823 Quem
974 1785 1212 1812 successum
1243 1770 1445 1819 habeant3
1478 1769 1699 1811 ostendere
1729 1776 1868 1810 autem

40 1846 142 1897 uult,
174 1846 263 1888 sine
296 1846 540 1887 difficultate
572 1852 717 1901 poetas
747 1850 910 1886 ueteres
941 1844 1074 1885 solere
1106 1844 1283 1884 laudari.

153 1922 306 1962 somnia
342 1920 605 1977 Pytha-(Jeme.
665 1918 789 1960 Libri
821 1916 1066 1959 Annalium.

153 1994 217 2036 55.
251 1994 316 2035 56.
348 1994 573 2048 Ambe'qe'lur
604 1994 780 2048 quotiens
810 2000 900 2034 uter
938 2001 1030 2033 utro
1073 1993 1123 2033 sit
1162 1993 1291 2048 prior,
1339 1992 1476 2045 aufert
1519 1992 1723 2032 Pacum'us
1770 1992 1876 2033 (loeti

40 2067 193 2121 famam
224 2069 338 2109 senis.
401 2065 510 2108 Cum
542 2066 785 2122 ambigitur,
817 2073 909 2107 uter
940 2065 993 2107 sit
1022 2065 1152 2120 prior,
1200 2065 1346 2106 ambos
1375 2064 1532 2105 laudat.
1592 2064 1702 2105 Nam
1736 2066 1870 2106 Pacu-

40 2142 132 2183 uius
160 2142 314 2195 samam
346 2142 452 2183 (loeti
478 2141 625 2190 aufert,
659 2148 784 2194 atque
817 2140 1085 2194 consequitur
1117 2142 1264 2181 Accius
1297 2140 1379 2187 alti,
1420 2145 1466 2179 ut
1499 2137 1735 2193 Sophoclis,
1781 2136 1870 2178 Ae-

41 2215 185 2270 schyli,
216 2214 451 2270 Euripidis,
485 2215 555 2270 qui
578 2214 756 2255 dicendo
777 2214 860 2255 sint
890 2214 974 2254 alti.
1037 2215 1120 2255 Alc'z'
1138 2214 1198 2255 sic
1219 2213 1445 2268 accipiunt,
1482 2219 1696 2266 tamquam
1728 2211 1871 2253 senilis

41 2288 231 2330 doctrina
262 2298 301 2330 et
332 2289 468 2344 gloria
499 2288 764 2330 adscribatur
793 2287 997 2337 Pacuuio,
1039 2286 1174 2329 Accio
1206 2302 1305 2328 uero
1338 2286 1511 2326 altitudo
1543 2285 1704 2340 ingenii
1737 2285 1868 2325 subli-

41 2362 244 2418 mitasque
274 2363 511 2405 uerborum.
587 2362 659 2403 An
690 2361 814 2404 ambo
844 2363 1000 2403 famam
1032 2368 1321 2410 consecuntur,
1368 2359 1472 2400 alter
1503 2359 1620 2409 docti,
1667 2359 1771 2399 alter
1800 2360 1867 2400 altz

41 2436 439 2493 tragoediographi?

155 2602 188 2643 1)
214 2605 336 2634 oratius
362 2604 404 2633 M.
455 2603 490 2641 4)
518 2604 603 2632 Istae
626 2603 669 2640 M,
720 2603 753 2641 6)
781 2602 818 2631 Id
838 2606 887 2631 est
905 2611 964 2632 om.
984 2600 1030 2629 fh.
1080 2601 1115 2640 S)
1143 2601 1258 2631 elusus.
1289 2600 1347 2634 Qui
1370 2599 1464 2639 redit]
1494 2599 1554 2634 Qui
1582 2600 1670 2628 vafh.
1691 2601 1730 2629 ad
1748 2610 1872 2630 summa

41 2663 184 2699 tempora
207 2660 390 2698 R2G,vafh.
417 2661 458 2689 ad
485 2669 639 2689 summam
666 2663 801 2697 tempor.
829 2658 907 2697 (sic)
934 2658 977 2687 M.
1039 2658 1073 2696 9)
1099 2657 1270 2696 iungendis
1295 2658 1338 2686 M.
1365 2658 1417 2686 uel
1454 2657 1615 2694 iugandis,
1655 2667 1713 2686 om.
1752 2658 1794 2693 in,
1833 2657 1869 2686 R.

40 2718 92 2746 uel
117 2718 301 2747 minuendis
329 2719 358 2747 2.
412 2718 467 2755 12)
493 2717 533 2746 Et
557 2717 609 2754 qui
636 2716 679 2745 M.
708 2720 738 2745 et
762 2715 843 2754 quod
865 2715 900 2745 R.
927 2715 993 2744 rell.
1019 2714 1056 2743 Id
1079 2719 1121 2744 est
1145 2716 1208 2754 qui.
1236 2732 1277 2736 ——
1304 2716 1366 2743 nisi
1393 2715 1476 2752 quod
1502 2715 1661 2751 sepultum
1688 2717 1734 2742 est
1761 2718 1791 2742 et
1817 2714 1870 2742 (le-

41 2773 186 2804 functum
210 2785 246 2804 ae
271 2785 328 2813 per
352 2775 413 2804 hoc
439 2775 609 2812 antiquum
634 2773 696 2814 Βφ.
749 2773 804 2811 13)
831 2777 858 2801 et
881 2783 942 2801 om.
969 2773 1023 2801 afh
1050 2772 1161 2811 (Hor.)
1224 2771 1280 2809 15)
1307 2770 1373 2800 See.
1402 2775 1448 2799 est
1476 2772 1504 2800 2.
1569 2771 1624 2809 16)
1651 2780 1728 2799 suae
1753 2780 1813 2800 om.
1842 2771 1870 2799 2.

41 2831 124 2865 1aud.
151 2841 226 2861 suae
250 2831 341 2861 vafh.
370 2849 409 2852 —
435 2835 464 2860 et
489 2831 557 2860 soll.
585 2830 627 2858 M.
654 2829 724 2858 rell.
751 2834 834 2858 ante.
860 2828 968 2858 fuerat
992 2829 1115 2858 Ennius
1141 2838 1202 2858 om.
1228 2827 1353 2857 MR-2G.
1421 2828 1476 2866 19)
1504 2831 1530 2856 et
1554 2828 1649 2866 Pyth.
1676 2826 1762 2856 vafh.
1812 2828 1869 2866 20)

42 2889 256 2927 Pythagoram
282 2898 339 2917 sua
363 2888 476 2917 sibimet
499 2892 653 2925 metemps
680 2886 772 2915 MR2.
798 2886 867 2915 rell.
894 2895 959 2915 cum
984 2896 1040 2915 sua
1064 2890 1228 2923 metemps.
1256 2902 1295 2905 ψ*
1322 2884 1430 2913 uidere
1455 2884 1521 2912 uid.
1556 2883 1681 2912 MRQG.
1709 2882 1871 2926 μετεμψυ-

41 2942 138 2988 χώσει
162 2946 208 2975 fh.
259 2946 315 2983 22)
343 2944 481 2975 ostendit
505 2944 581 2974 euim
606 2945 674 2973 sine
700 2943 764 2972 afh,
831 2943 887 2981 23)
914 2946 978 2972 uet.
1004 2953 1055 2981 po.
1082 2944 1149 2972 afh.
1217 2942 1273 2980 25>
1302 2941 1431 2970 Lemma
1458 2941 1488 2969 iu
1516 2940 1577 2968 MR
1603 2941 1688 2969 exit:
1723 2941 1872 2979 pacuuius

42 3001 145 3039 doctis,
171 3011 232 3032 om.
248 3001 373 3041 samam
396 3002 485 3031 senis.
552 3002 609 3040 26)
635 3004 707 3030 utro
733 3000 804 3029 MR.
831 2999 917 3029 ambo
941 3000 1012 3029 MR.
1042 3018 1081 3021 ---
1109 2999 1170 3029 Sed
1195 3008 1306 3037 pacuu.
1337 2998 1366 3026 2.
1399 2996 1496 3027 doctis
1520 2996 1591 3025 MR.
1658 2997 1713 3035 27)
1740 3007 1869 3036 conseq.

44 3059 201 3096 sophoclis
227 3058 294 3088 acci
318 3059 461 3097 aeschyli
487 3076 527 3078 —
555 3058 619 3086 sint
644 3057 698 3086 alii
725 3058 770 3086 sic
794 3056 836 3085 M.
863 3057 1020 3094 sophoclis
1047 3058 1109 3092 acti
1136 3056 1263 3093 (expu.)
1293 3054 1357 3084 Atti
1382 3054 1416 3084 R.
1443 3054 1534 3091 soph.
1559 3053 1635 3082 accii
1660 3055 1689 3082 2.
1740 3054 1796 3092 28)
1823 3055 1871 3083 di-

44 3115 142 3145 cendo
166 3114 325 3145 MRA2G.
352 3116 418 3144 rell.
446 3124 506 3144 om.
535 3115 589 3152 qui
615 3117 682 3143 ante
707 3114 782 3143 sint.
808 3112 873 3142 Alii
898 3123 928 3143 v.
955 3113 1009 3152 qui
1035 3113 1094 3142 alti
1119 3113 1196 3142 sint.
1223 3111 1290 3142 Alii
1315 3110 1381 3142 afh.
1410 3128 1450 3131 —-
1477 3109 1584 3140 senilis
1609 3110 1701 3139 ΒΑΜ
1728 3110 1869 3151 (selinis)

175 3180 334 3206 HAUTHAL,
351 3180 419 3201 ACR,
435 3180 475 3201 ΕΤ
491 3179 604 3200 ΡΟΒΡΗ.
621 3178 650 3200 11.
1566 3181 1599 3207 34

1901 891 1941 922 10

1902 1258 1941 1288 15

1868 2359 1936 2390 ‘30
