2148 3412
840 105 888 136 IN
914 104 1049 137 SERM.
1075 105 1119 144 Π,
1145 110 1177 138 3.
1843 95 1922 135 257

207 230 300 272 219.
337 230 473 281 Quid?
500 230 538 271 si
563 231 661 285 quis.
720 227 1036 285 Argumentum
1065 243 1089 270 a
1118 229 1284 271 minori.

206 304 299 345 220.
331 318 378 345 ne
411 304 574 345 dz’oeeri's.
633 301 698 344 Ne
729 303 858 352 dicas,
905 303 1005 357 quia
1036 318 1161 344 sanus
1206 310 1265 345 est
1311 303 1408 345 iste.
1485 302 1621 356 Quasi
1665 304 1768 345 haec
1813 304 1925 345 dicat

32 430 34 438 Ι
94 377 389 434 Agamemnon
420 376 446 417 i.
478 391 512 418 e.
544 376 711 417 ueritati
743 376 964 418 contraria.
1027 375 1114 417 Sed
1144 376 1223 418 hoc
1254 383 1323 418 aut
1355 377 1430 419 ille
1476 377 1592 428 dicit,
1639 377 1710 432 qui
1755 378 1925 420 insanos

93 450 259 501 adserit,
291 457 362 491 aut
392 449 596 504 plebeius.

204 525 296 565 221.
330 525 400 579 qui
416 524 646 565 sceleratus.
709 521 906 564 Crudelis
937 522 1178 573 ambitione,
1215 524 1287 578 qui
1319 523 1487 565 ducitur
1518 524 1760 575 ambitione,
1792 525 1827 567 is
1858 525 1922 565 in-

95 613 217 641 sanus
249 604 320 639 est.

202 672 295 713 222.
327 672 379 713 Ec
406 672 600 726 furiosus.
661 669 750 711 Aut
780 670 833 710 ad
864 669 1140 720 iracundiam,
1173 677 1242 711 aut
1274 671 1327 711 ad
1360 671 1570 713 desideria
1598 672 1803 714 honorum
1824 687 1921 728 per-

91 746 203 788 tinet.
263 747 394 787 uitrea
425 746 549 799 fama.
611 742 804 786 Studium
836 743 1090 794 ambitionis,
1120 744 1287 800 fragilis
1308 750 1347 786 et
1368 745 1511 800 inepta
1534 746 1646 787 fama
1666 746 1921 788 ambitionis.

90 821 232 862 nitrea.
292 817 343 859 Id
374 825 448 868 est,
480 817 656 873 fragilis.
719 816 878 859 Sensus
909 818 1031 873 (est):
1072 817 1197 869 Eum,
1251 818 1321 873 qui
1352 820 1490 861 famae
1521 819 1689 870 seruiat,
1735 820 1921 862 insanire

91 893 201 943 dicit,
233 892 354 934 sicuti
385 890 618 933 Bellonarii
648 890 826 933 lacertos
857 891 1137 946 humerosque
1168 892 1407 934 concidunt.

202 967 294 1008 223.
328 967 479 1007 circum
511 966 647 1006 lonm'l.
706 964 922 1006 Percussit
951 965 995 1006 in
1024 965 1229 1007 furiosum
1261 972 1298 1007 et
1331 965 1591 1007 sceleratum.

202 1041 389 1082 eruentis.
449 1038 538 1080 Aut
576 1038 700 1080 rebus
737 1046 806 1081 aut
847 1039 997 1095 plagis.
1060 1038 1285 1080 Absolute:
1334 1054 1440 1094 quae
1484 1041 1680 1095 sanquine
1726 1039 1920 1090 laetatur,

93 1115 267 1158 cruentis
297 1114 489 1169 qaudens.

202 1189 294 1229 224.
325 1187 446 1230 Nunc
477 1202 561 1241 aye,
595 1188 806 1228 luoeum'mn
838 1196 872 1228 e!
902 1187 1084 1229 Noment.
1146 1186 1267 1227 Dixit
1298 1186 1339 1227 in
1373 1201 1536 1237 auaros,
1569 1187 1722 1229 deinde
1754 1187 1797 1227 in
1829 1202 1920 1228 aln—

90 1261 258 1304 bitiosos
288 1275 400 1303 nunc
430 1260 663 1302 luxuriosos
674 1276 683 1309 3
715 1260 803 1301 uult
835 1260 947 1301 enim
978 1260 1104 1301 etiam
1125 1260 1200 1302 hos
1221 1260 1390 1302 insanos
1412 1260 1565 1303 dicere.
1614 1262 1919 1304 Nomentanum.

89 1334 372 1377 Luxuriosum
404 1334 626 1390 quendam.

200 1409 337 1466 adripe
367 1423 533 1450 mecum.
593 1406 677 1448 Aut
712 1407 842 1448 uerba
865 1405 1056 1449 Stertinii
1087 1410 1213 1451 refert
1235 1408 1541 1464 Damasippus,
1574 1415 1643 1450 aut
1665 1422 1716 1450 ex
1737 1423 1919 1464 persona

88 1483 175 1525 eius
205 1498 298 1525 cum
320 1482 500 1525 Horatio
522 1481 813 1537 Damasippus
845 1481 1069 1539 loquitur[:
1102 1483 1224 1526 Nunc
1256 1498 1293 1524 α.
1325 1483 1383 1539 l.].
1436 1481 1559 1524 Nunc
1594 1482 1768 1539 [inquit]
1801 1482 1920 1524 uide-

88 1572 216 1608 amus,
261 1564 399 1598 utrum
430 1556 598 1598 luxuria
630 1571 711 1597 non
743 1554 894 1596 habeat
926 1555 1155 1596 stultitiam.
1228 1556 1394 1612 [Arrz'pe
1440 1563 1508 1598 aut
1555 1556 1609 1597 ad
1654 1555 1918 1598 iracundiam

87 1638 154 1673 aut
184 1631 238 1672 ad
269 1630 478 1673 desideria
509 1631 715 1672 honorum
748 1628 963 1685 pertinet]

198 1706 289 1747 225.
330 1705 463 1746 Vincet
492 1705 594 1745 em'm
626 1704 767 1745 stultos
796 1704 913 1744 ratio.
982 1702 1124 1745 Vincet.
1156 1701 1375 1744 Probabit.
1436 1702 1545 1744 Nam
1579 1702 1776 1759 probabit
1799 1703 1918 1752 ratio,

87 1779 231 1822 stultos
263 1792 352 1821 esse
383 1792 528 1820 omnes
559 1777 806 1818 luxuriosos.
867 1784 1036 1832 nepotes.
1067 1775 1345 1818 Luxuriosos.

197 1854 290 1895 226.
325 1853 399 1895 liic.
458 1851 509 1892 Id
540 1859 613 1901 est,
646 1849 935 1891 Nomentanus
965 1849 1216 1892 luxuriosus.

195 1926 316 1969 simul
345 1927 508 1982 accepit.
569 1923 752 1977 Quando
784 1924 904 1969 heres
935 1923 1148 1974 successit,
1180 1931 1249 1965 aut
1272 1939 1296 1964 a
1316 1923 1524 1965 tutoribus
1547 1924 1718 1980 recepit.
1780 1922 1919 1965 Ordo:

88 1999 259 2051 Omnes,
294 1998 544 2056 [Omnibus]
578 1999 648 2054 qui
681 1998 856 2040 obsonia
886 1997 1087 2047 uendunt,
1119 1997 1260 2047 edicit,
1292 1997 1352 2038 uti
1374 2012 1497 2039 mane
1520 1998 1691 2039 domum
1714 1998 1898 2039 ueniant.

197 2075 290 2115 228.
327 2074 450 2115 Tusci
478 2073 595 2114 turba
630 2074 741 2128 inpia
771 2073 865 2113 uici.
943 2071 1090 2127 [Tusci
1136 2070 1364 2126 aliquando
1409 2071 1519 2126 pulsi
1566 2071 1830 2113 contulerunt
1876 2086 1919 2113 se

200 2212 232 2251 1)
263 2212 342 2246 Quid
367 2229 406 2234 ——
432 2212 549 2242 minori
575 2221 635 2242 om.
662 2210 854 2250 G(Q)‚mva.
884 2228 922 2231 —
948 2211 1063 2240 minori
1088 2220 1114 2252 γ.
1142 2212 1212 2241 rell.
1239 2212 1368 2242 minore.
1418 2210 1453 2251 2)
1480 2211 1528 2240 Ne
1555 2228 1592 2232 ν
1623 2211 1683 2240 iste
1708 2220 1734 2252 γ.
1761 2211 1832 2240 rell.
1858 2220 1918 2241 om.

88 2269 122 2309 3)
149 2271 208 2300 hoc
232 2279 291 2300 om.
317 2279 342 2312 γ.
369 2273 470 2300 autem
494 2269 542 2299 fh.
582 2269 700 2298 Totum
727 2268 828 2298 schol.
856 2269 887 2297 h.
915 2268 936 2299 l.
966 2277 1026 2297 om.
1054 2277 1080 2309 γ,
1120 2277 1161 2297 ex
1186 2278 1247 2307 quo
1274 2277 1370 2306 supra
1394 2269 1435 2298 ad
1459 2277 1491 2299 u.
1517 2267 1581 2298 208
1607 2268 1749 2297 adlatum
1777 2271 1834 2296 est.
1882 2267 1917 2304 5)

88 2328 140 2366 qui
166 2327 239 2357 scel.
266 2344 307 2348 —
334 2327 473 2365 pertinet
499 2336 558 2356 om.
586 2325 778 2365 G(Q)‚1nva.
804 2323 953 2354 Crudelis
979 2325 1157 2355 ambitione
1181 2335 1208 2367 γ.
1235 2325 1303 2353 rell.
1331 2334 1388 2354 om.
1451 2322 1486 2363 8)
1512 2323 1662 2354 Studium
1688 2324 1770 2353 amb.
1796 2333 1822 2364 γ.
1848 2324 1917 2353 rell.

87 2393 144 2414 om.
170 2402 210 2404 —
235 2383 372 2422 fragilis.
399 2382 520 2413 Sensus
546 2381 725 2420 G(Q)mva.
777 2383 811 2420 9)
836 2381 936 2410 nitrea
960 2382 979 2410 i.
1006 2380 1088 2420 frag.
1116 2390 1140 2423 γ.
1168 2382 1240 2413 rell.
1269 2391 1329 2411 oni.
1350 2399 1391 2401 »ῌ
1418 2384 1465 2411 est
1492 2390 1551 2410 om.
1578 2390 1604 2422 γ.
1658 2381 1711 2420 10)
1740 2379 1832 2409 sicuti
1854 2389 1920 2409 cnm

87 2440 253 2470 bellonarii
277 2450 304 2483 γ.
330 2441 399 2469 rell.
426 2439 502 2468 sicut
524 2439 701 2468 Bellonarii
730 2438 898 2477 (Bellonae
923 2438 1063 2468 cultores
1087 2438 1151 2477 fh).
1179 2448 1250 2468 cum
1275 2448 1336 2468 om.
1365 2437 1466 2477 G(Q).
1502 2447 1572 2466 cum
1598 2437 1735 2466 lacertos
1762 2436 1808 2466 fh.
1860 2436 1916 2474 11)

87 2497 198 2527 circum
221 2497 313 2526 tonvit
337 2495 388 2534 (ut
413 2496 531 2525 Bernn.
557 2494 631 2534 AC)
664 2512 703 2516 ——
737 2495 914 2524 sceleratus
939 2505 967 2537 γ.
995 2495 1064 2524 rell.
1092 2504 1152 2524 oni.
1181 2493 1222 2524 C:
1249 2494 1465 2524 circumtonuit.
1494 2494 1655 2532 percussit
1680 2492 1785 2523 furore
1813 2498 1842 2522 et
1869 2493 1918 2522 in-

88 2554 186 2583 sauia.
237 2554 292 2593 12)
317 2553 458 2583 cruentis.
485 2555 541 2582 aut
566 2562 590 2581 r.
617 2556 673 2581 aut
699 2561 727 2590 p.
755 2552 820 2580 abs.
845 2551 896 2589 qui
919 2549 1034 2590 (quial)
1061 2552 1153 2589 posui
1178 2561 1254 2590 quae
1271 2561 1312 2581 se.
1332 2551 1484 2590 Bellona)
1511 2567 1552 2571 m
1579 2550 1736 2588 gaudens.
1762 2549 1831 2578 rell.
1857 2559 1917 2578 om.

89 2609 131 2640 C:
156 2611 293 2641 cruentis.
319 2611 465 2640 absolute
482 2619 540 2648 pro
556 2608 711 2648 sanquine.
763 2608 816 2646 15)
844 2607 948 2637 dicere
973 2617 1000 2649 γ.
1019 2608 1089 2638 rell.
1109 2608 1229 2637 docere.
1256 2608 1409 2638 Nument.
1430 2608 1497 2637 lux.
1526 2616 1578 2645 qu.
1604 2616 1629 2648 γ.
1657 2607 1724 2636 rell.
1751 2614 1810 2636 om.
1862 2606 1917 2644 18)

89 2667 155 2698 eius
172 2677 232 2698 om.
257 2677 284 2710 γ.
304 2685 335 2687 «--
357 2667 462 2705 inquit
487 2676 547 2696 om.
573 2675 599 2708 γ.
625 2665 715 2695 Nunc
740 2674 795 2704 aye
819 2664 879 2694 law.
907 2665 1029 2694 iterant
1055 2662 1249 2704 (G?)1nan.
1301 2664 1357 2704 19)
1385 2664 1546 2694 luxuriam
1572 2672 1599 2706 γ.
1624 2672 1694 2692 num
1719 2663 1792 2691 hab.
1819 2671 1848 2690 v.
1875 2678 1918 2683 —-

91 2724 225 2754 stultitia
247 2733 274 2766 γ.
338 2724 395 2762 20)
423 2727 477 2753 aut
503 2723 616 2761 desid,
643 2732 703 2752 om.
729 2722 781 2758 ad,
818 2730 891 2750 mav
917 2720 1069 2760 (desyd)
1099 2739 1136 2742 —
1164 2722 1328 2758 honorum,
1366 2720 1442 2763 ·5‚fh.
1468 2720 1536 2750 rell.
1563 2719 1704 2750 honoris.
1730 2718 1850 2756 Arripe
1886 2736 1911 2738 -

90 2781 228 2818 pertinet
252 2790 312 2811 om.
338 2781 415 2823 *s‚fh.
465 2780 523 2819 21)
549 2779 703 2810 Probabit
728 2788 754 2821 γ.
788 2778 856 2807 rell.
890 2787 950 2808 oni.
977 2778 1008 2807 h.
1036 2778 1056 2807 l.
1118 2778 1175 2817 22)
1204 2787 1275 2816 nep.
1301 2779 1370 2807 lux.
1396 2787 1422 2818 γ,
1448 2777 1519 2806 rell.
1547 2785 1607 2805 om.
1670 2775 1728 2814 23)
1753 2775 1789 2804 Id
1816 2779 1865 2804 est
1890 2784 1916 2816 γ.

89 2837 154 2866 rell.
179 2846 240 2867 om.
266 2837 332 2866 lux.
359 2847 419 2867 om.
444 2835 621 2875 mva(G)Q.
682 2834 740 2874 24)
764 2835 886 2873 recepit
909 2844 1023 2877 ffimva.
1050 2835 1119 2865 rell.
1145 2835 1269 2873 accepit
1308 2833 1430 2874 (Hor).
1469 2833 1611 2870 recipere
1649 2832 1817 2869 pecuniam
1857 2835 1917 2861 etc.

92 2891 157 2922 Cic.
181 2892 260 2923 Rab.
285 2894 372 2924 Post.
402 2894 452 2923 13.
478 2892 548 2922 Liu.
575 2891 735 2929 XXXXV⁷
755 2892 772 2921 5
796 2886 858 2929 (ex
884 2892 951 2921 eius
977 2892 1071 2921 bonis
1098 2891 1279 2929 summam).
1308 2890 1395 2921 Ordo
1414 2907 1448 2910 -
1474 2889 1608 2919 ueniant
1635 2898 1695 2918 om.
1724 2885 1916 2929 (G?Q)mva.

92 2947 146 2988 25)
173 2948 249 2979 Oms
272 2959 289 2992 γ
315 2949 480 2989 (Omnes).
508 2949 577 2978 rell.
605 2948 760 2978 Omnibus.
787 2948 981 2978 Dicebatur:
1019 2948 1109 2978 edico
1134 2947 1195 2982 tibi,
1221 2947 1315 2984 uobis,
1341 2947 1369 2975 ez·
1392 2946 1465 2976 Ter.
1492 2945 1575 2974 Eun.
1603 2944 1658 2982 IV,
1688 2946 1714 2982 7,
1743 2946 1794 2975 33.
1821 2944 1858 2981 V,
1885 2945 1916 2982 4,

91 3004 142 3034 40.
167 3003 233 3035 Cic.
258 3005 341 3036 Phil.
366 3007 390 3043 I,
418 3006 448 3042 5,
474 3010 569 3045 atque
595 3004 708 3034 edicere
733 3013 808 3042 rem,
836 3005 931 3043 diem,
957 3006 1100 3042 comitia,
1125 3005 1272 3034 consulem
1297 3003 1365 3034 Cic.
1392 3003 1456 3032 Pis.
1473 3003 1502 3032 8.
1531 3005 1677 3031 senatum
1704 3001 1774 3031 Liu.
1789 3001 1845 3037 III,
1862 3002 1914 3031 38.

90 3058 168 3091 Inde
184 3071 202 3091 a
225 3063 335 3102 recepit
357 3072 457 3102 usque
482 3063 523 3093 ad
548 3073 579 3092 u.
611 3062 699 3092 Tusci
722 3072 752 3091 u.
773 3062 813 3091 28
839 3062 962 3092 scholia
986 3072 1046 3093 om.
1075 3071 1158 3092 niva.
1210 3061 1266 3100 26)
1292 3061 1386 3090 turba
1411 3059 1499 3097 inpia
1516 3058 1613 3088 Bern.
1640 3057 1664 3087 C
1690 3067 1760 3087 cum
1785 3058 1914 3096 glossa:

92 3126 292 3157 mangonum.
321 3120 427 3150 Verba
451 3120 576 3149 inclusa
598 3119 687 3149 Tusci
705 3137 736 3140 ψ-
755 3119 900 3150 dederunt
916 3120 1058 3158 genuina
1076 3122 1160 3156 sunt,
1182 3117 1238 3148 sed
1256 3118 1288 3147 in
1305 3127 1322 3160 γ
1340 3115 1474 3147 inferius
1500 3117 1608 3154 posita
1634 3120 1707 3153 post
1728 3114 1914 3154 prostabant.

222 3184 378 3211 HAUTHAL,
395 3185 462 3206 ACR.
479 3185 519 3206 nr
536 3185 648 3206 poam.
666 3185 694 3205 11.
1612 3177 1641 3199 17

1972 535 1989 563 5

1948 901 1989 933 10

1947 1270 1987 1301 15
