2148 3412
748 115 796 146 IN
821 114 929 147 ΛΒΤ.
954 114 1087 146 Pom.
1786 100 1863 142 591

29 241 212 300 pudens:
245 244 516 295 praepostere
547 238 810 287 erubescens,
846 238 1052 294 pudenter
1083 238 1345 280 erubescens.
1407 236 1552 291 Quare
1576 236 1745 294 [praue]
1777 251 1866 277 ma-

36 314 103 372 gis
134 312 231 355 nolo
262 312 424 354 discere
455 326 582 367 quam
611 313 789 368 turpiter
818 312 1043 367 ignorare?
1106 313 1267 353 Pudens
1292 326 1425 368 praue
1456 318 1516 353 est
1548 310 1630 360 ille,
1677 310 1750 366 qui
1780 318 1867 352 tur-

36 387 146 444 piter
175 385 396 436 erubescit,
429 385 465 427 si
495 386 650 436 nescio,
696 400 826 441 quare
870 385 1008 441 magis
1053 385 1267 435 erubeseo,
1314 385 1476 427 discere
1522 398 1646 439 quam
1692 384 1868 426 nescire.

37 459 182 505 Verba
212 459 368 515 gratia:
402 459 438 501 si
467 460 618 510 nescis,
650 474 732 501 non
764 460 943 514 turpiter
973 459 1113 510 discis,
1146 460 1181 501 si
1211 459 1565 515 interrogaueris3
1598 458 1672 500 sed
1692 458 1870 514 turpiter

37 533 186 584 nescis,
218 533 254 575 si
284 532 476 574 tacueris.
537 532 645 574 Nam
678 547 810 588 praue
840 533 1104 574 uerecundus
1135 540 1196 574 est
1225 532 1309 583 ille,
1343 532 1415 586 qui
1446 532 1653 574 erubescit
1685 532 1860 581 discere,
1912 541 1930 570 5

41 607 152 663 quod
183 605 265 648 sibi
296 605 562 648 commodum
593 612 665 647 est.
727 604 835 648 Sunt
867 606 1074 661 quaedam
1105 606 1334 656 doctrinae,
1367 620 1474 660 quae
1506 606 1664 660 duplici
1695 605 1870 647 scientia

40 680 348 736 concipiuntur.
409 679 593 722 Versum
614 681 753 721 facere
776 680 916 730 discis,
949 679 983 721 si
1006 679 1203 729 audieris,
1236 693 1308 721 sex
1328 679 1507 734 pedibus
1530 686 1720 721 constare
1740 680 1869 721 hexa-

37 761 216 797 metrum
262 754 353 796 siue
382 754 597 796 heroicum
636 761 830 803 metrum,
878 754 922 795 id
952 761 1025 804 est,
1072 753 1238 809 dactylo
1269 759 1306 794 et
1338 753 1536 809 spondeo.
1596 752 1710 795 Ecce
1741 752 1870 794 habes

39 843 166 872 unam
196 828 406 884 peritiam.
466 828 611 870 Debes
645 828 810 886 [etiam]
846 828 1020 869 alteram
1053 827 1245 881 accipere
1276 826 1470 882 peritiam
1506 825 1780 883 [percipere]‚
1826 834 1871 867 ut

40 902 164 953 scias,
196 902 406 957 quomodo
438 902 490 944 sit
523 901 631 959 [fiat]
665 902 888 958 spondeus,
938 900 1015 958 [et]
1050 901 1258 956 quomodo
1290 900 1494 956 dactylus.
1555 898 1596 942 O
1628 899 1795 950 Horati,
1837 900 1871 942 si
1903 908 1938 940 10

40 975 193 1018 dedisti
224 983 464 1031 praecepta,
497 990 626 1031 quare
657 976 820 1017 nescis?
880 975 1058 1017 Possum
1085 975 1191 1016 scire
1223 975 1407 1030 quidem,
1438 974 1559 1016 uerbi
1590 974 1740 1030 gratia,
1774 974 1872 1029 quia

40 1049 221 1092 iambico
251 1056 382 1091 metro
414 1049 633 1091 comoedia
664 1049 875 1099 scribitur,
908 1049 981 1091 sed
1013 1049 1222 1104 quomodo
1252 1048 1323 1090 fiat
1353 1048 1572 1098 iambicus,
1605 1048 1759 1090 nescio.

153 1125 218 1165 89.
259 1124 446 1165 Versibus
478 1126 629 1180 exponi
658 1131 760 1180 traq.
820 1122 909 1164 Aut
945 1123 1156 1179 spondeis,
1202 1130 1273 1164 aut
1303 1122 1397 1164 altis
1428 1122 1617 1164 sensibus
1649 1129 1689 1163 et
1717 1122 1872 1164 uerbis.

41 1196 137 1240 Hoc
167 1197 422 1253 exsequitur,
456 1198 568 1252 quod
599 1197 791 1252 superius
822 1197 1041 1253 praemisit
1073 1197 1130 1252 (11.
1162 1197 1256 1252 86):
1291 1197 1521 1253 Descriptus
1552 1210 1720 1238 seruare
1750 1198 1874 1238 uices.

44 1271 126 1329 [res
156 1272 305 1314 com-ica
335 1286 416 1314 non
447 1272 549 1314 uult.
609 1271 706 1321 Res,
744 1271 881 1326 inquit
910 1286 1044 1327 parua
1075 1277 1114 1311 et
1147 1270 1308 1312 comica
1338 1285 1423 1312 non
1453 1270 1577 1311 debet
1598 1270 1680 1312 alte
1701 1271 1873 1312 tractari
1903 1278 1939 1309 15

0 1396 1 1399 Ἴ
42 1351 82 1387 et
101 1344 341 1396 difficiliter,
373 1352 418 1387 ut
438 1345 614 1401 tragica.
675 1344 916 1401 Tragoedia
938 1351 1077 1386 autem
1109 1344 1192 1386 alto
1224 1344 1318 1386 stilo
1350 1344 1614 1392 describitur,
1658 1345 1875 1387 comoedia

42 1433 141 1462 uero
171 1418 339 1476 humili]
373 1419 583 1475 (gaudet).

155 1493 221 1535 90.
253 1493 500 1549 Indignatur
528 1495 621 1535 icem
659 1495 844 1550 priuatis.
908 1491 1108 1543 Comicis,
1142 1493 1433 1541 conmunibus,
1479 1492 1713 1535 iacentibus
1743 1493 1876 1535 sensi-

0 1615 3 1623 ,
44 1566 139 1617 bus3
173 1567 294 1623 quasi
325 1567 437 1609 enim
468 1567 636 1623 priuata
667 1576 762 1610 sunt
792 1567 935 1618 uerba,
973 1566 1127 1622 quibus
1158 1573 1329 1608 utuntur
1358 1567 1415 1618 hi,
1449 1567 1520 1622 qui
1541 1581 1667 1622 prosa
1688 1566 1876 1609 oratione

44 1641 199 1685 dicunt.
263 1642 331 1699 [ac
358 1657 483 1699 prope
514 1657 641 1684 socco.
703 1641 849 1684 Soccis
882 1641 1143 1683 comoediam
1188 1640 1485 1697 intellegimus,
1532 1641 1746 1683 cothurnis
1791 1648 1875 1682 tra-
1902 1649 1942 1679 20

0 1740 6 1758 .
47 1716 276 1774 goediam.]

157 1791 221 1832 91.
255 1791 402 1845 Dz'qm‘s
434 1790 693 1832 carminibus.
766 1790 817 1831 ld
849 1796 927 1831 est:
975 1789 1203 1831 humilibus
1248 1789 1389 1831 uerbis
1424 1790 1644 1847 tragoedia
1674 1805 1758 1832 non
1788 1791 1878 1832 uult

46 1864 212 1921 exponi.
276 1863 541 1921 [Humilibus
574 1864 726 1906 uerbis.
800 1863 1042 1920 Tragoedia
1074 1863 1186 1904 enim
1217 1863 1322 1905 altos
1354 1864 1499 1905 sortita
1543 1873 1606 1906 est
1650 1879 1795 1907 sensus
1838 1872 1878 1906 et

46 1938 188 1987 uerba,
235 1938 453 1980 comoedia
487 1952 588 1980 uero
619 1938 830 1994 humiles]
895 1953 1018 1979 caena
1052 1937 1256 1994 Thyestae.
1324 1937 1482 1979 Iterum
1528 1938 1748 1995 tragoedia
1792 1954 1875 1981 non

46 2012 135 2055 uult
163 2011 443 2055 conmunibus
475 2011 666 2054 sensibus
699 2012 866 2067 exponi,
899 2011 943 2052 id
973 2018 1047 2062 est,
1081 2010 1240 2053 comico
1272 2011 1378 2052 stilo.
1904 2021 1944 2050 25

161 2226 196 2266 2)
230 2244 257 2246 —
290 2224 461 2264 ignorare?
498 2225 626 2255 Pudens
653 2229 852 2264 praepostere
882 2225 1073 2254 erubescens
1097 2224 1212 2263 pudens
1231 2234 1331 2264 praue
1358 2230 1417 2263 est,
1456 2228 1509 2265 qui
1535 2228 1671 2266 turpiter
1696 2226 1811 2267 iynoret
1834 2228 1882 2257 uel

50 2283 210 2314 erubescit
235 2282 280 2313 fh.
307 2282 423 2313 Glossa
449 2283 483 2312 in
508 2292 525 2324 γ
550 2286 616 2312 est:
644 2282 746 2312 Praue
771 2282 896 2321 pudens
924 2300 962 2302 —2
990 2291 1197 2320 praeposuere
1223 2284 1426 2313 erubescens.
1463 2283 1571 2322 Ipsum
1609 2285 1707 2314 schol.
1745 2285 1878 2323 incipit:

50 2339 213 2371 Pudenter
239 2341 476 2370 erubescentm·.
526 2340 560 2379 4)
587 2349 651 2369 non
675 2350 736 2369 om.
763 2339 802 2369 N.
828 2357 870 2360 μ
897 2339 953 2368 sed
979 2339 1049 2368 Nx.
1099 2339 1134 2378 5)
1161 2340 1215 2369 1116
1241 2349 1300 2370 0111.
1327 2340 1412 2371 Med.
1477 2341 1510 2379 6)
1537 2341 1598 2370 sibi
1625 2350 1685 2370 om.
1712 2341 1770 2370 XN
1794 2342 1879 2371 Med.

50 2407 86 2428 rv
111 2397 371 2438 (commodatum)
388 2407 433 2428 ca.
484 2398 518 2438 6)
546 2399 710 2428 sententia
726 2397 764 2427 X.
791 2397 1012 2435 corripiuntur
1029 2397 1068 2426 N.
1119 2396 1153 2435 8)
1182 2396 1212 2426 id
1238 2400 1289 2427 est
1314 2406 1341 2439 γ.
1366 2398 1435 2427 rell.
1461 2407 1521 2427 om.
1573 2399 1607 2436 9)
1633 2407 1729 2427 unam
1753 2398 1879 2440 ⁴(Med.‚

3 2482 7 2494 ί
51 2459 150 2493 recte,
178 2455 323 2494 sequitur
348 2455 486 2485 alteram.
513 2455 580 2484 rell.
606 2464 729 2484 uerum.
757 2464 788 2484 r:
822 2455 920 2484 habes
946 2453 1007 2483 iam
1032 2463 1152 2483 ueram.
1180 2471 1222 2474 —
1250 2455 1347 2484 etiam
1372 2464 1431 2484 om.
1458 2454 1604 2496 7X,rvea.
1656 2456 1711 2493 10)
1737 2455 1778 2484 sit
1803 2454 1881 2496 γΧΝ

50 2511 149 2549 Med„
173 2522 242 2542 vca.
269 2511 305 2541 fit
322 2521 348 2541 r.
374 2513 432 2541 fiat
448 2510 525 2549 thQ,
551 2515 587 2541 ut
606 2510 701 2543 infra.
721 2515 747 2540 et
771 2521 798 2552 γ.
826 2510 1048 2547 0n1.NX‚vca.
1069 2509 1164 2541 Orati
1190 2512 1258 2548 N‚r.
1309 2512 1365 2552 13)
1390 2512 1457 2542 Aut
1482 2521 1508 2554 γ,
1534 2510 1578 2541 th.
1605 2512 1674 2541 rell.
1700 2521 1760 2541 0111.
1787 2521 1881 2550 spon-

46 2569 121 2601 ·deis
145 2580 172 2612 γ.
197 2570 268 2600 rell.
296 2568 482 2608 spondaicls
507 2568 707 2607 (spondz'acis
733 2568 784 2607 r.).
837 2567 891 2606 14)
921 2577 1006 2606 eoeeq.
1034 2568 1118 2597 libri.
1136 2585 1174 2588 Q
1191 2568 1331 2607 premisit
1353 2578 1379 2611 γ.
1407 2568 1605 2607 praescripsit
1631 2568 1666 2598 C.
1692 2569 1884 2606 promiserat

51 2626 110 2657 Nx
124 2627 223 2663 Med„
250 2636 335 2656 rvca.
361 2626 569 2665 praemiserat
594 2625 640 2655 fh.
691 2626 746 2663 16)
774 2624 949 2654 difficiliter
974 2623 1058 2662 (Cic.
1087 2628 1118 2654 et
1144 2624 1285 2665 Colum.)
1304 2625 1363 2655 NX
1388 2626 1486 2667 Med,
1512 2635 1558 2654 rv.
1585 2625 1756 2655 difficulter
1773 2624 1880 2663 (Caes.

52 2682 134 2714 Plin.
162 2683 255 2722 Sall.)
281 2683 397 2719 cath.
424 2701 466 2705 —
493 2686 601 2712 autem
624 2682 662 2712 X.
689 2691 764 2712 uero
790 2682 831 2713 N.
859 2682 928 2711 rell.
969 2682 1062 2711 enim.
1094 2682 1286 2712 describitur
1321 2682 1419 2719 XN,r.
1457 2682 1635 2712 describet-e
1660 2683 1743 2711 Med.
1770 2693 1800 2711 v.
1828 2683 1880 2711 de-

54 2741 146 2772 scribi
169 2742 251 2771 cat'h.
279 2750 337 2771 om.
364 2739 402 2776 Q.
429 2739 586 2770 comoedia
610 2739 678 2775 NQ.
706 2743 812 2769 autem
837 2739 876 2768 N.
904 2739 973 2768 rell.
1001 2738 1118 2768 comica
1142 2748 1226 2768 uere.
1278 2741 1334 2778 17)
1360 2739 1481 2777 gaudet
1506 2749 1566 2769 om.
1593 2748 1617 2775 r,
1645 2744 1676 2768 et
1700 2743 1787 2769 recte
1812 2739 1882 2777 qui-

0 2835 10 2840 „
54 2797 134 2828 dem.
186 2798 241 2837 18)
270 2798 401 2827 comicis
426 2807 453 2839 γ.
481 2797 669 2832 humilibus,
707 2797 850 2833 comicis,
889 2797 947 2825 iac.
988 2796 1064 2835 (om.
1090 2797 1240 2826 sensibus
1265 2800 1300 2826 ut
1326 2796 1422 2834 th).
1450 2796 1519 2825 rell.
1546 2805 1605 2825 om.
1632 2796 1772 2825 comicis.
1825 2796 1880 2834 19)

2 2876 9 2893 ;
54 2853 88 2884 hi
116 2873 155 2876 ψ
181 2856 294 2885 dicunt
318 2865 379 2885 om.
406 2854 436 2883 X
459 2854 544 2883 Med.
570 2863 639 2883 vca.
667 2854 757 2892 quasi
784 2863 830 2891 pr.
868 2854 935 2883 sint
959 2854 1059 2883 uerba
1083 2857 1214 2883 utuntur
1239 2853 1315 2893 (sie)
1341 2863 1365 2882 r.
1428 2854 1484 2892 20)
1511 2852 1619 2882 Soccis
1648 2869 1686 2873 „,
1714 2857 1796 2891 trag.
1822 2862 1882 2882 0111.

1 2900 10 2948 ⁴*
54 2920 81 2954 γ.
127 2912 185 2951 22)
212 2913 234 2941 1.
259 2913 346 2942 hum.
375 2930 415 2933 κ-
443 2912 562 2950 exponi
588 2921 614 2953 γ.
641 2911 716 2940 uide
742 2912 827 2941 infra
852 2921 880 2940 u.
909 2911 960 2941 92.
986 2911 1164 2941 humilibus
1190 2911 1312 2947 uerbis3
1351 2909 1520 2948 tragoedia
1550 2909 1635 2938 enim
1660 2910 1740 2939 altos
1768 2910 1884 2939 sortita

0 2957 10 2997 ζ’
57 2970 104 3000 est
130 2978 243 3000 sensus
273 2973 305 3000 et
343 2969 453 3000 uerba:
497 2968 671 2998 Comoedia
695 2977 770 2998 uero
795 2968 945 2998 humiles.
973 2968 1115 2998 Nat-rari
1138 2977 1220 2998 caen.
1252 2967 1325 3007 Thy.
1352 2966 1538 2996 Humilibus
1565 2966 1669 2995 uerbis
1695 2969 1778 3004 trag.
1808 2975 1882 3004 exp.

0 3057 2 3072 z
56 3034 117 3057 non
140 3027 212 3057 uult
236 3031 267 3057 et
292 3026 343 3065 (ut
367 3028 397 3065 r)
424 3027 646 3057 communibus
673 3027 823 3056 sensibus
851 3026 870 3055 i.
897 3035 974 3055 com.
1002 3026 1088 3065 stylo
1114 3025 1206 3064 (stilo
1231 3025 1313 3063 er)
1345 3023 1422 3059 th.
1450 3041 1491 3044 μ
1518 3024 1585 3052 alta
1610 3027 1686 3052 sort.
1714 3027 1762 3053 est
1786 3024 1882 3053 uerba

56 3082 95 3114 N.
119 3083 207 3115 Com.
231 3093 306 3114 uero
341 3085 480 3114 humiles
513 3094 572 3114 om.
599 3084 727 3120 N7rvca.
789 3084 846 3122 24)
872 3081 993 3113 Iterum
1018 3087 1041 3112 t.
1066 3093 1097 3112 n.
1125 3093 1154 3112 u.
1182 3091 1292 3111 comm.
1320 3098 1360 3101 --r
1386 3081 1460 3110 stilo
1485 3089 1510 3121 γ.
1536 3080 1606 3109 rell.
1643 3080 1776 3110 habent:
1815 3079 1884 3109 Hu-

57 3140 184 3172 milibus
210 3142 317 3172 uerbis
342 3145 381 3171 tr.
409 3150 501 3180 expo.
529 3150 594 3171 non
620 3140 689 3170 uult
715 3144 744 3169 et
768 3150 880 3171 eonnn.
907 3140 1064 3170 sensibus.
1092 3141 1110 3170 i.
1139 3149 1164 3169 e.
1189 3149 1235 3168 co.
1263 3139 1350 3168 stilo.
