2148 3412
231 130 313 170 366
865 140 971 172 Aen.
998 140 1057 172 ET
1082 140 1250 173 PORPH.
1279 140 1426 173 COMM.

347 266 508 318 uestz'qe'n
541 273 699 305 terrent.
762 263 920 305 Sensus
953 262 1073 320 [est]:
1107 263 1306 318 quoniam
1336 271 1393 314 tu,
1425 265 1592 320 popule,
1625 264 1835 307 contraria
1865 264 1940 306 tibi
1971 281 2060 308 sus-

232 338 339 393 cipis
370 344 409 378 et
440 337 718 392 amplecteris,
751 352 886 392 neque
918 353 942 378 a
973 345 1012 378 te
1044 337 1273 392 quidquam
1305 339 1596 393 prouidentiae
1628 338 1917 393 proficiscitur.

346 413 410 453 75.
447 413 589 452 Omnia
620 419 653 451 te
685 412 904 452 aduersum
935 413 1163 467 spectantia.
1222 411 1273 451 Id
1304 419 1377 462 est,
1410 412 1667 453 intrantium.

344 487 462 527 nulla
480 494 713 527 retrorsum.
774 484 1044 526 Exeuntium.
1078 483 1191 537 Quia
1223 484 1256 526 si
1289 485 1382 540 quis
1413 485 1559 540 populi
1582 485 1768 540 sequitur
1788 485 2059 537 uoluntatem,

165 567 182 596 5
230 560 391 602 nullum
422 560 506 600 iam
536 558 660 600 habet
693 558 805 600 circa
835 558 1086 613 sapientiam
1117 565 1367 613 respectum,
1414 558 1512 613 quia
1542 574 1625 600 non
1656 574 1782 600 unam
1814 559 2062 601 sententiam

231 634 418 689 sequitur
449 632 648 688 populus3
681 632 780 687 quia
811 632 955 673 tardus
985 632 1028 672 in
1060 631 1276 687 proposito
1307 640 1559 686 perseuerat.

346 709 409 748 76.
446 708 576 748 Belua
607 706 718 747 mult.
750 721 789 746 es
821 721 906 762 cup.
928 706 1154 747 Multorum
1175 721 1214 746 es
1238 706 1426 761 capitum.
1485 705 1766 748 Diuersarum
1802 705 2060 761 opinionum,

230 797 313 824 non
346 781 522 822 alicuius
553 779 655 821 certi
687 779 864 821 consilii.
934 777 1140 820 Definitio
1171 778 1331 834 populi,
1377 779 1420 820 id
1452 787 1531 821 est:
1579 780 1678 834 quia
1707 779 1884 836 Hydrae
1915 780 2064 822 similis
2121 775 2123 826 Ξ

231 864 292 897 est
323 854 516 910 populus,
548 853 643 895 ideo
674 868 757 894 non
789 859 851 894 est
883 852 921 894 ei
953 852 1312 894 consentiendum.

169 935 205 966 10
346 931 367 969 7
375 931 396 968 7
403 961 411 969 .
449 930 549 969 Pars
580 928 786 969 hominum
815 927 938 981 qescit.
1000 924 1106 967 Sunt
1139 926 1210 980 qui
1243 926 1400 977 dicunt,
1432 926 1589 968 bonum
1612 942 1702 968 esse
1724 942 1850 983 agros
1872 927 2063 983 publicos
2119 921 2122 968 ἶ

230 1002 476 1043 conducere.

343 1084 438 1117 sunt
468 1077 545 1131 qui.
606 1073 762 1130 Arguit
794 1074 1081 1116 diuersitatem
1112 1080 1316 1114 uotorum.
1395 1073 1517 1116 Haec
1548 1081 1643 1116 sunt
1679 1075 1896 1130 paradoxa
1937 1073 2060 1117 Stoi-
2118 1088 2119 1093 ¹

231 1165 387 1193 corum.

344 1224 408 1265 78.
442 1238 607 1265 acturas.
668 1221 840 1273 Parcas,
873 1236 919 1263 ac
949 1237 1026 1277 per
1056 1222 1135 1264 hoc
1167 1221 1331 1263 diuites.

168 1303 205 1334 15
346 1299 411 1339 78.
447 1298 601 1338 mustis
632 1306 668 1338 et
690 1312 758 1353 po.
789 1297 938 1338 uiduus
969 1305 1180 1338 uenenlur.
1245 1295 1447 1352 [Viduas]
1481 1295 1646 1337 insidiis
1677 1295 1858 1351 capiant.

344 1373 409 1412 79.
443 1372 737 1426 Excipiamque
760 1385 883 1411 senes.
945 1369 1175 1425 Decipiant
1196 1384 1279 1419 eos,
1311 1377 1354 1410 ut
1377 1369 1594 1411 uindicent
1617 1368 1737 1426 [sibi]
1762 1370 2062 1425 patrimonium

230 1460 386 1486 eorum.

345 1519 408 1560 79.
442 1533 538 1574 quos
568 1519 607 1558 in
640 1519 803 1559 mum-ia
833 1518 1003 1559 miltant.
1063 1516 1113 1557 Id
1151 1524 1225 1567 est,
1271 1516 1484 1572 decipiant
1517 1532 1600 1568 005,
1645 1524 1689 1558 ut
1719 1517 1879 1572 possint
1911 1517 2062 1559 callide

346 1726 378 1764 1)
405 1730 453 1756 est
478 1735 538 1756 0111.
564 1735 591 1767 γ,
618 1728 652 1754 ut
678 1733 840 1764 persaepe.
867 1725 1015 1764 quoniam
1041 1729 1075 1754 tu
1101 1724 1212 1763 popule
1238 1724 1355 1763 (pple).
1384 1725 1542 1754 contraria
1566 1734 1592 1767 γ.
1617 1728 1713 1755 recte.
1750 1725 1843 1762 plane
1868 1725 1980 1764 inepta
2006 1735 2061 1755 ex-

230 1784 343 1812 hibent
368 1792 426 1812 va:
464 1783 615 1821 quoniam
641 1782 770 1821 populos
795 1782 971 1812 contrarios
995 1783 1067 1819 tibi,
1106 1787 1137 1812 et
1161 1780 1327 1821 th(G·?):
1365 1783 1515 1820 quoniam
1541 1783 1675 1820 populos
1700 1783 1761 1811 tibi
1788 1782 1976 1812 contrarios.
2026 1781 2061 1821 2)

222 1840 454 1879 prouidentiae
478 1849 506 1881 γ.
531 1844 628 1869 recte.
655 1840 734 1869 conf.
762 1838 829 1869 Cic.
856 1839 923 1869 Inu.
950 1839 991 1876 II,
1012 1840 1069 1869 53:
1097 1839 1307 1877 prouidentia
1332 1843 1392 1875 est,
1418 1848 1473 1877 per
1499 1848 1592 1877 quam
1616 1840 1761 1869 futurum
1779 1840 1904 1878 aliquid
1921 1839 2061 1876 uidetur,

229 1901 399 1935 antequam
424 1897 544 1927 factum
571 1900 628 1926 est.
660 1895 780 1926 Seneca
805 1896 842 1925 E.
871 1897 908 1925 6:
936 1897 1142 1934 prouidentia
1168 1896 1338 1933 anticipat.
1366 1895 1433 1925 Cic.
1460 1896 1498 1925 N.
1525 1896 1564 1925 D.
1592 1896 1633 1933 II,
1661 1897 1719 1926 28:
1747 1914 1789 1917 -—
1816 1897 1878 1925 ‘uel
1898 1896 2062 1934 prudentia

229 1955 280 1983 uel
303 1953 494 1992 prouidentia
519 1951 682 1996 (πρόνοια)
708 1954 868 1991 adpellari
894 1957 978 1983 recte
1003 1955 1119 1991 possit,
1157 1954 1235 1982 haec
1259 1953 1459 1991 potissimum
1485 1953 1656 1991 prouidet.'
1682 1953 1749 1982 rell.
1771 1954 1975 1991 prudentiae.
2025 1952 2059 1990 3)

228 2011 264 2040 Id
284 2017 333 2042 est
350 2012 545 2041 intrantium
569 2012 618 2053 γὶ).
646 2011 720 2049 (0111.
747 2011 795 2050 1.).
844 2011 879 2049 4)
907 2015 1081 2042 retrorsum.
1108 2011 1298 2040 exeuntium
1321 2011 1371 2052 γ1).
1391 2011 1460 2039 rell.
1478 2020 1539 2040 0111.
1567 2011 1665 2040 schol.
1693 2021 1752 2040 om.
1780 2011 1810 2040 b.
1838 2010 1921 2045 Quia
1945 2011 1971 2039 si
1990 2010 2061 2048 quis

225 2068 329 2107 populi
353 2078 420 2107 seq.
448 2068 521 2104 uol.,
549 2068 673 2097 nullum
697 2077 724 2109 γ.
745 2068 814 2096 1011.
833 2077 894 2097 0111.
919 2067 1023 2106 populi
1047 2068 1110 2096 uol.
1135 2071 1216 2096 tuam
1241 2067 1358 2102 vath.
1385 2068 1460 2106 quia
1488 2085 1497 2087 >
1554 2071 1740 2105 perseuerat
1765 2077 1791 2108 γ.
1842 2068 1876 2106 8)
1904 2052 2061 2104 Dg‘ffinitio

226 2135 251 2167 γ.
278 2123 429 2161 definicio
455 2126 484 2154 b.
511 2125 659 2154 definitio
686 2123 722 2154 C.
772 2125 927 2154 Definitio
947 2142 985 2145 2—
1013 2125 1278 2154 consentiendum
1304 2124 1395 2166 -sb,C.
1422 2126 1491 2154 rell.
1519 2135 1578 2154 0111.
1620 2125 1779 2154 Definicio
1803 2124 1967 2153 hominum
1992 2122 2062 2162 quia

226 2182 259 2212 id
282 2192 316 2211 re
341 2182 459 2212 similis
487 2187 536 2212 est
564 2191 628 2212 11011
655 2192 679 2211 e.
706 2192 732 2211 c.
759 2191 844 2211 cons.
871 2182 900 2210 b.
928 2182 1087 2212 Definitio
1114 2186 1163 2211 est
1189 2182 1306 2219 populi,
1344 2182 1395 2220 qui
1418 2183 1448 2211 h.
1476 2192 1499 2212 s.
1526 2186 1587 2216 est,
1625 2186 1651 2210 et
1673 2180 1739 2210 ideo
1764 2182 1792 2210 ei
1819 2190 1884 2210 non
1910 2190 1996 2210 cons.
2023 2178 2058 2209 C.

230 2238 286 2279 10)
312 2240 443 2269 Lemma
464 2239 550 2279 yestit
573 2239 779 2277 amplificaui.
806 2239 916 2268 dicunt
939 2238 1063 2281 path.
1093 2239 1163 2268 rell.
1190 2239 1309 2268 dicant.
1361 2239 1416 2278 12)
1443 2239 1563 2278 Arguit
1588 2239 1652 2268 diu.
1680 2249 1731 2268 uo.
1758 2238 1812 2267 hoc
1837 2247 1860 2267 s.
1887 2247 1916 2275 p.
1944 2237 2061 2267 stoico-

226 2306 295 2326 rum
320 2297 368 2338 «sb.
396 2296 466 2325 rell.
493 2306 555 2326 om.
582 2296 663 2325 conf.
690 2294 732 2325 C:
760 2305 883 2324 anm-(cs.
910 2305 1036 2334 parcas,
1073 2300 1100 2324 et
1123 2305 1179 2334 per
1205 2296 1263 2326 hoc
1288 2296 1413 2326 diuites.
1439 2297 1517 2325 haec
1542 2296 1605 2325 dici
1630 2296 1783 2325 uidentur
1808 2295 1839 2324 in
1866 2293 1991 2324 Stoicos
2017 2294 2060 2323 si-

226 2353 377 2383 mulatos.
404 2352 527 2382 Viduas
553 2363 612 2383 om.
639 2353 688 2393 γὶ).
740 2353 794 2391 15)
823 2352 950 2382 Frustis
977 2353 1073 2382 lectio
1098 2353 1237 2382 omnium
1262 2353 1329 2382 fere
1354 2353 1446 2382 codd.
1473 2353 1601 2383 Horatii
1627 2356 1658 2382 et
1685 2352 1731 2390 (in
1760 2352 1851 2390 Hor.)
1877 2349 1978 2388 vafh.,
2004 2359 2059 2388 pro

226 2420 288 2449 qua
312 2410 405 2448 pauci
431 2419 510 2439 recc.
536 2410 598 2439 mei
625 2413 679 2438 aut
704 2408 829 2438 frustris
856 2411 921 2448 (ed.
949 2409 973 2439 C
1000 2408 1066 2448 ad.)
1092 2413 1145 2438 aut
1172 2409 1283 2440 fruetis
1309 2410 1440 2439 habent.
1481 2407 1602 2439 Gru-stis
1621 2409 1729 2447 glossa
1753 2412 1803 2438 est
1822 2409 1853 2437 in
1870 2407 2059 2446 quibusdam

226 2468 329 2504 codd,
355 2471 390 2496 ut
416 2466 504 2496 Harl.
532 2467 550 2495 3
577 2466 691 2504 (2724.
718 2475 798 2495 saec.
824 2466 924 2504 XII.),
951 2468 1004 2505 qui
1031 2466 1279 2506 habetzfimstis·
1304 2468 1324 2496 i.
1350 2466 1467 2496 crustis.
1497 2465 1608 2496 Θνῑιείὶε
1626 2475 1701 2504 ergo
1719 2466 1879 2503 glossema
1903 2467 1963 2499 est,
1988 2473 2061 2502 pro-

225 2523 346 2554 fectum
384 2524 481 2553 etiam
518 2532 560 2552 ex
595 2522 692 2560 Verg.
720 2522 758 2551 A.
786 2522 855 2560 VII,
886 2525 942 2552 111
977 2523 1100 2562 (pomis)
1128 2528 1159 2554 et
1187 2525 1247 2554 115
1276 2524 1402 2563 (crusti)
1436 2528 1467 2552 et
1492 2533 1532 2552 ex
1558 2522 1589 2552 S.
1616 2523 1639 2560 1,
1670 2524 1696 2560 1,
1725 2522 1781 2551 25:
1819 2521 1892 2550 dant
1925 2519 2061 2550 crustula

225 2581 336 2611 blandi.
363 2580 492 2611 Frustis.
518 2581 694 2610 Particulis
721 2581 862 2610 ciborum
888 2580 940 2623 sz
967 2586 1027 2612 etc.
1056 2598 1090 2603 —-
1121 2583 1247 2620 capiant
1272 2582 1357 2611 libri.
1384 2580 1438 2609 alii
1463 2581 1527 2609 uid.
1554 2581 1615 2609 ins.
1642 2588 1760 2618 capere,
1797 2583 1834 2608 ut
1864 2578 1927 2608 sibi
1953 2586 2059 2607 earum

226 2640 310 2669 bona
336 2639 503 2669 uindicent
529 2637 562 2668 C.
590 2656 627 2658 >m
657 2638 842 2674 conducere,
881 2639 994 2667 uiduas
1022 2640 1081 2668 ins.
1108 2649 1217 2677 caper-e
1242 2643 1269 2668 et
1293 2639 1436 2676 decipere
1463 2647 1515 2667 eas
1540 2640 1576 2666 ut
1603 2637 1663 2666 sibi
1689 2636 1782 2665 uend.
1813 2644 1862 2664 res
1886 2643 1994 2664 earum
2019 2633 2072 2669 Q..

2117 1197 2120 1214 1

2105 1910 2112 2278 l

2103 2385 2107 2450 Ι

226 2696 412 2732 conducere,
438 2696 504 2726 uid.
533 2696 594 2725 ins.
623 2695 758 2734 capiant,
785 2695 945 2732 decipiant
968 2704 1027 2731 eaS,
1067 2700 1100 2724 ut
1128 2697 1186 2725 sib.
1214 2697 1305 2725 uend.
1331 2704 1380 2724 res
1405 2704 1511 2724 earum
1535 2692 1622 2723 vafh.
1661 2691 1811 2723 Scholion
1837 2691 2000 2729 dispescui
2026 2690 2058 2719 in
2100 2678 2103 2738 Ε

224 2757 291 2783 tres
317 2756 425 2791 partes
451 2753 554 2791 iisque
578 2761 661 2781 noua
686 2752 759 2781 dedi
786 2752 946 2788 lemmata,
985 2753 1060 2790 quia
1085 2761 1272 2790 persuasum
1298 2753 1378 2782 mihi
1404 2754 1445 2787 et,
1483 2750 1643 2789 triplicem
1677 2750 1784 2779 inesse
1810 2748 2057 2786 expositionem.

226 2810 350 2839 Viduas
377 2820 436 2839 om.
461 2810 511 2851 γὺ.
539 2812 691 2838 uenentur.
717 2808 848 2838 Insidiis
875 2809 1001 2846 capiant
1024 2810 1071 2849 γί).
1140 2811 1194 2848 16)
1223 2808 1448 2848 Eaecz'piantque.
1475 2808 1645 2845 Decipiant
1669 2816 1728 2843 eas,
1756 2810 1790 2835 ut
1815 2804 1980 2835 uindieent
1997 2813 2057 2843 pa-

226 2866 398 2896 trimonium
423 2876 531 2896 earum
554 2876 581 2909 γ,
608 2876 668 2895 om.
695 2864 760 2901 sibi,
788 2866 871 2903 quod
898 2865 998 2902 (Plin.
1024 2865 1112 2903 XllI,
1143 2866 1210 2904 19).
1237 2870 1272 2895 ut
1298 2866 1340 2895 ad
1361 2875 1390 2894 se
1417 2865 1503 2903 (Liu.
1529 2864 1584 2901 IX,
1611 2865 1663 2893 43.
1690 2863 1807 2892 lustin.
1835 2861 1892 2898 III,
1910 2863 1955 2901 2),
1983 2861 2058 2890 addi

228 2927 259 2952 et
286 2925 393 2953 omitti
420 2928 538 2961 potest.
567 2923 648 2954 conf.
677 2922 744 2953 Cic.
772 2922 835 2952 Off.
861 2923 887 2961 1,
916 2924 951 2952 7:
979 2926 1068 2952 ortus
1095 2924 1195 2953 nostri
1223 2927 1346 2961 partem
1371 2922 1515 2951 uindicat
1541 2921 1658 2959 patria.
1685 2920 1782 2949 Posui
1808 2928 1857 2948 eos
1883 2922 1914 2948 et
1940 2927 2056 2948 eorum.

227 2981 264 3009 b:
294 2980 465 3018 Excipiant.
492 2981 668 3019 decipiant,
695 2985 731 3010 ut
755 2980 882 3019 possint
907 2979 1098 3009 hereditatem
1124 2980 1248 3010 illorum
1274 2980 1390 3009 callide
1415 2979 1548 3008 auferre.
1576 2986 1700 3007 auarus.
1726 2976 1843 3005 Parcas
1861 2985 1897 3005 ac
1921 2983 1977 3013 per
2001 2975 2059 3004 hoc
2095 3007 2099 3018 Ι

228 3037 348 3066 diuites
373 3036 461 3077 ·(b,C.
490 3038 558 3067 rell.
585 3048 644 3067 om.
671 3038 690 3067 b
717 3037 823 3066 addit:
854 3037 873 3065 i.
899 3037 1062 3075 decipiant
1089 3045 1152 3072 eas,
1188 3041 1222 3066 ut
1247 3036 1413 3066 uindicem
1441 3036 1502 3065 sibi
1523 3033 1736 3073 patrimonium
1761 3042 1878 3062 earum.
1906 3030 1987 3061 conf.
2015 3029 2055 3060 C:

228 3092 440 3131 decipiantque.
479 3099 514 3123 ut
550 3094 664 3123 callide
690 3097 821 3132 possent
847 3102 953 3123 00111111
980 3094 1046 3122 her.
1073 3093 1207 3122 auferre.
1274 3094 1329 3133 18)
1355 3093 1454 3123 schol.
1481 3101 1541 3122 om.
1567 3101 1593 3133 γ.
1621 3089 1702 3120 conf.
1728 3090 1747 3119 b
1774 3089 1814 3119 ad
1840 3089 1939 3118 schol.
1965 3097 2055 3126 prae·
2094 3083 2097 3164 ι

228 3150 354 3179 cedens.
