2148 3412
817 117 866 151 m
884 117 1030 151 EPIST.
1056 118 1100 158 11,
1128 122 1156 151 1.
1812 107 1892 148 535

185 243 277 284 128.
310 243 411 285 Mox
432 243 548 284 etiam
567 250 716 298 pectus.
776 241 937 284 Verum
969 249 1049 292 est,
1082 242 1236 283 multae
1267 242 1378 283 enim
1410 248 1505 284 sunt
1534 242 1577 283 in
1609 241 1743 298 poetis
1773 240 1895 283 utiles

72 315 375 371 βιωφελεῖςᾳμιθ
407 315 648 357 sententiae.
710 318 856 358 Amicis
880 331 1020 372 praec.
1080 315 1177 357 Hoc
1208 323 1281 366 est,
1313 315 1498 358 utilibus.

184 389 276 430 130.
308 390 477 430 orientia
509 397 697 444 tempora.
756 388 1006 443 Proponens
1038 389 1230 444 exempla
1270 389 1400 430 inulta
1445 389 1584 439 efficit,
1630 396 1675 430 ut
1719 388 1897 430 orientia

69 469 271 517 tempora,
302 462 382 503 hoc
415 470 487 512 est,
533 462 758 512 uenientia,
800 462 1034 504 cuiusmodi
1063 462 1202 504 futura
1233 462 1328 513 sint,
1374 463 1640 504 aestimemus
1671 470 1711 503 et
1742 462 1896 504 instru—

70 551 189 577 amur
220 550 270 576 ex
300 543 395 576 ante
427 536 568 591 gestis.

183 610 276 650 131.
308 614 463 666 inopem
493 611 661 651 solatur.
724 608 804 651 Vel
845 608 1149 650 delectamento
1195 609 1271 659 sui,
1316 608 1385 650 uel
1426 609 1666 664 praeceptis
1710 609 1896 664 philoso-

70 683 262 739 phorum.

184 757 277 798 132.
314 756 443 797 Castis
475 770 564 797 cum
587 757 740 811 pueris.
801 754 934 797 Infert
962 770 1039 811 per
1069 755 1257 806 auxesin,
1294 756 1406 810 quod
1438 756 1532 810 quis
1553 771 1577 797 a
1599 755 1680 797 diis
1715 755 1897 812 inpetrat

68 844 146 886 per
177 830 325 871 choros
356 844 582 883 puerorum
604 843 653 870 ac
673 828 903 885 uirginum,
948 836 1097 885 poetae
1119 829 1449 871 adscribendum
1480 844 1584 880 esse,
1617 829 1688 885 qui
1710 829 1899 871 carmina

70 903 164 959 ipsa
195 902 406 959 conponit.

185 978 276 1018 134.
312 978 447 1018 Poscit
476 991 586 1033 opem
609 976 755 1018 chorus
778 986 809 1018 el
826 981 1053 1033 praesentia
1074 978 1240 1018 numina
1262 979 1389 1019 sentit.
1448 975 1515 1018 Ac
1552 990 1628 1032 per
1661 976 1740 1017 hoc
1771 990 1898 1017 exau-

71 1050 194 1091 ditur.
255 1049 341 1091 Hic
372 1057 510 1091 autem
542 1050 752 1106 significat
783 1050 983 1100 carmina,
1024 1049 1177 1104 quibus
1208 1050 1268 1090 dii
1298 1050 1532 1106 placantur,
1563 1049 1642 1092 hoc
1664 1056 1738 1100 est,
1770 1064 1898 1104 paea-

69 1139 157 1175 nas,
190 1123 494 1179 dithyrambos,
525 1124 718 1179 hymnos,
749 1124 960 1180 prosodia.

184 1198 276 1239 135.
314 1197 505 1239 Caelestes
535 1199 713 1254 implorat
743 1213 880 1254 aquas.
939 1196 1186 1247 Enumerat,
1230 1211 1336 1252 quae
1368 1204 1408 1238 et
1453 1203 1609 1252 quanta
1653 1197 1712 1238 dii
1757 1197 1900 1253 pueris

71 1278 112 1313 et
140 1271 289 1326 puellis
320 1270 591 1326 precantibus
622 1271 771 1313 merito
804 1271 990 1313 carmine
1021 1277 1245 1325 praestent.

186 1346 279 1386 137.
313 1345 493 1401 Inpetral
523 1354 559 1386 et
581 1360 733 1401 pacem.
794 1344 949 1386 Utrum
982 1346 1148 1387 deorum
1174 1359 1317 1401 pacem
1346 1359 1458 1395 uere,
1496 1360 1549 1385 an
1574 1359 1717 1400 pacem
1737 1344 1762 1385 i.
1786 1359 1819 1386 e.
1851 1344 1900 1385 fi-

71 1433 167 1460 nem
198 1418 365 1474 belli‘?†)

187 1493 278 1533 139.
313 1493 526 1547 Aqricolae
550 1493 690 1548 prisci.
751 1490 871 1533 Dicit
901 1506 1033 1546 usque
1065 1491 1169 1532 adeo
1202 1491 1389 1533 carmina
1425 1491 1583 1546 ubique
1630 1498 1752 1547 grata
1797 1506 1900 1542 esse,

73 1572 117 1607 ut
147 1565 273 1607 etiam
304 1565 449 1608 rustici
479 1572 643 1608 ueteres
675 1565 933 1608 carminibus
965 1579 1008 1608 se
1039 1564 1309 1616 delectarent,
1347 1580 1443 1607 cum
1476 1565 1632 1607 diuinis
1653 1565 1778 1607 rebus
1801 1579 1901 1620 ope-

73 1647 277 1681 rarentur.

182 1728 391 1771 paruoque
422 1715 536 1756 beati.
596 1713 662 1755 lta
692 1713 876 1756 contenti
905 1728 989 1755 non
1026 1712 1158 1763 auari,
1203 1719 1250 1753 ut
1294 1712 1403 1754 inter
1447 1727 1602 1768 paruas
1647 1727 1745 1768 opes
1790 1712 1903 1754 beati

72 1788 267 1830 uixerint.

189 1863 280 1903 140.
318 1862 481 1904 Condita
504 1871 597 1919 post
626 1864 839 1916 frumenta.
898 1860 1001 1902 Post
1030 1873 1222 1907 messem,
1253 1874 1307 1900 an
1338 1866 1433 1914 post
1462 1859 1749 1901 uindemiam?
1793 1858 1905 1900 Nam

44 1936 54 1946 ²
75 1942 115 1978 et
142 1938 326 1978 autumni
350 1937 556 1990 frumenta
589 1936 804 1977 Sallustius
835 1934 940 1975 dixit
972 1933 1121 1989 (Histt.
1151 1933 1302 1988 fragm.
1333 1932 1414 1982 III,
1449 1935 1514 1983 77,
1547 1934 1601 1974 20
1630 1932 1790 1989 Kritz).

189 2011 281 2050 141.
311 2025 377 2066 spe
403 2010 498 2064 finis
530 2010 648 2051 dura.
707 2008 824 2051 Vera
856 2007 1061 2050 sententia
1092 2013 1166 2057 est,
1211 2005 1472 2048 tolerabilem
1503 2006 1594 2047 fieri
1624 2006 1812 2048 laborem
1842 2006 1904 2047 la-
1956 2018 1967 2025 ”

76 2083 191 2126 boris
220 2084 302 2125 fine
333 2083 563 2139 proposito.

191 2223 223 2261 1)
251 2223 283 2252 in
308 2222 435 2261 poeticis
459 2223 546 2252 vafh.
596 2223 630 2263 2)
657 2221 752 2252 amici
774 2221 817 2251 M.
845 2224 927 2251 sent.
954 2229 1029 2259 quae
1042 2219 1188 2259 soronam
1211 2220 1323 2249 amicis
1349 2228 1453 2256 praec.
1485 2219 1516 2248 h.
1555 2229 1581 2249 e.
1620 2219 1692 2249 util.
1730 2219 1796 2250 afh.
1835 2228 1906 2249 sen-

75 2279 161 2310 tenti
183 2280 260 2320 (sic)
288 2289 385 2319 equae
398 2280 495 2318 finem
519 2289 581 2310 am.
608 2289 654 2318 pr.
680 2280 712 2308 h.
741 2289 767 2308 e.
792 2279 864 2308 util.
890 2288 920 2308 v.
969 2278 1004 2315 3)
1029 2281 1114 2307 muta
1139 2276 1205 2306 ΜΞ.
1255 2276 1291 2314 4)
1318 2276 1535 2305 existimemus
1560 2276 1648 2305 vafh.
1714 2276 1747 2315 6)
1775 2277 1827 2305 uel
1852 2277 1906 2306 de-

76 2336 221 2367 lectando
246 2337 309 2367 suis
332 2336 420 2366 vafh.
447 2337 667 2367 delectamento
693 2335 744 2366 sui
766 2334 893 2367 MA2G.
955 2334 989 2372 8)
1016 2343 1126 2362 auxes.
1154 2332 1259 2371 inquid
1285 2334 1357 2371 quis
1382 2342 1437 2370 per
1462 2333 1574 2362 choros
1599 2332 1665 2361 aclis
1690 2333 1827 2370 imperat
1852 2342 1905 2371 pu.

76 2394 119 2424 M.
146 2395 289 2424 auxesim
306 2395 371 2425 afh.
398 2394 532 2424 auxesin
556 2404 586 2424 v.
613 2403 688 2423 aux.
715 2393 792 2431 quid
817 2391 938 2431 quisque
962 2401 980 2420 a
1005 2391 1068 2420 diis
1095 2392 1223 2428 impetr.
1250 2400 1306 2428 per
1331 2391 1442 2419 choros
1468 2399 1520 2427 pu.
1546 2389 1636 2419 vafh.
1666 2389 1812 2428 quidquid
1835 2391 1906 2428 quis

78 2461 97 2482 a
120 2451 167 2481 dis
191 2453 227 2488 Q.
255 2453 345 2491 posui
371 2452 449 2491 quod
471 2453 554 2490 quis.
581 2451 663 2481 conf.
689 2451 759 2492 Bap:
788 2449 956 2480 ‘Ostendit
980 2449 1159 2478 utilitatem
1183 2456 1331 2486 magnam
1357 2457 1374 2476 a
1400 2447 1502 2484 poetis
1528 2447 1599 2476 urbi
1624 2446 1742 2475 inferre
1761 2446 1907 2486 (inferri)

78 2509 152 2547 quia
176 2509 237 2547 ipsi
264 2513 461 2548 componunt
484 2509 626 2538 carmina
651 2508 769 2546 quibus
795 2507 840 2535 dii
866 2506 1035 2544 placantur
1070 2514 1125 2542 per
1161 2514 1216 2534 ora
1252 2513 1420 2542 puerorum
1457 2508 1489 2533 et
1525 2503 1702 2541 puellarum
1740 2503 1823 2532 sicut
1859 2506 1908 2532 est

78 2566 167 2596 illius
193 2567 336 2596 seculare
362 2575 489 2595 carmen
515 2565 598 2604 quod
625 2564 715 2603 pueri
741 2568 773 2593 et
798 2563 924 2601 puellae
949 2565 1164 2591 cantauerunt
1193 2563 1226 2591 in
1252 2561 1415 2598 capitolio,
1453 2569 1534 2598 quae
1559 2561 1700 2589 carmina
1737 2558 1908 2588 ditiramba

79 2624 131 2654 uel
156 2633 259 2662 peona
284 2624 333 2666 (φ,
358 2633 462 2662 poena
479 2623 522 2662 B)
550 2626 704 2652 uocantur
728 2631 765 2650 ac
789 2630 843 2659 per
867 2621 926 2649 hoc
951 2620 1037 2658 quod
1061 2620 1149 2657 pueri
1177 2622 1207 2648 et
1232 2618 1378 2656 uirgines
1403 2627 1420 2646 a
1439 2618 1501 2646 diis
1527 2618 1714 2654 impetrant,
1741 2625 1795 2654 pro
1821 2619 1908 2645 statu

80 2681 276 2719 reipublicae
301 2684 415 2718 poetae
441 2684 490 2709 est
516 2678 774 2714 adscribendum,
812 2677 865 2715 qui
902 2677 1046 2706 carmina
1078 2675 1262 2713 componit!
1330 2674 1384 2711 13)
1412 2674 1578 2711 prosodias
1602 2673 1690 2703 vafh.
1758 2674 1814 2712 14)
1841 2671 1906 2702 Cel.

80 2738 158 2776 inpl.
183 2738 226 2767 M.
253 2737 396 2767 caelestis
420 2736 481 2772 vQ.
508 2736 655 2766 caelestes
679 2744 708 2764 a.
735 2734 885 2764 coelestes
910 2734 956 2762 fh.
983 2750 1025 2753 —
1049 2732 1199 2770 implorat.
1238 2741 1261 2760 s.
1299 2731 1368 2768 ipsc
1404 2732 1517 2760 chorus
1555 2731 1731 2759 instructus
1768 2730 1909 2759 carmine

79 2794 142 2837 Βφ.
168 2795 239 2832 ipse
264 2794 378 2824 chorus
405 2792 441 2823 C.
503 2792 559 2831 15)
587 2792 759 2821 carminum
781 2791 827 2820 fh.
895 2789 950 2828 16)
975 2799 1048 2819 uere
1072 2798 1112 2818 an
1137 2797 1246 2827 pacem
1270 2786 1346 2817 MG.
1373 2787 1531 2816 eclam-eam
1557 2795 1665 2824 pacem
1694 2784 1772 2825 (sic)
1799 2787 1827 2815 2.
1854 2795 1909 2824 pa-

81 2860 150 2881 cem
174 2861 216 2880 an
240 2860 349 2889 pacem
376 2851 395 2881 i.
422 2850 475 2879 fin.
499 2849 578 2879 belli
603 2858 652 2879 va.
679 2852 738 2878 utr.
765 2848 895 2876 deorum
920 2855 1039 2884 pacem,
1071 2854 1112 2874 an
1139 2846 1193 2874 fin.
1219 2845 1297 2874 belli
1322 2844 1367 2873 fh.
1394 2852 1434 2872 an
1458 2852 1531 2872 uero
1557 2852 1607 2881 pa.
1634 2842 1671 2878 Q.
1692 2852 1809 2881 pacem.
1835 2843 1909 2872 deo-

81 2893 149 2938 rum
174 2908 227 2937 uel
252 2907 295 2945 (et
317 2906 358 2946 C)
398 2908 493 2936 finem
528 2907 606 2936 belli
642 2904 748 2947 Boss.
812 2903 870 2941 21)
897 2904 946 2933 ita
970 2902 1046 2932 enim
1071 2911 1122 2932 au.
1148 2901 1192 2932 M.
1220 2902 1267 2931 ita
1292 2910 1368 2930 uero
1396 2900 1477 2939 (uo.)
1504 2899 1540 2928 R.
1566 2900 1616 2929 Ita
1642 2909 1702 2929 om.
1727 2900 1813 2929 vafh.
1840 2899 1910 2929 rell.

81 2965 133 2996 Ita
156 2975 215 2995 non
239 2965 329 2995 auari
355 2962 476 3004 Q(G?).
502 2964 614 3001 posui:
642 2963 687 2992 ita
710 2960 847 2998 contenti,
873 2970 935 2990 non
961 2960 1060 2990 anari.
1084 2959 1170 2988 beati.
1198 2967 1296 2996 parua
1320 2967 1354 2986 re
1379 2957 1523 2986 contenti
1542 2956 1604 2999 Βφ.
1630 2957 1740 2994 paucis
1766 2956 1911 2986 contenti

82 3021 118 3052 C.
167 3022 224 3061 23)
256 3021 360 3051 Utrum
384 3024 456 3059 post
478 3021 525 3049 fh.
552 3019 621 3049 rell.
649 3028 710 3048 om.
748 3017 861 3056 (etiam
884 3026 934 3047 va.
961 3025 1129 3056 perperam
1155 3014 1208 3054 Q.)
1229 3013 1417 3053 postfrum.
1455 3014 1533 3043 Post
1569 3022 1704 3042 messem
1739 3012 1801 3055 Βφ.
1851 3010 1909 3052 24)

83 3079 229 3108 autumni
253 3077 390 3116 M,vafh.
441 3077 497 3116 25)
522 3076 607 3106 Vera
632 3085 692 3105 om.
711 3075 777 3104 afh.
825 3073 856 3113 †)
883 3073 962 3105 Cum
989 3074 1049 3104 hoc
1067 3073 1189 3104 scholio
1214 3071 1321 3110 pergit
1341 3070 1408 3101 cod.
1426 3070 1453 3100 R
1470 3074 1545 3109 post
1562 3070 1721 3108 lacunam,
1741 3078 1822 3108 quae
1838 3072 1911 3098 ten-

84 3134 133 3166 dit
157 3144 176 3165 a
200 3144 231 3165 u.
258 3135 299 3165 82
326 3143 427 3174 usque
452 3134 493 3164 ad
518 3143 549 3163 u.
578 3133 640 3163 137
666 3133 701 3163 in
723 3132 801 3163 folio
829 3131 901 3162 133.

1924 912 1965 944 10

1929 1280 1966 1311 15

1927 1648 1969 1681 20
