2148 3412
97 951 138 984 10

96 1320 136 1352 15

166 148 248 189 462
799 158 902 192 Aen.
929 159 989 190 ET
1014 158 1179 190 Ponrn.
1206 158 1352 192 COMM.

283 285 548 324 l‹'erenti›wm.
609 281 832 338 Oppidum
878 279 1153 337 Campaniae.
1227 282 1337 324 Alii
1381 283 1658 340 municipium
1704 284 1851 326 uolunt
1892 285 1987 327 uiae

166 355 410 396 Labicanae
446 356 499 396 ad
529 355 731 398 XLVIII
763 356 960 411 lapidem,
992 355 1082 397 Alii
1114 356 1393 408 Ferentinum,
1425 357 1538 411 quod
1568 358 1611 399 in
1642 357 1795 400 Tuscis
1825 365 1897 400 est.

280 433 315 469 a.
347 429 452 472 Nam
482 444 604 485 nequo
634 430 824 471 diuitibus
856 438 955 472 cont.
987 430 1109 484 qoud.
1139 446 1193 471 so.
1275 429 1454 486 [Sensus
1490 430 1590 488 cstz]
1638 431 1794 482 Habet,
1838 431 1986 487 inquit,

165 509 203 544 et
235 509 460 558 paupertas
490 502 726 558 uoluptates
757 518 865 554 suas,
897 503 932 545 si
963 503 1153 545 molestia
1184 510 1324 545 careat
1352 503 1395 545 in
1427 504 1597 547 remotis
1626 505 1741 547 locis.

279 578 342 617 10.
375 578 447 632 qui
463 584 579 618 natus
601 592 698 618 mor.
720 578 874 632 fefellit.
932 576 1030 618 Hoc
1059 584 1133 628 est,
1166 576 1237 632 qui
1267 577 1355 618 uita
1384 576 1516 628 latuit,
1547 584 1590 619 ut
1621 585 1661 619 et
1689 584 1811 620 natus
1837 584 1877 619 et
1897 594 1987 620 mo-

164 649 275 691 riens
306 649 587 706 ignoraretur,
634 650 705 705 qui
742 650 820 692 fuit
849 651 893 691 in
924 649 1114 692 obscuro.
1183 649 1262 693 Est
1306 659 1444 693 autem
1488 650 1799 707 Epicureorum
1844 651 1987 694 AAeE

165 721 391 765 BIQCAC.

276 797 357 839 Nec
386 799 493 839 erz't
523 798 625 839 male
656 799 726 853 qui
751 812 790 838 η.
821 812 872 839 m.
903 798 1056 852 fefellit.
1115 795 1475 840 LatuitsGraeca
1505 798 1722 840 sententia.

278 872 343 912 11.
377 871 422 913 Si
436 872 627 928 prodesse
649 873 737 913 Παῖς.
800 870 848 913 Si
883 871 948 913 uis
968 871 1257 928 indulgentius
1286 871 1444 922 uiuere,
1476 872 1703 924 innotesce,
1735 879 1776 915 et
1804 887 1881 928 per
1910 873 1989 915 hoc

163 944 360 1000 prodesto
391 944 484 986 tuis.

277 1020 340 1059 12.
373 1020 515 1060 siccus.
573 1018 758 1074 Pauper,
790 1018 938 1060 tenuis.
998 1026 1177 1060 unctum.
1208 1017 1498 1073 Locupletem.

276 1093 339 1133 13.
372 1092 420 1133 Si
431 1094 651 1148 pranderet
670 1093 796 1134 holus.
855 1091 924 1133 Ex
945 1091 1120 1134 historia
1151 1092 1276 1133 sumit
1307 1091 1558 1149 [sumptum]
1591 1093 1843 1148 exemplum,
1876 1094 1989 1148 quod

161 1165 408 1220 plerumque
430 1165 562 1221 prosit
583 1165 770 1207 amicitia
790 1165 1010 1216 maiorum,
1032 1180 1273 1221 proponens
1302 1166 1408 1208 duos
1429 1166 1713 1221 philosophos,
1746 1165 1988 1222 Diogenem

163 1237 372 1294 Cynicum
403 1247 442 1280 et
473 1238 756 1295 Aristippum,
803 1246 940 1281 sectae
969 1238 1278 1294 Epicureorum
1313 1240 1531 1281 fautorem.
1606 1238 1680 1282 Sic
1710 1247 1851 1282 monet
1879 1239 1987 1282 Dio-

162 1327 291 1368 genes
312 1312 594 1369 Aristippum,
626 1312 862 1354 Alexandri
884 1312 1037 1369 Magni
1068 1320 1326 1364 sectatorem,
1358 1313 1430 1368 qui
1461 1313 1785 1368 contempnebat
1805 1328 1987 1370 pauper-

160 1394 298 1428 tatem.
361 1385 557 1440 Quodam
603 1386 734 1443 igitur
778 1387 846 1428 die
883 1386 1072 1443 Diogeni
1115 1387 1260 1428 holera
1306 1387 1535 1443 conligenti
1581 1387 1685 1428 dixit
1714 1385 1984 1443 Aristippus:

161 1460 379 1517 Diogenes
410 1462 445 1503 si
475 1461 601 1503 sciret
630 1461 802 1517 regibus
832 1461 905 1511 uti,
937 1461 1143 1502 fastidiret
1172 1461 1304 1503 holus.
1366 1459 1448 1503 Cui
1469 1460 1708 1517 Diogenes:
1741 1460 1988 1518 Aristippus

161 1535 194 1576 si
226 1535 353 1577 nollet
384 1535 558 1592 regibus
589 1535 662 1586 uti,
694 1535 762 1577 uel
794 1534 1019 1590 pranderet
1050 1534 1182 1576 holus.

276 1685 307 1724 1)
335 1686 412 1716 Des.
439 1690 487 1716 est
512 1687 642 1725 opidum
667 1687 696 1715 b.
734 1686 887 1724 oppidum
913 1688 961 1715 est
986 1685 1033 1726 γ1).
1060 1684 1131 1714 rell.
1159 1693 1221 1714 om.
1259 1683 1423 1715 labicanae
1447 1695 1473 1728 γ.
1500 1685 1585 1715 conf.
1613 1685 1683 1716 Liu.
1709 1686 1764 1724 IV,
1791 1687 1843 1716 4l.
1870 1686 1987 1716 lauica-

159 1752 218 1772 nae
243 1743 272 1772 b.
306 1743 389 1773 Urbs
416 1744 569 1773 scribitur
594 1742 702 1772 Labici
728 1746 760 1772 et
785 1742 893 1772 Lauici
919 1743 953 1772 in
978 1742 1171 1772 membranis
1198 1741 1269 1772 Liu.
1296 1741 1337 1779 II,
1365 1743 1416 1772 39.
1443 1743 1495 1773 45.
1523 1744 1575 1773 47.
1603 1742 1672 1774 Cic.
1699 1743 1776 1783 Agr.
1802 1743 1844 1781 ΙΙ,
1871 1744 1925 1781 45,
1951 1753 1988 1774 ae
2043 1748 2054 1755 “

159 1800 276 1830 dicitur
302 1801 399 1830 etiam
425 1800 575 1830 Labicum
599 1810 623 1829 s,
650 1799 815 1829 Lauicum.
842 1798 899 1829 Sil.
925 1799 995 1836 XII,
1023 1800 1096 1829 534.
1124 1799 1203 1829 conf.
1231 1798 1296 1829 Cic.
1323 1799 1437 1829 Parad.
1462 1800 1516 1837 VI⁷
1543 1801 1595 1830 31.
1646 1801 1681 1839 3)
1707 1799 1825 1830 Sensus
1852 1804 1899 1830 est
1925 1811 1986 1831 om.

158 1858 205 1898 γυ.
232 1858 339 1886 Habet
363 1875 390 1877 Ἀ
409 1858 486 1887 locis
511 1855 729 1898 -sbseathQ
779 1857 815 1896 4)
842 1857 974 1886 remotis
999 1857 1048 1898 γ1).
1073 1857 1200 1886 semotis
1215 1855 1314 1894 (ΧΩ).
1339 1856 1473 1886 molestis
1500 1856 1584 1886 cafh.
1634 1858 1667 1896 5)
1694 1858 1748 1886 ille
1773 1867 1799 1898 γ.
1826 1858 1897 1886 rell.
1922 1866 1982 1887 om.

158 1915 226 1944 uita
250 1915 297 1955 γ11.
316 1915 386 1943 rell.
405 1924 466 1944 om.
517 1914 551 1952 6)
578 1909 806 1946 ΛΑΒΒΙΑΟΑΟ
825 1915 854 1944 b.
904 1915 938 1953 8)
965 1914 1076 1944 Latuit
1101 1923 1149 1952 gr.
1175 1917 1258 1943 sent.
1285 1914 1403 1944 latebit
1427 1924 1452 1956 γ.
1478 1924 1538 1943 0111.
1557 1915 1587 1944 b.
1649 1914 1682 1953 9)
1710 1913 1743 1944 Si
1769 1915 1834 1944 tuis
1850 1915 1898 1956 γὶ).
1917 1914 1985 1943 rell.

158 1980 216 2000 0111.
245 1970 327 2001 conf.
354 1970 389 2000 C.
452 1970 507 2010 11)
534 1971 632 2009 Paup.
660 1975 723 2001 ten.
750 1970 830 2012 *sb,C
857 1970 968 2011 (paup.
995 1975 1022 2000 et
1045 1971 1178 2010 tenuis).
1206 1980 1327 2009 pauper
1351 1971 1414 2014 Βφ.
1433 1989 1472 1991 μ
1491 1970 1622 2009 Locupl.
1648 1972 1696 2013 γὺ.
1725 1971 1793 2000 rell.
1818 1980 1877 2000 om.
1904 1971 1984 2000 conf.

159 2028 200 2059 C:
239 2029 404 2067 opulentum
439 2033 465 2058 et
499 2029 615 2067 locupl.
665 2028 716 2058 Ad
742 2039 770 2058 11.
801 2031 849 2059 10.
879 2031 928 2058 11.
956 2030 974 2059 b
1000 2030 1128 2066 insuper
1152 2029 1249 2058 habet
1274 2029 1368 2058 haec:
1407 2029 1576 2066 ‘graciores
1603 2028 1640 2068 (l.
1668 2029 1790 2066 gratior
1813 2027 1863 2067 es)
1901 2028 1986 2066 apud

157 2095 259 2125 reges.
286 2086 403 2115 Aliter.
428 2086 593 2124 Diogenes
619 2087 679 2116 1100
704 2087 931 2116 anthisthenes
958 2087 996 2116 de
1012 2086 1166 2124 Arisippo
1184 2085 1261 2124 (sic)
1283 2085 1380 2115 dixit.
1428 2086 1499 2116 Non
1525 2086 1628 2115 omnis
1654 2086 1758 2124 inquit
1784 2085 1837 2123 qui
1862 2084 1986 2122 gracio-

158 2153 212 2173 sus
239 2148 287 2173 est
312 2143 397 2181 apud
421 2152 516 2181 reges
542 2143 619 2172 felix
647 2147 696 2172 est
722 2148 753 2173 et
776 2144 903 2173 beatus.
932 2152 990 2172 nec
1016 2143 1113 2172 illest—1
1139 2141 1217 2182 (sic)
1235 2143 1327 2173 modo
1353 2143 1435 2172 male
1459 2142 1547 2172 uixit
1572 2143 1627 2181 qui
1651 2151 1714 2172 non
1738 2142 1802 2172 fuit
1827 2142 1912 2171 fama
1934 2151 1985 2172 ce-

156 2200 253 2230 lebris
291 2201 346 2229 sed
382 2208 517 2229 nascens
544 2204 573 2229 et
599 2201 740 2229 moriens
766 2201 933 2238 ignoratus
960 2204 1008 2229 est
1034 2210 1052 2229 a
1077 2200 1286 2238 principibus.
1338 2199 1391 2229 Ex
1417 2200 1532 2229 istoria
1557 2200 1665 2229 sumit'
1693 2203 1753 2228 etc.
1815 2199 1870 2238 12)
1897 2198 1987 2228 sumit

148 2258 204 2299 ffb.
232 2258 301 2286 rell.
329 2261 467 2286 summm.
496 2255 580 2286 conf.
596 2255 635 2286 C:
663 2257 825 2295 Diogenes
851 2257 891 2286 ad
916 2256 1131 2295 Aristippum,
1151 2257 1294 2295 proponit
1318 2260 1426 2286 autem
1453 2266 1493 2286 ex
1518 2257 1654 2286 historia
1680 2257 1757 2286 duos
1776 2256 1984 2294 philosophos
2019 2295 2023 2298 ν

156 2315 252 2352 Diog.
279 2313 358 2352 Cyn.
384 2313 434 2343 nel
456 2313 653 2343 Ante'schenem
679 2314 899 2344 adulationem
925 2315 1143 2352 potentiorum
1167 2314 1390 2351 declinantem,
1425 2318 1459 2343 et
1485 2323 1543 2343 sua
1568 2316 1756 2352 paupertate
1783 2316 1982 2350 contentum,

154 2370 355 2409 Aristippum
392 2374 470 2400 sect.
507 2370 566 2408 Ep.
594 2370 762 2400 fautorem.
790 2370 877 2400 Olim
902 2371 1042 2409 Diogeni
1069 2372 1155 2401 olera
1180 2371 1298 2400 lauanti
1321 2371 1410 2400 (lixit
1434 2370 1632 2408 Aristippus'
1667 2374 1728 2400 etc.
1797 2369 1852 2407 13)
1879 2369 1984 2407 philo-

156 2428 282 2465 sophos.
331 2427 534 2465 Aristippum
561 2428 697 2456 cinicum
723 2431 830 2457 sectae
856 2437 903 2465 ep.
930 2428 1087 2458 fautorem
1113 2429 1286 2458 alexandri
1312 2429 1429 2466 magni.
1458 2432 1489 2457 et
1515 2428 1684 2465 diogenem
1711 2427 1846 2457 stoicum
1872 2426 1983 2455 adula-

156 2484 276 2513 tionem
305 2485 460 2514 maiorum
490 2484 706 2513 declinantem
744 2489 776 2514 et
812 2488 1000 2522 paupertate
1037 2488 1235 2514 contentum.
1285 2484 1421 2520 Quidam
1448 2485 1484 2523 (1.
1512 2484 1675 2522 Quodam)
1704 2484 1803 2521 igitur
1831 2481 1902 2523 [de]
1931 2483 1983 2512 die

155 2540 300 2579 Diogene
325 2542 432 2570 holera
456 2541 583 2579 legente
609 2542 765 2579 (lauante.
793 2542 871 2570 conf.
900 2541 939 2580 (t)
974 2542 1159 2579 superuenit
1186 2542 1374 2579 Aristippus
1400 2546 1496 2579 atque
1522 2541 1749 2571 subsannando
1775 2541 1877 2570 dixit:
1903 2539 1982 2569 Dio-

155 2608 253 2636 genes
288 2616 319 2619 v<
345 2599 529 2636 Aristippus
556 2599 662 2636 iuquit
690 2599 743 2636 qui
768 2608 818 2628 me
844 2602 936 2628 notat
962 2599 1062 2628 nollet
1084 2599 1234 2637 patienter
1258 2599 1387 2637 regibus
1414 2599 1460 2628 uti
1487 2599 1512 2627 si
1550 2598 1723 2636 pranderet
1760 2597 1861 2634 holus,
1899 2596 1983 2626 sicut

156 2655 223 2693 ego'
250 2665 274 2695 γ,
302 2655 384 2685 conf.
401 2656 436 2684 b:
452 2656 729 2693 “philosophos
756 2656 923 2693 diogenem
950 2660 981 2685 et
1007 2656 1169 2694 ariscipum
1196 2656 1286 2695 (sic).
1315 2665 1450 2694 quorum
1475 2654 1645 2693 ariscippus
1663 2650 1740 2694 (sic)
1760 2653 1866 2683 fautor
1890 2654 1982 2682 alex-

155 2713 247 2741 andri
272 2713 392 2751 magni.
419 2713 572 2750 diogenes
598 2712 776 2742 adolatione
799 2714 951 2742 maiorum
978 2714 1144 2743 declinans·
1169 2717 1401 2752 paupertatem.
1431 2714 1602 2750 conteptus
1628 2715 1696 2740 erat
1722 2710 1858 2749 quadani
1884 2710 1982 2747 igitur

156 2768 231 2806 (om.
259 2769 326 2807 die)
355 2770 488 2807 diogene
515 2769 624 2799 holera
649 2769 814 2807 colligente
840 2771 1027 2807 superuenit
1055 2770 1222 2808 arisippus.
1260 2771 1301 2799 ad
1327 2779 1420 2808 quem
1446 2770 1609 2806 diogenes.
1637 2768 1661 2797 si
1688 2767 1862 2805 pranderet
1887 2767 1981 2796 holus

155 2827 320 2863 pacienter
345 2827 501 2864 ariscipus
522 2826 609 2865 (sic).
636 2826 737 2855 nollet
764 2827 810 2855 uti
836 2827 976 2864 regibus,
1004 2826 1064 2856 Cui
1089 2828 1278 2865 ariscippus.
1306 2828 1360 2865 qui
1386 2836 1436 2856 me
1462 2829 1551 2856 notat
1578 2825 1741 2855 fastidiret
1765 2824 1859 2854 holus
1884 2824 1982 2853 sciret

156 2883 202 2911 uti
231 2884 370 2920 regibus.
398 2883 499 2912 Aiunt
525 2884 720 2921 ariscippum
747 2883 886 2913 inuitato
914 2884 1049 2921 diogene
1076 2885 1116 2913 ad
1142 2885 1273 2914 balneas
1300 2885 1429 2913 dedisse
1454 2891 1590 2921 operam.
1629 2887 1662 2911 nt
1700 2890 1808 2911 omnes
1843 2881 1915 2919 plus
1942 2880 1979 2919 (1.

156 2940 258 2979 prius)
286 2941 523 2977 (egrederentur.
550 2942 715 2979 ipsumque
742 2941 874 2978 pallium
892 2942 1039 2979 diogenis
1058 2942 1212 2972 induisse.
1244 2942 1357 2979 illique
1381 2949 1574 2979 purpureum
1599 2939 1779 2977 reliquisse.
1806 2938 1889 2977 quod
1913 2938 1980 2967 dio-

157 3006 253 3032 gencs
279 3006 428 3035 egressus
455 3008 524 3027 011111
550 2999 682 3027 induere
707 2999 865 3027 noluisset
891 3008 980 3027 suum
1006 3002 1166 3036 repetens.
1193 3004 1268 3029 tunc
1293 2998 1461 3035 aristippus
1488 2997 1669 3034 increpauit
1706 2996 1843 3025 cinicum
1878 2994 1979 3024 fames

157 3054 233 3092 (siv)
261 3055 453 3083 seruientem
479 3056 533 3092 qui
559 3056 666 3093 algere
692 3055 801 3084 mallet
828 3064 922 3093 quam
947 3056 1090 3093 conspici
1118 3056 1227 3086 inffite.
1255 3056 1349 3085 Peius
1374 3055 1494 3084 uitauit
1531 3053 1701 3082 clamidem
1737 3062 1831 3090 qnam
1868 3060 1978 3081 canem

156 3111 312 3148 rapidum.
340 3112 390 3140 uel
417 3116 596 3148 serpentem
622 3117 651 3142 et
679 3112 822 3142 ostendit
847 3112 1023 3141 stulticiam
1049 3113 1188 3142 hominis
1214 3113 1267 3152 qui
1294 3112 1490 3150 praeciosam
1515 3114 1637 3140 uestem
1674 3119 1738 3140 non
1774 3110 1837 3138 iam
1874 3108 1979 3146 despi-

157 3176 227 3196 cere
253 3168 307 3196 sed
334 3168 448 3197 timere
474 3168 610 3198 uidetur'
638 3168 726 3208 (sic.)

2080 73 2087 111 —w
