2148 3412
109 943 148 975 lO

106 1309 147 1340 15

102 2040 143 2071 25

182 148 262 187 170
813 156 917 188 Aen.
943 156 1003 188 ET
1028 155 1195 188 PORPH.
1221 155 1369 188 COMM.

293 282 356 321 17.
391 281 475 322 Hoc
507 280 675 320 stabant.
739 277 808 334 [Id
838 278 939 334 est]:
987 292 1035 320 eo
1066 277 1158 333 ipso
1198 277 1434 333 placebant,
1479 277 1592 332 quod
1636 277 1815 320 ridicula
1858 291 2001 321 eorum

178 353 314 409 magis
335 352 585 401 morderent,
618 366 744 405 quam
775 351 809 392 si
840 351 955 393 acria
976 351 1257 406 protulissent.

290 426 362 467 hoc
391 433 482 466 sun!
513 425 705 466 incitandi.
752 423 879 476 Quod
909 424 1034 466 modo
1064 423 1171 465 tristi
1203 438 1394 465 sermone
1425 423 1661 474 utebantur,
1693 422 1817 465 modo
1848 423 2000 466 iocoso.

291 499 354 539 18.
387 498 652 552 Hermoqenes
682 511 873 553 umquam
903 497 1002 552 Ieyz't.
1074 498 1341 552 llermoqenes
1370 495 1627 547 Demetrius,
1674 510 1798 551 quern
1828 495 1906 538 iste
1936 498 2000 538 si—

176 573 296 612 me'um
327 570 522 625 adpellat,
555 585 709 625 genere
739 569 985 617 masculino,
1019 577 1191 625 propter
1221 569 1526 610 deformitatem
1549 577 1588 610 et
1609 569 1780 610 breuem
1801 576 2000 611 staturam

175 643 298 685 ambo
328 642 627 684 obtrectatores
657 644 822 684 fuerunt
843 643 1025 684 Horatii.
1087 643 1219 684 Erant
1251 650 1389 683 autem
1420 642 1568 683 musici
1600 642 1894 683 modulatores.
1954 642 2001 684 le-

173 719 240 772 qz't,
272 731 394 771 neque
415 715 658 757 Demetrius
689 723 853 771 praeter
877 715 1058 757 Caluum
1089 723 1128 756 et
1160 714 1373 757 Catullum
1404 723 1549 770 poetas
1580 714 1685 756 alios
1715 729 1800 756 non
1830 714 2001 770 legerat.

287 790 446 831 Simius.
506 788 771 830 Demetrium
802 789 1011 843 quendam
1043 796 1210 844 poetam
1242 788 1464 844 significat,
1511 788 1582 842 qui
1613 788 1690 828 fuit
1734 787 1874 829 breuis
1918 794 2001 830 sta-

174 871 303 904 turae.
367 862 471 918 [Hic
502 869 669 918 praeter
701 860 882 903 Caluum
913 870 953 903 et
985 860 1198 903 Catullum
1230 868 1374 916 poetas
1405 860 1510 902 alios
1540 875 1624 902 non
1654 859 1848 917 legerat]

289 937 351 977 19.
384 936 457 978 Nil
478 945 642 992 praeter
675 935 784 977 Cala.
817 944 853 976 et
882 936 1020 977 doetus
1053 943 1152 976 cant.
1185 935 1326 976 Catull.
1405 933 1476 975 Ad
1518 933 1676 974 nullam
1722 948 1811 974 rem
1855 933 2002 976 doctus

174 1007 417 1050 Demetrius
448 1008 529 1050 nisi
562 1007 719 1050 Catulli
750 1015 790 1048 et
821 1006 946 1049 Calui
976 1022 1122 1049 uersus
1158 1014 1327 1049 cantare
1373 1014 1412 1048 et
1455 1006 1625 1057 imitari,
1672 1006 1743 1061 qui
1789 1006 2000 1049 dramate-

173 1096 301 1138 poeos
332 1088 420 1122 erat
449 1081 488 1122 h.
520 1081 545 1122 l.
577 1081 802 1122 amatorias
834 1080 1048 1122 cantiones
1080 1080 1318 1135 scripserat.

288 1156 352 1196 19.
384 1156 534 1196 doctus.
595 1154 839 1195 Demetrius
871 1153 1042 1196 scilicet.

290 1229 401 1270 Cala.
433 1237 467 1269 et
498 1228 534 1268 d.
568 1242 599 1268 c.
636 1228 849 1269 Catullum.
909 1226 1064 1268 Poetas
1094 1226 1239 1267 malos.

286 1303 350 1342 21.
385 1302 420 1343 Ο
450 1302 532 1342 seri
557 1302 795 1342 studiorum.
854 1299 1107 1355 Ὀψιμαῦεῖς,
1154 1299 1226 1353 qui
1263 1313 1355 1340 sero
1400 1299 1548 1341 studiis
1593 1313 1745 1341 uacare
1789 1299 1998 1354 coepistis,

171 1374 243 1429 qui
274 1374 356 1416 seri
387 1374 485 1416 estis
516 1374 569 1415 ad
600 1374 737 1415 studia
770 1372 997 1430 [admissi]
1075 1372 1269 1428 Castigat
1298 1386 1382 1423 eos,
1429 1372 1501 1427 qui
1531 1371 1738 1413 mirantur
1768 1371 1998 1424 Lucilium,

172 1448 284 1503 quod
313 1446 480 1489 Latinis
512 1445 680 1489 Graeca
710 1446 936 1488 miscuerit.

284 1523 375 1563 seri.
434 1519 567 1562 Deest
597 1522 696 1562 estis.
743 1521 860 1576 quine
883 1521 1047 1576 putetis.
1078 1533 1154 1573 pro
1193 1518 1416 1574 putatisne,
1462 1519 1530 1560 uel
1559 1526 1604 1561 ut
1634 1519 1686 1561 sit
1730 1519 1998 1562 adfirmatiua

171 1593 398 1636 secundum
440 1594 699 1635 Prisciamwn
729 1594 789 1648 (p.
823 1594 930 1634 1032
961 1591 1011 1633 P.
1042 1591 1169 1633 XVI.
1203 1593 1253 1632 12
1286 1591 1441 1647 Hertz)
1477 1607 1554 1647 pro
1600 1595 1729 1643 etiam,
1775 1600 1817 1635 ut
1858 1594 1996 1649 Verqil.

104 1680 110 1687 ·
170 1665 244 1722 (A.
261 1666 322 1717 X,
340 1667 465 1720 846):
494 1668 671 1708 Tantane
692 1680 750 1708 me
771 1667 894 1708 tenuit
915 1666 1083 1715 vivendi,
1106 1674 1211 1716 nate,
1233 1666 1437 1722 uoluptas,
1463 1667 1511 1707 Ut
1522 1681 1599 1722 pro
1616 1682 1675 1708 me
1692 1667 1825 1708 hostili
1833 1675 1997 1723 paterer

169 1741 378 1782 succedere
399 1740 578 1781 dextrae.
600 1741 727 1795 quirce.
789 1738 924 1791 Quasi
947 1753 1084 1788 cume,
1107 1746 1178 1779 aut
1198 1745 1320 1780 uacat
1340 1753 1393 1780 ne
1414 1747 1458 1780 ut
1479 1741 1550 1795 qui
1568 1754 1801 1795 pronomen
1823 1741 1887 1782 sit.

282 1814 347 1854 23.
379 1814 445 1853 22.
477 1813 630 1854 Rhodio
652 1813 756 1867 quod
778 1813 1024 1854 Pitholeonti
1046 1812 1242 1867 Conlz'qz't?
1278 1810 1329 1852 Id
1351 1818 1431 1853 est:
1455 1812 1679 1867 putatisne,
1720 1828 1815 1854 eum
1836 1812 1997 1867 aliquid

170 1901 370 1941 magnum
401 1886 562 1934 fecisse,
595 1886 707 1940 quod
728 1884 897 1940 scripsit
915 1883 1058 1941 [sicut]
1079 1885 1285 1926 Pitholeon
1316 1883 1503 1927 abiectus
1525 1886 1673 1940 poeta?
1702 1885 1812 1927 Nam
1844 1886 1997 1928 dicitur

169 1957 389 2000 Pitholeon
422 1958 729 2014 epigrammata
760 1958 939 1999 ridicula
970 1957 1201 2013 scripsisse,
1247 1958 1292 1999 in
1323 1958 1475 2013 quibus
1508 1957 1677 2001 Graeca
1705 1959 1837 2001 uerba
1865 1959 1996 2001 mixta

169 2038 288 2072 erant
318 2046 411 2072 cum
441 2031 619 2073 Latinis.
680 2029 869 2072 Aliter:
901 2030 1123 2073 Pitholeon
1152 2031 1344 2073 Rhodius
1375 2031 1613 2074 huiusmodi
1642 2033 1741 2074 fecit
1771 2032 1995 2089 epigram—

168 2112 292 2154 mata,
324 2111 367 2145 ut
387 2103 555 2145 Latinis
578 2102 744 2146 Graeca
776 2104 1069 2160 coniungeret3
1103 2104 1254 2160 [quod]
1287 2104 1392 2146 adeo
1423 2120 1506 2146 non
1529 2112 1589 2146 est
1610 2105 1793 2156 difficile,
1831 2112 1871 2147 et
1899 2106 1995 2148 ideo

167 2193 251 2219 non
281 2177 458 2233 dignum
488 2177 712 2226 miracu103
745 2177 871 2218 etiam
893 2177 1146 2219 infirmitatis
1168 2183 1337 2232 putatur
1358 2192 1442 2218 non
1464 2177 1631 2219 Latinis
1653 2178 1855 2234 conpleri,
1887 2192 1994 2234 quae

168 2250 334 2292 Latinis
365 2257 460 2291 sunt
491 2256 650 2305 coepta.

280 2324 346 2366 23.
383 2324 565 2379 Contiqit.
625 2321 752 2375 Quod
781 2321 926 2378 potuit.

168 2522 313 2560 Porph.),
351 2522 434 2560 quod
459 2521 543 2550 modo
568 2520 648 2550 tra-istc·
669 2530 803 2550 sermone
827 2522 1010 2558 utebantur,
1047 2521 1130 2550 modo
1154 2520 1261 2558 iocoso,
1299 2531 1437 2560 suasque
1476 2522 1601 2551 fabulas
1639 2525 1872 2561 temperabant.
1909 2524 1991 2554 conf.

167 2578 285 2616 Porph.
311 2583 342 2607 et
368 2578 462 2607 schol.
490 2588 556 2615 seq.
585 2587 625 2606 ex
650 2587 675 2618 γ.

280 2633 316 2672 3)
340 2634 431 2669 Quod
457 2651 495 2654 -
524 2634 629 2663 iocoso
654 2643 680 2675 γ.
705 2634 773 2662 rell.
801 2643 861 2663 om.
926 2634 961 2672 4)
989 2633 1156 2664 dimetrius
1183 2644 1208 2676 γ.
1273 2635 1307 2672 5)
1336 2634 1474 2672 appellat
1497 2634 1648 2676 ·s‚mvafh.
1676 2635 1849 2674 appellauit
1872 2634 1990 2676 (G?)Q.

169 2689 203 2727 6)
229 2690 457 2720 modulatores.
484 2690 670 2719 Demetrius
694 2699 721 2731 γ.
737 2690 805 2719 rell.
832 2690 898 2725 Hic,
926 2694 957 2720 et
981 2691 1063 2720 hane
1089 2696 1209 2729 partein
1235 2695 1307 2729 post
1331 2695 1464 2720 staturae
1490 2701 1519 2720 u.
1545 2696 1731 2729 posueruut.
1759 2691 1888 2721 Lemma
1912 2692 1989 2732 leyit,

166 2754 257 2783 neque
281 2747 467 2784 interposui.
532 2746 565 2783 9)
593 2746 743 2776 Catulum
769 2756 798 2775 m
825 2751 857 2776 et.
880 2756 900 2774 v
933 2746 1108 2785 (catallum).
1177 2747 1231 2786 10)
1260 2747 1390 2777 Lemma
1414 2748 1468 2776 Nil
1490 2765 1532 2768 —
1561 2746 1704 2778 Catullum
1729 2749 1900 2780 intermisi.
1926 2749 1990 2779 De-

168 2802 299 2830 metrius
325 2812 350 2842 γ.
376 2803 445 2831 rell.
471 2812 531 2831 om.
586 2802 638 2840 ll)
664 2807 805 2831 cantare!
828 2807 854 2831 el
877 2813 902 2844 γ.
940 2804 1084 2832 dramoto
1109 2813 1205 2841 poeos
1230 2813 1256 2845 γ.
1285 2804 1428 2833 dramato
1458 2813 1534 2841 peos
1559 2814 1590 2833 v.
1640 2803 1775 2834 Glossae
1800 2805 1892 2835 Dem.
1920 2805 1989 2835 scil.

168 2861 199 2885 et
223 2862 332 2894 poetas
358 2859 457 2886 malos
483 2867 508 2898 γ.
546 2859 612 2887 rell.
651 2869 710 2888 om.
778 2859 831 2896 15)
859 2855 976 2901 οψιαλα
1001 2867 1093 2888 τεισν.
1121 2855 1173 2901 ὂψ.
1201 2870 1260 2889 om.
1287 2870 1328 2889 m.
1396 2860 1449 2898 16)
1476 2861 1607 2889 admissi
1634 2870 1693 2890 om.
1719 2860 1865 2902 ·[G,1nva.
1892 2866 1988 2892 reete.

167 2912 251 2942 conf.
279 2912 361 2942 Gell.
386 2914 442 2948 xl,
470 2916 504 2943 7:
541 2924 611 2943 sera
636 2914 770 2950 eruditio,
809 2924 903 2952 qnam
931 2915 1045 2944 Graeci
1071 2911 1249 2956 ὀψεμαθίαν
1286 2917 1460 2954 adpellant.
1488 2915 1611 2945 admissi
1634 2916 1740 2952 thQ.
1794 2918 1848 2955 18)
1874 2917 1988 2948 Totum
2016 2955 2021 2959 .
2084 2915 2086 2942 ἱ

167 2968 264 2997 schol.
292 2968 391 2998 Deest
417 2988 457 2991 -—
485 2971 600 2999 dextra
626 2971 718 3009 (libri
744 2971 838 3008 Verg.
865 2971 1013 3009 dextrae)
1043 2981 1083 3000 ex
1107 2980 1133 3013 γ.
1161 2972 1229 3001 rell.
1255 2982 1315 3002 om.
1350 2973 1450 3001 Deest
1474 2972 1542 3001 estis
1566 2973 1685 3010 glossa.
1711 2974 1827 3011 affirm.
1854 2982 1880 3014 γ.
1930 2973 1987 3012 21)

169 3022 213 3057 Q:
240 3025 323 3061 ‘post
347 3024 385 3053 sit
410 3026 571 3055 excidisse
597 3027 723 3056 uidetur
747 3031 798 3055 aut
820 3027 871 3065 qui
894 3027 978 3067 (scil.
1003 3028 1132 3066 uacat').
1182 3028 1239 3066 23)
1267 3029 1350 3058 sicut
1374 3039 1436 3059 om.
1460 3038 1487 3069 γ.
1511 3028 1645 3066 pitholeo
1668 3038 1695 3071 γ.
1721 3029 1862 3059 Romana
1887 3029 1988 3059 forma

165 3078 236 3107 rell.
262 3079 430 3110 Pitholeon.
459 3082 583 3111 iteruin.
633 3083 691 3121 24)
717 3082 854 3121 pitholeo
878 3092 905 3125 γ.
932 3082 1065 3113 inferius
1091 3087 1208 3113 tamen.
1260 3085 1316 3123 25)
1343 3085 1500 3123 pitholeon
1524 3094 1550 3126 γ.
1599 3083 1656 3124 26)
1683 3086 1767 3123 quod
1785 3095 1845 3115 om.
1863 3095 1888 3125 γ.
1908 3086 1987 3115 adeo

165 3143 223 3163 non
248 3139 307 3164 est.
332 3145 357 3176 γ.
385 3137 453 3165 rell.
480 3147 540 3167 om.
565 3147 631 3167 non.
682 3139 739 3177 27)
765 3139 874 3169 latinis
901 3141 1031 3178 copleri.
1058 3140 1127 3170 rell.
1161 3141 1312 3179 compleri
1337 3142 1394 3171 lat.
1445 3141 1502 3186 29)
1529 3140 1622 3177 Quod
1647 3142 1752 3180 potuit
1777 3151 1803 3184 γ.
1829 3142 1898 3172 rell.
1924 3151 1984 3172 om.
