2148 3412
848 124 895 155 ΙΝ
923 125 1058 157 sERM.
1085 126 1128 164 11,
1155 130 1184 157 3.
1855 119 1938 159 273

242 248 308 290 84.
341 247 520 289 Heredes
550 247 720 290 Staberi.
794 248 1001 292 Staberius
1046 249 1170 292 homo
1215 249 1488 293 auarissimus
1531 251 1620 293 fuit.
1696 251 1762 294 Eo
1806 267 1937 308 usque

105 319 394 377 magnitudine
425 320 630 375 pecuniae
661 320 889 363 delectatus
921 329 993 372 est,
1040 329 1082 363 ut
1114 337 1209 364 cum
1238 324 1363 365 finem
1394 324 1508 366 uitae
1540 325 1662 381 (sibi)
1695 324 1842 368 adesse
1872 327 1936 367 in-

106 393 342 444 tellexisset,
377 392 455 449 [et]
489 400 736 435 testamento
757 394 815 435 ita
836 394 1098 446 inscriberet,
1129 403 1173 436 ut
1204 396 1380 439 heredes
1412 398 1475 439 sui
1507 398 1700 454 sepulcro
1723 399 1851 457 [eius]
1872 400 1935 441 in-

104 467 352 523 sculperent,
384 466 492 522 quis,
525 473 729 521 quantum
752 468 974 522 (quantum
1006 468 1231 525 quisque?)
1253 470 1297 510 in
1328 478 1489 525 partem
1512 473 1748 527 sumpserit.
1811 471 1938 526 Quod

104 542 138 585 si
166 540 212 583 in
241 539 381 596 aliquo
411 540 574 581 mentiti
605 549 754 590 essent,
788 541 1101 596 dampnationis
1132 543 1301 584 nomine
1323 543 1443 598 paria
1465 553 1631 588 centum
1654 545 1935 601 gladiatorum
1985 559 2002 586 5

104 614 258 673 populo
288 612 544 656 exhiberent.

212 688 278 731 86.
310 688 544 745 Dampuati.
603 686 689 730 Pro
719 689 878 731 addicti.

213 770 327 818 atque
348 763 522 819 epulum,
546 762 712 804 arbilrz'o
733 761 845 804 Arri.
908 760 977 818 [Id
1007 770 1069 804 est
1082 762 1112 820 x]
1146 762 1218 804 Ad
1249 763 1368 806 Arrii
1400 764 1672 817 uoluntatem,
1704 767 1778 821 qui
1809 766 1931 809 luxu-

102 836 234 879 riosus
262 835 352 877 fuit.

213 910 278 950 94.
309 909 400 966 Ipse
430 910 638 951 uideretur
669 909 744 950 sibi
772 910 947 965 nequior.
1008 908 1093 951 Pro
1125 911 1388 961 luoeuriosior,
1419 922 1463 953 ut
1495 920 1534 953 et
1565 926 1693 967 supra
1726 911 1790 968 (S.
1814 913 1871 963 Π,
1895 916 1934 964 2,
1962 927 2002 957 10

103 984 221 1039 131):
254 983 377 1024 Illum
407 991 480 1024 aut
509 983 708 1038 nequities.

212 1058 276 1098 97.
314 1055 460 1098 Clarus
492 1057 581 1105 erit,
612 1056 744 1111 sortis,
776 1060 919 1098 iustus.
983 1056 1103 1099 Haec
1134 1058 1317 1100 ironicos
1348 1058 1464 1100 dixit.

213 1130 304 1172 100.
341 1130 523 1172 Graecus
558 1132 796 1187 Aristippus.
859 1129 975 1178 Vult.
1024 1140 1061 1173 et
1108 1131 1218 1174 hunc
1250 1131 1518 1188 Aristippum
1554 1134 1750 1176 insanum
1783 1134 1931 1183 uideri,

101 1204 172 1259 qui
203 1202 438 1259 pecuniam,
471 1203 590 1245 cuius
620 1218 722 1245 usus
753 1213 858 1245 esset
893 1206 1166 1255 necessarius,
1199 1205 1411 1248 abiecerit.

211 1277 302 1319 103.
337 1277 405 1320 Nil
434 1279 515 1332 ayit
545 1278 780 1334 exemplum,
828 1279 932 1320 litem
977 1279 1083 1335 quod
1123 1279 1187 1321 lite
1227 1281 1404 1322 resoluit.
1481 1279 1639 1323 Sensus
1686 1290 1766 1323 est:
1814 1281 1933 1324 Idem
1961 1296 2001 1326 15

100 1350 350 1407 exemplum,
388 1351 499 1405 quod
530 1351 573 1392 in
605 1365 648 1392 se
680 1350 965 1406 quaestionem
998 1360 1035 1394 et
1067 1351 1181 1395 litem
1213 1353 1353 1403 habet,
1405 1369 1487 1396 non
1536 1362 1597 1396 est
1641 1369 1798 1397 uerum.
1861 1355 1932 1397 In-

99 1425 263 1481 tellego,
294 1423 442 1479 inquit,
477 1438 542 1466 me
575 1425 783 1466 contraria
816 1425 1011 1482 exempla
1041 1427 1231 1482 posuisse
1241 1444 1250 1477 3
1284 1428 1483 1483 quoniam
1507 1435 1825 1485 argumentatus
1848 1444 1929 1471 non

98 1506 197 1549 erat,
228 1505 319 1540 uter
349 1513 399 1540 ex
431 1498 495 1541 his
525 1498 700 1541 insanus
731 1506 850 1549 esset,
884 1514 995 1542 nunc
1026 1501 1096 1552 ait,
1129 1515 1172 1543 se
1204 1500 1495 1556 probaturum.

212 1574 301 1614 141.
334 1573 440 1629 quod
470 1573 677 1630 splendida
711 1573 809 1614 bilis.
872 1571 985 1614 Κατὰ
1019 1573 1278 1631 ἀντίφρασιν;
1312 1584 1415 1627 atra,
1447 1575 1516 1618 uel
1535 1576 1656 1618 flaua.

212 1648 301 1689 142.
326 1660 486 1705 pauper
518 1647 710 1704 Opimius.
774 1646 846 1688 Sic
878 1646 1034 1690 dicitur
1065 1646 1136 1701 (C.
1160 1648 1239 1699 ΠΙ,
1276 1651 1340 1699 16,
1374 1651 1468 1706 28):
1501 1651 1675 1706 Maquas
1705 1653 1810 1692 inter
1842 1665 1932 1706 opes
1959 1664 2000 1695 20

98 1722 222 1777 inops,
255 1727 293 1763 et
325 1721 404 1763 hac
433 1721 570 1778 figura
602 1720 759 1762 dictum
793 1727 867 1771 est,
901 1735 984 1776 qua
1017 1721 1089 1777 (A.
1122 1721 1179 1773 ΙΙ,
1214 1723 1307 1779 22):
1344 1723 1457 1766 diues
1488 1739 1607 1781 opum
1638 1739 1715 1779 pro
1747 1724 1893 1780 opibus.

34 1855 37 1864 .
98 1832 266 1871 intellegat
284 1833 352 1871 ipse
369 1831 532 1869 Modestus,
559 1831 599 1862 Et
627 1832 683 1861 uix
706 1830 863 1870 Claranus,
890 1832 984 1870 quod,
1011 1841 1098 1871 rogo,
1126 1831 1239 1869 Sexte,
1266 1831 1376 1863 iuuat?
1404 1834 1487 1864 conf.
1509 1833 1676 1873 Suringar.
1702 1844 1732 1872 p.
1761 1835 1812 1863 88.
1841 1833 1931 1869 Quae

34 1872 38 1890 ἴ
98 1898 167 1920 cum
191 1889 238 1919 ita
264 1889 340 1927 sint,
367 1889 446 1919 haec
470 1888 585 1919 scholii
610 1897 693 1927 pars,
719 1897 798 1927 quae
823 1888 1061 1928 expositionem
1086 1890 1275 1928 interpretis
1294 1891 1377 1920 male
1395 1891 1615 1930 interrumpit,
1648 1891 1928 1929 interpolationem

98 1954 207 1984 sapere
231 1946 398 1984 putabitur
422 1945 540 1976 factam
567 1946 606 1976 ab
632 1945 740 1984 aliquo
766 1946 896 1975 serioris
921 1946 1042 1975 aetatis
1067 1946 1234 1985 monacho,
1261 1947 1316 1986 qui
1342 1947 1438 1977 simul
1464 1947 1724 1977 additamentum
1751 1952 1930 1977 extremum

99 2002 136 2031 ‘et
157 2006 200 2031 est
221 2002 416 2041 Propontidis
439 2002 549 2033 iusula‘
581 2002 772 2033 adiunxisse
797 2002 889 2033 nobis
915 2002 1053 2032 uidetur.
1091 2001 1182 2033 Conf.
1210 2003 1331 2033 Acron:
1370 2012 1485 2034 nomen
1513 2008 1559 2034 est
1585 2003 1702 2034 insulae
1726 2003 1932 2043 Propontidis,

34 2057 37 2090 i
96 2057 128 2088 in
149 2068 208 2098 qua
231 2058 350 2090 multum
374 2059 496 2090 ellebori
517 2058 662 2090 nascitur.

210 2114 243 2153 1)
267 2116 332 2147 fuit
355 2121 382 2146 ec
407 2126 442 2147 eo
468 2116 507 2152 Q.
574 2117 608 2156 2)
635 2116 696 2147 sibi
725 2118 742 2146 2
768 2116 872 2146 adesse
897 2125 956 2146 om.
983 2115 1009 2146 R
1035 2115 1155 2155 (adesse
1179 2125 1242 2147 non
1268 2126 1328 2147 om.
1354 2116 1397 2154 M,
1433 2122 1519 2147 teste
1543 2116 1704 2156 Halmio).
1766 2118 1800 2156 3)
1827 2122 1854 2146 et
1878 2117 1931 2146 de-

97 2171 221 2203 lendum
245 2177 332 2211 puto.
382 2173 418 2212 4)
445 2174 574 2213 quisque
598 2178 710 2213 quant.
738 2174 766 2202 2.
792 2177 937 2212 quantum
960 2172 1106 2213 quisque?
1133 2172 1215 2203 conf.
1235 2173 1309 2204 Aer.
1338 2174 1410 2213 quis
1436 2178 1594 2213 quantum
1619 2173 1649 2203 bi
1673 2174 1720 2214 (iu
1745 2174 1789 2213 Q)
1810 2177 1933 2212 patrem

98 2237 145 2258 su.
172 2228 214 2258 M.
241 2239 270 2268 q.
297 2239 326 2269 q.
354 2231 386 2260 in
411 2234 533 2269 partem
561 2240 605 2260 su.
631 2229 762 2269 RG(Q).
790 2240 819 2268 q.
847 2240 876 2268 q.
903 2228 977 2259 mihi
999 2230 1033 2259 in
1059 2234 1184 2268 partem
1210 2240 1256 2260 su.
1282 2241 1312 2261 v.
1339 2241 1368 2270 q.
1395 2240 1423 2269 q.
1450 2241 1470 2261 a
1493 2240 1524 2261 se
1548 2231 1581 2261 in
1618 2234 1742 2269 partem
1780 2240 1826 2261 su.
1864 2230 1929 2261 afh.

98 2284 133 2325 5)
158 2285 389 2325 dampnationis
413 2286 457 2317 Μ.
482 2287 613 2318 nomina
638 2288 731 2326 paria
756 2288 937 2317 centumff.
987 2287 1020 2326 7)
1046 2286 1163 2325 Damp.
1190 2287 1233 2319 M.
1261 2288 1357 2318 schol.
1386 2298 1446 2318 om.
1474 2289 1503 2317 2.
1553 2288 1589 2327 8)
1617 2288 1739 2317 addicti
1766 2292 1793 2317 ec
1817 2287 1933 2326 epulum

97 2342 138 2371 ad
161 2342 239 2372 Arri
262 2344 462 2374 uoluntatem
486 2343 585 2381 MG,v
611 2342 698 2382 (Arii
721 2344 766 2383 v).
804 2344 937 2373 addicti.
962 2342 1101 2382 Epulum.
1127 2344 1168 2373 ad
1191 2344 1280 2374 Arrii
1303 2354 1332 2374 a.
1359 2344 1395 2374 Id
1423 2349 1472 2374 est
1495 2344 1570 2380 th.
1639 2345 1694 2383 10)
1720 2345 1760 2374 Et
1783 2348 1813 2373 ut
1837 2353 1932 2382 supra

97 2397 181 2436 illud,
206 2401 365 2438 nequities
383 2401 470 2430 vafh.
522 2402 576 2441 12)
602 2400 762 2432 kironicos
787 2401 867 2430 haee
883 2400 919 2430 R.
946 2400 1025 2430 haec
1050 2399 1208 2431 hironicos
1233 2400 1276 2430 M.
1302 2401 1370 2430 reil.
1397 2401 1475 2430 haec
1500 2401 1649 2431 ironicos
1718 2401 1773 2440 13)
1801 2401 1931 2439 aristip-

97 2464 156 2494 pus
176 2473 214 2477 —-
231 2456 411 2497 ariptispum
432 2457 509 2497 (sie)
526 2456 570 2487 M.
589 2457 676 2487 etiam
700 2457 860 2487 insaniam
887 2457 915 2487 2.
967 2457 1022 2496 14)
1049 2466 1103 2487 con
1127 2457 1231 2487 iussus
1248 2457 1292 2487 M.
1311 2468 1381 2488 cum
1397 2457 1500 2487 ‘iussus
1518 2457 1585 2495 RA,
1611 2458 1664 2497 qui
1691 2458 1799 2487 addit:
1828 2458 1930 2496 ‘legez

97 2511 178 2542 cuius
202 2523 279 2544 usus
304 2519 346 2544 est
369 2515 583 2545 necessarius.
620 2515 704 2544 alter
729 2518 793 2544 uet.
821 2514 889 2544 eod.
926 2523 996 2543 eum
1026 2514 1132 2543 iussus
1158 2518 1244 2544 esset
1267 2515 1343 2545 ‹law-e
1367 2515 1582 2545 necessariis.'
1609 2515 1655 2544 sic
1679 2515 1777 2544 habet
1804 2514 1833 2543 2.
1861 2523 1930 2543 cuin

97 2567 192 2600 iussus
216 2574 300 2601 esset
325 2570 416 2601 dare:
443 2570 517 2601 dare
542 2570 730 2601 necessariis
755 2581 784 2600 v.
803 2571 971 2608 pecuniam
998 2579 1086 2609 quam
1100 2570 1244 2608 potuisset
1258 2572 1333 2601 dare
1352 2571 1541 2602 necessariis
1557 2570 1623 2601 afh.
1642 2571 1756 2607 Docet,
1784 2571 1931 2600 insanum

99 2627 194 2657 etiam
219 2636 288 2658 esse
306 2637 387 2666 eum,
413 2630 468 2668 qui
493 2629 662 2668 pecuniam
688 2628 825 2666 spernit,
852 2627 937 2657 cuius
961 2636 1031 2657 usus
1056 2631 1099 2657 est
1121 2628 1311 2659 necessarius
1335 2628 1369 2658 C.
1395 2629 1472 2659 Inde
1496 2629 1597 2659 tacite
1623 2628 1741 2667 petiuit
1759 2627 1786 2662 Q
1805 2637 1834 2656 u.
1861 2636 1931 2656 usus

99 2686 129 2712 et
151 2684 358 2722 necessarius,
394 2685 570 2723 recipiens:
609 2691 701 2717 eum
726 2694 795 2714 usus
819 2688 894 2714 esset
915 2684 1116 2721 necessarius,
1156 2686 1239 2724 quod
1266 2685 1382 2716 falsum
1409 2686 1555 2715 censebis
1581 2689 1712 2723 propter
1740 2684 1854 2714 falsam
1882 2694 1929 2714 ra>

98 2740 227 2779 tionem,
264 2750 325 2780 qua
348 2741 534 2780 Aristippus
561 2750 667 2772 seruos
693 2742 727 2772 in
753 2741 858 2771 media
882 2740 986 2781 Libya
1011 2742 1137 2771 abicere
1160 2751 1273 2773 aurum
1300 2744 1369 2773 siue
1394 2743 1562 2781 pecuniam
1589 2742 1693 2772 iussit.
1735 2740 1821 2775 Quid
1848 2741 1929 2771 enim

98 2806 210 2828 causae
235 2802 294 2837 est,
332 2808 388 2829 cur
412 2799 581 2838 pecuniam
611 2795 819 2829 abiecerunt?
856 2798 1043 2838 Aristippus
1068 2808 1132 2829 non
1158 2808 1194 2829 ea
1219 2800 1258 2829 de
1284 2809 1379 2829 eausa
1405 2800 1505 2838 proici
1537 2799 1631 2829 iussit
1671 2798 1842 2837 pecuniam
1878 2798 1929 2827 uel

98 2854 225 2892 abiecit,
251 2855 336 2894 quod
359 2865 437 2886 usus
462 2856 531 2886 eius
556 2860 641 2886 esset
667 2855 878 2893 necessariUS,
917 2855 981 2886 imo
1007 2855 1046 2885 de
1072 2857 1243 2893 contrario,
1281 2856 1364 2895 quod
1390 2865 1465 2885 usus
1491 2856 1520 2885 ei
1544 2864 1603 2885 non
1627 2855 1815 2885 necessarius
1840 2854 1928 2884 uide-

99 2911 200 2942 batur.
224 2912 310 2942 Hino
335 2914 483 2952 equidem
509 2914 638 2952 scripsi:
666 2910 784 2945 cuius
808 2922 877 2942 usus
902 2916 976 2942 esset
998 2912 1187 2942 necessarius
1213 2914 1232 2942 i.
1260 2922 1285 2942 e.
1313 2922 1353 2942 ex
1378 2916 1493 2951 poetae
1519 2912 1692 2941 sententia.
1760 2912 1815 2950 15)
1844 2910 1932 2941 Nihil

99 2968 167 3006 agit
188 2968 231 2999 M.
258 2987 299 2991 —
325 2974 374 3000 est
399 2980 459 3000 om.
486 2970 522 3000 R.
574 2971 629 3009 16)
657 2974 688 2999 et
712 2970 803 2999 litem
820 2968 920 2998 MRA.
948 2969 1015 2999 rell.
1043 2979 1102 3000 om.
1156 2969 1210 3008 18)
1239 2978 1295 2998 nou
1321 2970 1367 2998 ait
1393 2978 1426 2998 se
1453 2967 1649 3006 prolaturum
1676 2969 1705 2998 2.
1758 2968 1813 3006 19)
1840 2962 1929 2998 Κατὰ

100 3022 218 3068 ἀντίφρ.
243 3025 462 3067 MRA2G(Q).
488 3035 548 3057 om.
575 3026 662 3056 vafh.
697 3024 778 3056 Cata
802 3026 973 3056 antifrasin
1010 3027 1086 3065 quia
1122 3036 1178 3065 pro
1214 3030 1285 3055 atra
1322 3029 1352 3055 et
1389 3034 1497 3055 amara
1533 3025 1637 3063 posuit
1672 3024 1830 3063 splendida
1865 3025 1928 3066 Βφ.

101 3080 156 3121 20)
182 3082 298 3112 dicitur
321 3086 354 3113 ut
375 3082 420 3113 fh.
487 3083 545 3122 21)
573 3086 604 3113 et
629 3083 688 3112 hac
713 3083 766 3121 fig.
794 3082 837 3112 di.
863 3086 913 3113 est
936 3081 1016 3112 MR2
1045 3082 1181 3123 (dietus)
1207 3081 1307 3121 G(Q).
1346 3086 1375 3112 et
1403 3082 1504 3120 figura
1529 3082 1650 3111 dictum
1685 3085 1744 3111 est.
1771 3090 1830 3111 om.
1856 3081 1925 3115 hae.

100 3145 129 3166 v.
155 3137 336 3177 (perperam
351 3139 404 3179 Q).
425 3143 456 3170 et
481 3140 615 3179 figurate
641 3140 763 3170 dietum
788 3142 838 3170 est
863 3138 928 3170 afh.

231 3204 388 3232 murum„
405 3205 473 3227 Aen.
488 3205 527 3226 ET
544 3205 657 3227 Poura.
675 3205 703 3226 11.
1622 3204 1651 3227 ιε

2058 128 2081 147 Ψ·
