2148 3412
123 908 160 939 10

120 1275 159 1306 15

184 108 261 146 Πὸι
776 148 778 152 ⁴
817 115 922 146 Aen.
949 115 1008 145 ET
1034 114 1199 145 rom‘ii.
1225 114 1372 145 comi.

181 247 301 282 natus
331 240 473 282 suisset
504 238 709 288 Lucilius,
741 237 871 279 multa
902 236 982 278 sibi
1013 236 1262 286 detraheret,
1304 235 1434 277 multa
1464 235 1649 286 adderet,
1694 242 1739 276 ut
1769 250 1813 278 se
1843 242 2005 291 aptaret

181 315 349 356 auribus
381 312 653 362 audicntium,
686 311 784 366 quia
815 311 938 352 modo
969 310 1135 352 student
1156 308 1346 351 homines
1367 323 1562 351 uersuum
1583 308 1790 365 lenitati[;
1822 323 1898 364 per
1927 310 2006 352 hoc

181 389 237 429 ait
269 387 386 428 illum
419 386 627 426 incuriose
659 384 911 440 scripsisse]

295 462 358 500 (59.
395 461 606 500 netereret.
669 457 974 513 [Detrahcret].
1020 455 1218 497 Auferret
1241 455 1292 496 de
1313 462 1505 510 poemate
1527 470 1600 497 suo
1622 455 1781 510 aliquid
1803 455 2007 500 Lucilius.

295 533 484 574 recuteret
514 546 626 573 omne
657 546 691 587 q.
721 547 761 573 u.
796 532 1023 584 Perfectum
1054 530 1292 571 traheretur.
1359 528 1410 568 Id
1441 535 1514 578 est,
1554 543 1676 569 omne
1708 529 1819 583 quod
1854 529 2007 571 redun-

181 607 312 656 daret,
346 614 383 647 et
415 620 497 647 non
529 604 767 647 necessaria
797 604 1073 660 depressisset
1103 603 1155 644 de
1186 616 1313 657 opere
1344 617 1431 652 suo,
1468 602 1511 642 id
1542 609 1616 652 est,
1663 616 1711 643 ea
1742 617 1847 657 quae
1876 603 2009 645 abun-

182 680 341 720 darent.

299 754 520 807 Perfectum
555 751 794 794 traheretur.
865 750 968 792 Plus
1013 750 1200 805 perfecto
1245 763 1371 804 quani
1418 749 1666 804 perfectioni
1712 756 1820 791 esset
1864 764 2009 805 super-

182 827 321 867 fluum.

300 901 363 941 71.
398 900 519 955 Saepe
541 906 662 955 caput
682 899 870 940 scaberet.
931 895 1164 952 Scalperet,
1196 897 1379 946 fricaret,
1411 896 1453 937 id
1475 903 1554 938 est:
1587 895 1801 938 habuisset
1831 895 2011 953 diligen-

184 974 284 1014 tiam
317 972 540 1014 scribendi.
572 978 615 1013 ut
646 986 716 1013 eos
747 986 892 1013 uersus
922 971 1091 1021 faceret,
1125 985 1228 1026 quos
1260 976 1426 1025 putaret
1455 969 1694 1025 legentibus
1723 969 1905 1025 placere.

297 1048 414 1088 uiuos
446 1055 481 1087 et
503 1046 659 1087 roderet
680 1060 845 1101 unques.
914 1045 1043 1086 Ve'uos.
1079 1042 1211 1085 Carni
1242 1043 1530 1093 adhaerentes,
1561 1043 1771 1098 integros*
1821 1042 1858 1083 F
1860 1042 2013 1085 ricaret

185 1120 438 1176 quaerendo,
463 1119 575 1174 quod
596 1118 702 1160 bene
724 1118 953 1167 diceretur,
977 1131 1102 1173 saepe
1124 1117 1235 1158 enim
1256 1117 1335 1158 hoc
1355 1116 1527 1166 faciunt,
1550 1117 1622 1171 qui
1644 1116 1789 1158 uolunt
1809 1117 2012 1167 inuenire,

184 1208 292 1248 quae
324 1193 530 1247 placeant.
587 1193 757 1234 roderet.
817 1190 882 1232 Ita
913 1191 1025 1232 enim
1055 1191 1228 1239 faciunt,
1274 1190 1347 1245 qui
1391 1189 1636 1245 diligentius
1673 1190 1871 1246 cogitant.
1930 1189 2014 1232 Per

185 1267 264 1309 hoc
308 1267 378 1316 ait,
426 1266 542 1307 illum
589 1265 798 1307 incuriose
844 1264 1075 1319 scripsisse.
1135 1263 1251 1304 Hinc
1282 1265 1446 1306 Persius
1478 1262 1532 1318 (I,
1566 1263 1689 1319 10s5):
1726 1264 1809 1306 Nee
1831 1264 2016 1320 pluteum

187 1341 328 1388 caedit,
360 1355 432 1381 nee
465 1341 666 1381 demorsos
697 1340 803 1395 sapit
833 1353 999 1393 unques.

300 1415 364 1454 72.
396 1427 507 1468 saepe
537 1413 671 1454 stilum
700 1420 851 1453 uertas.
917 1410 979 1452 Ut
1011 1410 1151 1451 deleas
1182 1417 1222 1451 et
1251 1410 1460 1451 emendes.
1522 1408 1569 1451 Si
1614 1410 1679 1451 uis
1725 1409 1908 1452 scribere
1953 1424 2015 1461 ea,

187 1500 293 1541 quae
323 1493 563 1527 merea-utin·
593 1485 692 1542 legi,
740 1499 865 1540 saepe
897 1485 1035 1526 stilum
1067 1485 1133 1525 fac
1163 1490 1317 1534 uertas,
1361 1491 1404 1525 ut
1450 1483 1652 1525 adhibeas
1695 1483 1864 1525 lituram
1908 1483 2016 1526 male

187 1560 367 1615 scriptis.
428 1559 515 1601 Fac
547 1574 672 1615 saepe
704 1566 842 1600 uei-tas
874 1558 1027 1608 stilum,
1058 1564 1103 1599 ut
1134 1557 1294 1599 scribas
1325 1571 1387 1607 ea,
1429 1571 1536 1612 quae
1567 1557 1724 1612 scripta
1754 1557 1841 1614 legi
1870 1571 2016 1599 mere-—

121 1646 127 1653 ·
188 1641 322 1675 antur.

302 1709 324 1748 7
331 1709 367 1748 2.
401 1708 465 1747 791.
500 1708 643 1749 iterum
663 1721 764 1763 quae
786 1707 906 1762 eliqua
929 1706 953 1747 l.
974 1721 1005 1747 s.
1036 1705 1287 1760 scripturus.
1348 1704 1501 1747 lterum
1523 1705 1576 1745 ad
1598 1706 1827 1760 scripturus
1848 1704 2017 1746 rettulit.

302 1795 424 1836 neque
447 1789 479 1821 te
501 1788 546 1821 ut
576 1782 664 1821 mir.
698 1789 751 1821 tu.
775 1780 933 1821 labores
959 1779 1173 1821 Contentus
1190 1780 1335 1834 paucis
1356 1778 1582 1819 lectoribus.
1639 1777 1692 1819 Id
1721 1785 1801 1820 est:
1832 1778 1918 1819 noli
1946 1778 2018 1820 la—

189 1854 351 1904 borare,
385 1863 429 1895 ut
460 1854 600 1895 inultis
630 1853 814 1908 placeas,
848 1853 921 1895 sed
952 1853 1112 1908 paucis,
1145 1859 1185 1894 et
1215 1851 1349 1894 doctis
1379 1858 1466 1893 esto
1498 1851 1750 1908 contentus[,
1782 1851 1902 1907 quasi
1931 1866 2018 1894 me-

190 1927 398 1983 lioribus]

304 2003 326 2041 7
333 2004 369 2042 5.
410 2002 571 2042 Vilibus.
630 1999 761 2055 Apud
792 1999 1000 2042 librarios.
1063 1999 1143 2056 [Ut
1173 1999 1300 2041 etiam
1329 1998 1494 2041 librarii
1529 1999 1686 2042 dictent
1707 2000 1894 2042 carmina
1914 2000 2018 2058 tua].

302 2076 343 2116 in
376 2075 493 2116 ludis.
554 2073 604 2115 In
636 2074 800 2116 scholis.
1320 2071 1332 2082 '

304 2148 368 2189 An
402 2156 472 2189 tua
504 2149 659 2190 demens
677 2173 728 2177 —
749 2148 878 2189 uitales.
938 2145 1009 2187 An
1040 2147 1153 2188 matis
1184 2146 1352 2201 placere
1382 2146 1574 2202 pluribus
1606 2162 1731 2202 quam
1761 2148 2018 2199 melioribus,

192 2230 235 2262 ut
267 2221 390 2262 etiam
422 2220 585 2262 librarii
618 2221 775 2262 dictent
806 2220 994 2262 carmina
1024 2227 1107 2261 tua.

192 2383 292 2412 menti
326 2392 384 2412 uec
420 2386 530 2412 contra
555 2382 690 2420 dilapsus
714 2385 884 2420 repugnat.
933 2381 1044 2410 Dilabi
1072 2381 1155 2410 enim
1183 2381 1261 2410 nihil
1286 2381 1315 2410 h.
1344 2382 1362 2410 1.
1391 2385 1439 2411 est
1467 2382 1528 2412 nisi
1554 2383 1593 2412 ab
1620 2392 1679 2412 uno
1705 2386 1847 2422 tempore
1873 2384 1906 2412 in
1932 2383 2020 2413 aliud
2081 2380 2083 2391 '

192 2439 328 2478 (serius)
355 2440 536 2477 transponi,
563 2438 732 2469 transferri
760 2439 780 2468 i.
808 2447 834 2467 e.
863 2437 990 2467 deferri.
1017 2437 1068 2467 Sic
1094 2438 1231 2474 delatus
1259 2442 1294 2467 ut
1320 2438 1452 2474 dilatus,
1479 2449 1519 2468 ex
1544 2439 1653 2477 glossa
1677 2443 1789 2469 natum
1814 2443 1875 2470 est.

308 2496 340 2533 1)
368 2497 411 2534 gl.
437 2505 470 2536 γι
508 2494 541 2524 Si
567 2494 685 2524 fuisset
709 2499 802 2524 natus
828 2494 1024 2533 temporibus
1050 2495 1178 2523 nostris.
1206 2511 1246 2514 —
1274 2503 1307 2523 se
1331 2498 1455 2533 aptaret
1481 2505 1508 2536 γ.
1535 2496 1603 2527 rell.
1630 2497 1661 2525 h.
1688 2497 1707 2525 1.
1735 2501 1799 2534 apt.
1825 2505 1869 2526 se.
1894 2497 2021 2528 lenitate

192 2562 222 2580 v.
249 2561 304 2590 per
329 2553 388 2581 hoc
406 2570 443 2572 -ff—
466 2552 631 2590 scripsisse
656 2561 716 2581 om.
742 2561 769 2593 γ.
817 2550 852 2591 4)
878 2552 1073 2581 Detraheret
1098 2561 1182 2581 man.
1200 2551 1228 2581 ⁶2.
1255 2561 1315 2580 rec.
1343 2552 1375 2580 in
1401 2561 1417 2592 γ
1441 2552 1630 2590 adscripsit:
1656 2562 1713 2590 pro
1739 2553 1933 2583 detraheret.
1961 2563 2019 2584 om.

195 2608 386 2647 G(Q)‚mva.
411 2609 520 2647 glossa
546 2612 594 2638 est
620 2617 661 2638 ex
686 2608 809 2637 scholio
836 2611 980 2637 extracta
1005 2616 1042 2636 ac
1075 2608 1176 2636 serius
1202 2608 1365 2645 adspersa.
1415 2608 1557 2647 Auferet-
1576 2626 1617 2629 ἓν
1644 2608 1786 2638 Lucilius
1811 2620 1837 2652 γ.
1863 2611 1932 2640 rell.
1958 2620 2019 2640 om.

195 2665 325 2695 Lamum
349 2665 444 2695 recicl.
471 2675 553 2694 omne
579 2665 785 2704 amplificaui.
833 2664 985 2694 Scholion
1012 2665 1137 2702 plenius
1164 2665 1200 2693 Id
1223 2669 1264 2693 est
1290 2682 1329 2684 ψ-
1356 2665 1555 2694 abundarent
1583 2674 1623 2694 ex
1648 2675 1674 2706 γ.
1712 2665 1808 2705 Vulg.
1834 2668 1946 2697 lectio:
1983 2667 2020 2696 Id
2080 2661 2081 2681 ³

195 2725 245 2752 est
269 2726 452 2760 amputaret
488 2731 581 2752 omne
618 2722 702 2760 quod
738 2725 930 2760 amputaret.
972 2732 1031 2751 om.
1072 2721 1197 2758 G‚1nva.
1261 2722 1296 2760 8)
1323 2722 1500 2752 Perfectum
1594 2723 1786 2761 superfluum
1811 2734 1838 2766 γ.
1865 2725 1934 2754 rell.
1959 2733 2019 2754 om.
2080 2721 2082 2733 ¹

199 2778 253 2816 10)
280 2778 445 2817 S‹·alpe1·et
473 2796 510 2799 -
539 2779 703 2808 scribendi
728 2788 753 2820 γ.
780 2779 850 2808 rell.
877 2788 935 2808 om.
1006 2779 1059 2817 12)
1086 2777 1200 2816 unguis
1225 2778 1332 2808 Ambr.
1359 2782 1393 2808 ut
1418 2779 1505 2808 Pith.
1532 2779 1571 2808 ad
1604 2778 1689 2808 Med.
1717 2781 1767 2809 74.
1796 2789 1914 2818 ungues
1945 2779 2019 2822 fifh.
2080 2776 2081 2781 ¹

195 2835 252 2863 rell
290 2845 349 2866 om.
369 2836 441 2864 lem.
461 2839 491 2864 et
511 2836 608 2865 schol.
634 2844 734 2874 usque
760 2836 799 2864 ad
825 2845 853 2864 u.
872 2834 1004 2864 Pei-sius.
1030 2835 1130 2865 Viuos
1165 2853 1176 2854 ἡ
1204 2836 1350 2873 integros
1373 2834 1425 2876 3¹0.
1451 2836 1520 2864 rell.
1548 2844 1608 2865 om.
1660 2836 1715 2873 14)
1744 2837 1870 2867 roderet
1887 2855 1919 2858 m
1938 2836 2021 2866 Hinc

196 2900 220 2931 γ.
248 2892 316 2921 rell.
344 2902 403 2921 om.
456 2894 510 2931 16)
536 2892 650 2930 unguis
676 2892 777 2930 G(Q)‚
804 2896 838 2921 ut
863 2892 896 2920 M
921 2892 1036 2929 Porph.
1101 2891 1155 2929 17)
1184 2892 1281 2921 schol.
1308 2902 1367 2921 om.
1395 2890 1517 2929 G‚mva‚
1545 2893 1597 2929 qui
1623 2893 1761 2922 habent:
1792 2903 1914 2931 ungues
1943 2892 2020 2923 Com.
2078 2899 2081 2931 ξ

192 2957 282 2986 pauc.
308 2948 470 2977 lectoribus.
509 2950 583 2978 Noli
610 2953 671 2978 ete.
705 2949 753 2977 Ad
782 2950 876 2986 Saepe
901 2947 998 2977 stilum
1023 2957 1038 2988 γ
1064 2948 1178 2976 habet:
1217 2948 1296 2977 deest
1318 2948 1370 2985 fit,
1407 2952 1439 2977 et
1504 2949 1558 2987 18)
1585 2953 1657 2986 post
1680 2949 1757 2978 mule
1780 2949 1900 2987 scriptis
1924 2950 2018 2979 haec:

197 3004 246 3034 fac
273 3013 343 3041 sepe
370 3009 475 3034 uertas
501 3006 610 3035 stilum
637 3010 671 3035 ut
698 3006 819 3034 scribas
846 3014 882 3033 ea
908 3014 988 3042 quae
1012 3003 1125 3042 scripta
1152 3005 1215 3042 legi
1234 3010 1423 3034 mereantur.
1442 3005 1511 3033 rell.
1530 3014 1590 3033 om.
1640 3005 1697 3043 21)
1722 3004 1827 3035 ¹[terum.
1842 3023 1878 3025 -—
1894 3005 2021 3035 rettulit
2042 3032 2048 3037 ,
2078 2988 2081 3006 ³

197 3070 223 3101 γ.
249 3061 317 3089 rell.
346 3070 405 3089 om.
467 3062 522 3099 ²23)
550 3063 641 3100 quasi
668 3062 825 3092 meliorib.
852 3071 912 3091 om.
938 3070 964 3102 γ.
1029 3060 1086 3099 25)
1113 3059 1208 3097 Apud
1234 3060 1381 3089 librarios
1413 3070 1438 3101 γ.
1472 3060 1540 3089 rell.
1567 3070 1629 3089 om.
1697 3061 1753 3098 26)
1781 3061 1817 3089 In
1850 3061 1969 3092 scholis
2000 3068 2017 3101 γ
2078 3055 2080 3066 '

198 3116 265 3146 rell.
292 3126 351 3145 om.
408 3117 465 3155 27)
493 3117 542 3146 An
635 3122 690 3148 tua
714 3128 740 3161 γ.
768 3119 837 3147 rell.
863 3127 921 3147 om.
948 3117 993 3148 Ut
1022 3135 1059 3138 ——
1084 3121 1150 3155 tua,
1177 3128 1237 3148 om.
1264 3119 1335 3147 lem.
1370 3117 1479 3148 ritibus
1505 3116 1630 3156 G,mva.
1657 3117 1761 3147 dicent
1785 3127 1811 3159 γ.

2083 0 2121 206 ..“......,.ἶ“”’
2083 63 2106 100 “v
2091 26 2093 29 ⁴
