2148 3412
49 3219 53 3270 1

823 162 871 194 IN
898 163 1041 194 Erls'r.
1068 164 1094 202 1,
1121 168 1150 195 3.
1178 168 1210 194 4.
1854 156 1935 196 389

220 285 285 325 26.
318 285 485 339 Frv'yida
517 298 710 325 curarum
740 287 928 338 [οηιεητα.
998 284 1215 327 Poetieam
1263 287 1486 342 signifieat,
1533 302 1616 342 qua
1661 287 1804 329 relicta
1848 288 1939 344 ipse

108 357 337 413 sapientiae
369 357 538 399 studuit.

219 432 284 472 29.
316 431 362 472 Se'
373 433 535 487 patriae
556 433 758 481 uolantem,
781 434 818 473 ss
836 433 922 473 nol).
944 437 1029 474 uin.
1052 435 1150 474 cari.
1202 432 1299 475 Hoe
1320 441 1416 488 apte
1440 435 1493 489 (z)
1511 435 1563 476 ab
1586 435 1679 490 ipsa
1699 435 1822 477 laude
1844 436 1939 491 phi-

108 505 324 559 losophiae
355 504 573 546 deseendit.
603 505 657 545 ad
687 505 961 546 inhibendam
993 505 1082 546 eius
1115 506 1380 547 lraeundiam
1411 507 1612 549 aduersus
1644 508 1838 550 amioum.

217 579 284 620 30.
315 579 367 619 sit
396 579 465 620 tibi
492 593 622 620 curae.
683 577 815 620 Deest
846 593 911 628 (ιή,
958 585 1001 619 ut
1034 579 1086 620 sit
1116 593 1281 622 sensus:
1329 580 1400 621 An
1445 580 1495 622 sit
1542 581 1620 623 tibi
1668 597 1793 624 curae
1838 583 1938 625 Mu-
1990 596 2005 624 5

106 652 255 693 natius.

218 726 282 766 32.
319 726 465 767 Gratia
495 728 734 782 nequiquam
756 728 831 768 coit
854 735 887 767 et
908 727 1180 768 rescinditur?
1236 728 1489 783 Nequiquam
1519 743 1596 783 pro
1627 744 1719 780 uon,
1756 737 1801 771 ut
1831 732 1940 786 Verq-

107 797 181 854 (A.
201 798 258 849 ΙΙ,
277 800 400 855 546):
436 801 489 841 Et
516 814 670 841 summo
703 801 823 856 clipei
849 802 1087 857 nequiquam
1108 801 1275 842 umbone
1294 802 1489 857 pependit,
1522 810 1561 843 et
1593 802 1666 858 (A.
1689 802 1794 854 XII,
1815 805 1937 861 634>=

108 871 197 930 [Et]
230 887 338 915 nunc
367 875 604 929 nequiquam
633 874 748 928 fallis
779 874 865 916 dea.

1969 962 2008 994 10

745 1100 1121 1156 EPISTVLA
1163 1102 1202 1169 I,
1244 1105 1291 1155 4.

931 1212 1116 1257 ACRON.

219 1315 254 1355 1.
289 1315 379 1357 Albi
406 1323 505 1356 nost.
530 1316 656 1357 Serm.
689 1315 805 1356 camd.
836 1315 973 1356 iudex.
1034 1315 1130 1356 Hae
1161 1315 1341 1370 epistula
1362 1315 1540 1358 Albium
1565 1317 1781 1360 Tibullum
1816 1320 1940 1376 [allo-
1971 1333 2008 1363 15

106 1388 264 1444 quitur]
299 1388 532 1443 elegiorum
563 1388 810 1443 scriptorem
841 1387 1093 1442 adloquitur,
1127 1388 1199 1443 qui
1229 1388 1454 1430 uidebatur
1485 1390 1616 1432 libros
1647 1392 1736 1433 eius
1769 1392 1942 1435 Sermo-

105 1477 204 1503 num
233 1461 409 1502 multum
440 1461 625 1503 laudare.
688 1461 842 1503 Albius
862 1461 939 1502 iste
972 1461 1141 1502 criticus
1172 1461 1261 1511 fuit,
1297 1461 1573 1518 [scriptorum
1595 1464 1785 1522 Horatii]
1819 1474 1943 1521 poeta

105 1543 145 1577 et
166 1535 346 1591 scriptor
366 1535 670 1591 philosophiae.
733 1536 982 1577 Sermonwn.
1017 1533 1279 1576 Carminum.
1341 1537 1513 1579 candide
1544 1539 1626 1580 iud.
1686 1539 1844 1591 VeraX,
1876 1541 1943 1583 in-

104 1616 234 1666 teger,
268 1624 396 1664 purus
428 1610 588 1665 (pure),
621 1609 711 1650 sine
742 1609 851 1659 fueo,
889 1608 978 1650 sine
1010 1608 1192 1650 fallacia.

217 1685 254 1724 2.
285 1685 326 1725 in
357 1685 513 1738 reqz'one
548 1684 722 1725 Pedcma.
801 1682 871 1723 Ab
913 1682 1071 1738 oppido
1105 1683 1210 1725 Pedo
1242 1682 1404 1735 Italiae,
1450 1692 1521 1726 aut
1551 1701 1575 1727 a
1605 1685 1726 1729 Pado
1756 1687 1940 1730 flumine.
1969 1703 2010 1734 20

216 1868 251 1907 3)
278 1867 345 1897 Hoc
370 1868 556 1907 (Mltvafflr)
584 1879 644 1898 om.
673 1870 702 1898 2.
730 1869 789 1898 Hit:
814 1870 916 1898 tacite
944 1870 1006 1898 inc.
1035 1868 1072 1903 Q.
1108 1868 1178 1897 Huc
1204 1869 1310 1899 uoluit
1336 1868 1372 1899 C.
1400 1870 1509 1900 Herm.
1538 1876 1647 1909 aperte
1673 1872 1762 1903 vafh.
1825 1874 1859 1912 5)
1886 1873 1944 1903 Sat.

106 1924 166 1954 tibi
191 1924 228 1953 R.
278 1925 313 1964 6)
339 1920 507 1954 Namatiu's
533 1925 654 1963 RAQa.
679 1927 848 1956 mumatius
874 1936 903 1955 v,
942 1926 1102 1954 munatius
1128 1924 1255 1960 M,th
1324 1926 1357 1964 7)
1384 1927 1539 1956 rescindit
1562 1927 1637 1958 MG.
1666 1947 1706 1951 ee
1734 1930 1944 1969 nequicquam

107 1981 140 2010 in
166 1981 238 2010 lem.
266 1985 300 2010 et
325 1982 425 2011 schol.
453 1982 615 2019 RA‚vaf11.
642 1982 723 2012 conf.
753 1982 788 2012 C.
815 1982 842 2018 Ι,
868 1984 899 2018 3,
926 1983 977 2011 21.
1009 1983 1058 2018 15,
1089 1983 1139 2011 13.
1167 1982 1199 2011 S.
1226 1983 1267 2019 ΙΙ,
1296 1985 1324 2021 7,
1352 1985 1404 2013 27.
1453 1982 1489 2023 9)
1516 1984 1558 2014 Et
1583 1994 1642 2014 om.
1672 1985 1799 2016 MRAQ.
1828 1992 1874 2017 et:
1901 1987 1943 2017 Et

108 2037 144 2073 Q.
177 2038 234 2067 alt.
267 2038 326 2068 loe.
360 2039 457 2077 Vei-g.
484 2049 543 2068 om.
570 2040 657 2068 vafh.

218 2095 379 2125 ACRON.
427 2097 485 2125 AD
511 2097 677 2126 ALBIVM
703 2096 923 2126 TIBVLLVM
948 2106 964 2138 γ
996 2100 1027 2125 et
1060 2096 1166 2132 Fran.7
1204 2097 1259 2134 qui
1294 2096 1405 2126 addit:
1432 2097 1505 2127 IIII.
1541 2099 1712 2137 elegiorum
1746 2101 1943 2138 scriptorum.

107 2152 166 2182 AD
193 2152 360 2182 ALBIVM
385 2153 621 2182 TEBVLLVM
646 2154 755 2182 Ambr.
784 2157 815 2182 et
841 2153 931 2182 Baro.
959 2154 1012 2191 qui
1039 2153 1144 2182 addit:
1182 2152 1426 2182 ELEGORVM
1458 2153 1746 2186 SCRIPTOREM.
1774 2157 1870 2186 Bern.
1898 2157 1943 2187 B:

107 2209 164 2238 AD
198 2210 315 2238 BJVM
347 2210 583 2239 TERVLLVM
620 2205 853 2243 ELE(21'ORV
891 2209 1130 2241 SCRIPTORe.
1180 2210 1414 2247 Inscriptiones
1441 2213 1579 2241 maxime
1605 2215 1745 2242 uariant.
1795 2214 1943 2256 EBerO:

107 2265 166 2295 AD
193 2265 359 2295 ALBIVM
385 2266 585 2296 ELEGIVM
612 2266 898 2296 SCRIPTOREM.
926 2267 996 2295 Vet.
1023 2267 1113 2296 Harl.
1141 2271 1172 2296 et
1191 2266 1280 2296 Sorb.
1309 2267 1368 2296 AD
1395 2267 1564 2297 ALBIVM
1590 2269 1830 2299 ELEGORVM
1856 2270 1944 2300 SCR.

108 2322 189 2352 conf.
217 2322 249 2354 S.
281 2322 400 2352 Obbar.
425 2333 454 2361 p.
483 2324 557 2352 221.
595 2323 646 2352 Ad
672 2323 815 2352 Albic'um
842 2323 1013 2361 elegiarum
1039 2332 1097 2352 scr.
1124 2323 1183 2352 HI.
1221 2323 1273 2352 Ad
1299 2324 1437 2353 albinum
1464 2325 1600 2361 elegiam
1638 2336 1696 2355 scr.
1735 2327 1804 2356 Par.
1845 2329 1943 2357 7980.

108 2378 157 2408 Ad
173 2379 327 2409 Albinum
355 2380 531 2418 elegiarum
557 2390 617 2409 sor.
645 2381 693 2409 ed.
713 2379 842 2409 Cadom.
869 2380 919 2408 Ad
947 2380 1066 2409 albium
1092 2377 1246 2409 tabellum
1272 2380 1297 2409 P
1315 2386 1357 2410 et.
1384 2380 1479 2410 Laur.
1506 2382 1558 2411 Aa
1584 2383 1645 2412 alb.
1671 2383 1834 2413 rubellium
1851 2384 1943 2413 Harl.

110 2437 206 2466 2724.
235 2436 287 2466 Ad
312 2438 374 2466 alb.
401 2437 514 2466 tullium
538 2437 572 2466 F.
599 2437 651 2466 Aa
677 2438 738 2467 alb.
764 2437 873 2467 bullum
898 2436 934 2472 Q.
962 2437 1024 2466 Hie
1053 2437 1262 2474 reprehendit
1287 2439 1409 2467 albium
1434 2439 1472 2467 de
1497 2439 1672 2476 gulositate
1690 2441 1759 2469 Par.
1779 2441 1864 2470 8221
1885 2444 1945 2470 etc.

109 2492 198 2523 Conf.
225 2494 324 2523 inser.
353 2493 390 2523 O.
417 2494 441 2531 I,
469 2495 522 2523 33.
676 2481 678 2483 ,

224 2552 279 2590 15)
305 2551 400 2589 alloq.
427 2552 602 2589 elegiarum
628 2562 647 2580 v
674 2550 766 2590 (ael.)
795 2551 907 2586 eath.
934 2552 1029 2589 alloq.
1057 2551 1216 2590 elegorum
1241 2552 1276 2581 C.
1304 2551 1492 2589 eleg-{corum
1531 2563 1590 2582 scr.
1629 2554 1724 2592 alloq.
1750 2555 1798 2596 γ1).
1837 2555 1944 2592 posui,

110 2610 145 2636 ut
169 2616 263 2646 supra
288 2609 321 2637 in
358 2613 547 2646 argumento
585 2607 628 2638 C:
655 2608 679 2645 Ι,
707 2609 747 2637 33
775 2618 844 2637 eum
870 2609 961 2637 libris
987 2608 1115 2646 Porph.⁷
1156 2609 1340 2646 elegiorum,
1379 2605 1531 2650 ἐλεγείων.
1572 2610 1654 2639 conf.
1680 2610 1803 2640 Auson.
1830 2610 1945 2649 Epigr.

112 2664 163 2701 92,
191 2665 219 2702 2,
246 2674 310 2694 11011
335 2665 558 2703 elegiaeorum,
585 2661 767 2706 ἕλε-μαχῶν,
799 2675 840 2694 sc.
869 2666 1057 2694 carminum.
1084 2665 1179 2695 001]ss
1198 2666 1341 2695 Diomed.
1362 2667 1390 2695 3.
1417 2666 1548 2696 Poterat
1576 2668 1673 2696 etiam
1700 2668 1780 2704 fieri,
1807 2671 1840 2696 ut
1868 2668 1945 2696 scri-

111 2721 169 2750 bae
193 2721 334 2751 Ionicam
359 2721 494 2751 formam
521 2723 723 2760 elegam-um,
749 2719 909 2765 ἐλεγηΐιυν,
948 2726 1061 2752 neutro
1087 2732 1216 2761 genere,
1243 2727 1278 2752 ut
1303 2722 1422 2752 Auson.
1450 2724 1610 2753 Parental.
1638 2724 1690 2760 29,
1719 2725 1746 2755 2.
1773 2727 1847 2753 ante
1873 2733 1945 2753 oeu-

112 2777 157 2807 los
182 2778 347 2813 haberent⁷
380 2783 568 2816 respuentes
593 2780 651 2808 hoe
677 2779 756 2815 loco,
782 2782 817 2808 ut
843 2784 986 2817 apparet7
1014 2781 1139 2809 notiora
1164 2781 1321 2811 uocabula
1346 2780 1524 2818 elegiarum
1550 2785 1580 2810 et
1608 2781 1774 2820 elegorum,
1812 2791 1946 2819 quorum

112 2835 269 2872 posterius
294 2835 369 2864 libri
394 2835 534 2865 Aeronis
559 2836 600 2864 ad
628 2835 663 2865 C.
691 2836 714 2871 Ι,
743 2836 783 2865 33
810 2836 940 2866 habent.
992 2838 1046 2875 17)
1073 2837 1188 2866 Albius
1213 2837 1268 2866 iste
1292 2838 1422 2866 creticus
1447 2836 1507 2866 fuit
1536 2841 1630 2875 poeta
1656 2841 1686 2866 et
1714 2838 1851 2876 scriptor
1877 2839 1946 2876 phi-

113 2889 274 2929 losophiae
297 2901 324 2933 γ.
357 2891 405 2921 1ηό
430 2896 527 2921 (cutem
550 2893 680 2921 criticus
700 2910 737 2912 M
753 2892 975 2930 philosophiae
1001 2894 1029 2922 b.
1057 2893 1170 2923 Albius
1194 2893 1244 2923 ille
1269 2893 1410 2923 Critieus
1436 2894 1496 2923 fuit
1521 2893 1595 2933 (om.
1622 2891 1730 2934 poeta)
1755 2898 1786 2924 et
1811 2895 1948 2932 scriptor

113 2947 337 2986 philosophiae
361 2958 409 2978 va.
438 2948 553 2977 Albius
579 2953 677 2978 autem
701 2948 841 2978 criticus
868 2948 926 2987 (er.
956 2948 1000 2988 Q)
1026 2949 1087 2979 fuit
1114 2951 1300 2988 scriptor-mn
1323 2950 1451 2979 Horatii
1476 2949 1544 2984 th
1570 2950 1730 2989 (Horati).
1756 2951 1846 2981 Hane
1873 2961 1945 2990 par-

113 3005 179 3032 tem
203 3014 262 3036 om.
290 3004 325 3034 C.
393 3005 448 3043 18)
476 3004 663 3035 carminum
689 3006 824 3047 ·,’11.1·011.
844 3015 902 3035 om.
939 3024 970 3026 *-
996 3006 1102 3036 Verax
1139 3025 1150 3027 e
1197 3007 1325 3035 fallacia
1354 3006 1493 3045 (fallatia
1517 3007 1549 3048 γ)
1575 3006 1653 3048 γὺΟ.
1680 3008 1749 3036 rell.
1776 3018 1835 3038 om.
1889 3009 1944 3047 19)

115 3068 190 3096 pure
214 3060 247 3090 O.
273 3061 360 3091 fusco
385 3063 414 3090 1).
441 3062 491 3091 Ad
516 3072 546 3091 11.
577 3062 613 3091 2;
640 3062 760 3101 reffl'one
787 3062 911 3091 Pedana
937 3063 1020 3100 (sch.
1048 3072 1088 3091 ex
1115 3064 1182 3092 cod.
1211 3063 1390 3091 Theucnot.
1418 3073 1441 3092 s.
1467 3064 1488 3092 i.
1515 3064 1545 3092 d.
1572 3063 1618 3092 ΙΙΙ
1644 3074 1694 3101 ap.
1721 3063 1887 3102 Suringar.
1914 3074 1944 3102 p.

118 3116 189 3145 171.
215 3117 297 3147 conf.
325 3117 377 3156 C.)
405 3122 484 3148 uett.
502 3119 594 3148 codd.
612 3119 650 3160 *sb
670 3119 750 3147 nihil
769 3118 915 3148 offerunt.
966 3118 1024 3158 20)
1049 3119 1099 3148 Ab
1126 3120 1243 3156 oppido
1269 3119 1379 3148 italiae
1404 3129 1430 3160 γ.
1459 3119 1508 3149 Ab
1533 3119 1703 3158 opodopeclo
1729 3120 1806 3160 (sie)
1832 3121 1944 3150 italiae

116 3171 146 3202 b.
171 3173 247 3203 hine
271 3174 350 3204 Pedo
374 3175 544 3205 intermisi.
573 3175 656 3206 conf.
683 3174 720 3212 C,
759 3176 813 3213 qui
837 3176 989 3206 maiorem
1015 3175 1129 3207 scholii
1156 3180 1278 3214 partein
1305 3176 1419 3205 habet:
1458 3194 1498 3196 --
1534 3176 1596 3206 ‘uel
1622 3177 1661 3207 ab
1686 3176 1802 3207 Italiae
1828 3177 1944 3216 oppido
