2148 3412
842 142 889 173 IN
916 143 1023 174 Aa'r.
1051 142 1181 174 POET.
1843 130 1919 170 661

210 264 305 305 341.
342 263 553 305 Centuriae
583 267 787 306 seniorum
818 267 972 319 agitant
1003 267 1183 321 erperae
1214 266 1357 320 fraglis,
1417 264 1467 305 Id
1500 272 1580 307 est:
1613 279 1675 316 ea,
1707 279 1814 320 quae
1845 279 1923 306 nu-

96 336 258 391 gatorie
293 335 502 386 dicuntur,
534 337 750 392 exagitant
780 352 911 379 senes.
973 340 1163 394 expertia.
1204 338 1325 391 Quae
1366 339 1529 393 experti
1561 354 1644 380 non
1675 345 1782 389 sunt,
1814 352 1924 380 exa-

98 410 245 465 gitant.

209 484 304 525 343.
341 484 465 525 Omne
497 485 585 526 tulit
617 493 825 541 punctum,
865 488 932 541 qui
961 486 1120 527 miscuit
1160 487 1255 527 utele
1286 487 1408 527 dulce.
1470 485 1594 528 Solus
1626 486 1829 541 suffragia
1859 486 1924 526 iu-

0 606 3 614 (
98 557 237 598 dicum
268 557 374 607 tulit,
407 557 478 612 qui
501 564 540 598 et
560 558 660 599 utile
682 566 722 599 et
743 558 865 599 dulce
887 559 1068 614 scripsit,
1101 558 1144 599 id
1175 566 1249 609 est,
1282 560 1353 614 qui
1376 567 1412 600 et
1445 560 1661 615 prodesset
1684 566 1724 600 et
1741 559 1924 600 delecta-

98 636 180 679 ret;
219 639 419 687 punctum
472 638 610 672 autem
664 632 773 682 ideo,
827 632 938 687 quod
976 631 1154 687 Antiqui
1194 633 1396 688 suffragia
1433 648 1516 675 non
1548 632 1801 682 scribebant,
1853 632 1925 674 sed

97 710 254 758 puncto
285 704 498 746 notabant.

211 779 305 819 345.
340 780 416 820 Hic
451 788 575 820 merel
613 794 710 820 aera
752 780 853 820 liber
884 780 1019 821 Sosiis.
1080 779 1210 820 Hunc
1241 780 1347 821 bene
1388 780 1571 821 uendent
1605 779 1922 836 [bibliothecae]

98 850 367 907 bibliopolae.
428 850 569 893 Antea
600 853 709 894 Sosii
736 860 853 893 erant
885 853 1105 904 notissimi,
1139 853 1210 908 qui
1233 853 1531 896 commercium
1562 852 1767 894 librorum
1797 853 1926 894 facie-

98 924 212 966 bana

210 999 304 1040 352.
342 999 454 1050 Quas
486 1008 556 1041 aul
602 1001 763 1041 incuria
799 1000 918 1053 fudit.
992 1001 1158 1043 incuria
1195 1009 1255 1042 est
1300 999 1584 1056 neglegentia,
1632 1014 1739 1054 quae
1784 1014 1926 1041 curam

98 1086 181 1114 non
212 1071 350 1113 habeb

211 1146 306 1187 357.
337 1146 403 1188 Sic
441 1147 549 1195 mzhi,
588 1147 659 1203 qm'
695 1147 866 1188 mullum
905 1156 1043 1197 cessat,
1080 1148 1125 1202 fic
1161 1148 1366 1189 Choerilus
1406 1148 1486 1189 ille.
1553 1147 1685 1188 Poeta
1722 1147 1928 1202 pessimus

97 1219 176 1261 fuit
211 1220 417 1262 Choerilus
449 1219 573 1277 [ille]‚
607 1220 679 1274 qui
702 1219 994 1261 Alexandrum
1024 1229 1191 1262 secutus
1221 1235 1352 1275 opera
1373 1221 1462 1262 eius
1492 1220 1727 1276 descripsit.
1789 1219 1928 1261 Huius

99 1293 269 1335 omnino
308 1300 468 1349 septem
505 1308 652 1335 uersus
690 1293 983 1344 laudabantur,
1020 1302 1060 1335 et
1091 1292 1337 1335 Alexander
1375 1293 1531 1335 dixisse
1569 1294 1713 1343 fertur,
1753 1293 1929 1334 multum

98 1367 223 1408 malle
255 1381 298 1409 se
329 1367 553 1409 Thersiten
583 1367 763 1409 Homeri
795 1382 883 1409 esse
914 1382 1040 1422 quam
1074 1365 1263 1409 Choerili
1295 1365 1520 1408 Achillem.

212 1441 307 1483 360.
347 1442 491 1483 Verum
522 1442 635 1498 operi
662 1442 780 1497 lonqo
810 1442 876 1495 fas
908 1450 961 1482 esc
998 1442 1184 1498 obrepere
1215 1456 1410 1483 somnum.
1486 1440 1573 1482 Sed
1604 1441 1929 1491 excusationem,

99 1513 248 1569 inquit,
279 1513 493 1557 Homerus
538 1515 690 1557 mereri
728 1522 876 1570 potest,
923 1515 956 1556 si
995 1515 1155 1570 aliquid
1186 1515 1230 1556 in
1261 1522 1375 1557 tanto
1414 1529 1542 1569 opere
1591 1530 1674 1556 non
1705 1513 1931 1569 respondet

99 1588 383 1644 magnitudini
415 1589 627 1631 carminis.

212 1663 307 1705 361.
342 1664 389 1705 Ut
427 1664 606 1719 pictura,
649 1664 799 1720 poesis:
846 1664 930 1704 erit.
1004 1661 1100 1704 Non
1132 1663 1208 1704 erit
1254 1662 1473 1704 dissimilis
1518 1662 1682 1717 poetice
1728 1661 1930 1716 picturae.

99 1734 211 1777 Nam
243 1736 452 1792 quomodo
475 1737 517 1777 in
548 1736 628 1777 hac
659 1736 833 1791 propius
873 1735 1080 1791 quaedam
1113 1735 1342 1791 spectanda
1364 1742 1471 1786 sunt,
1505 1735 1711 1790 quaedam
1742 1734 1930 1790 longius:

38 1865 40 1868 y
100 1810 158 1851 ita
188 1810 373 1865 poetices
403 1809 606 1865 quaedam
638 1809 778 1851 statim
809 1809 1084 1865 adspicienda
1115 1817 1221 1851 sunt.
1299 1809 1421 1862 Quae
1452 1809 1592 1851 lucida
1623 1815 1756 1856 erunt,
1801 1821 1933 1863 prope

102 1892 426 1940 cognoscentur3
473 1899 580 1939 quae
610 1898 711 1925 uero
741 1883 933 1931 obscura,
964 1883 1134 1939 longius
1165 1883 1390 1939 (remotis),
1422 1882 1632 1924 remotius.

213 1960 450 2001 367—369.
483 1961 568 2000 Hoc
600 1959 670 1999 tibi
697 1959 847 2000 (lictum.
872 1958 983 1999 Tolle
1013 1972 1174 1998 memor.
1216 1955 1267 1996 Id
1299 1962 1380 1998 est:
1403 1956 1482 1997 hoc
1512 1956 1688 1997 uerbum
1720 1956 1763 1996 in
1794 1961 1932 1996 mente

101 2031 221 2074 habe.
262 2033 380 2074 certis
401 2033 573 2074 medium
595 2041 629 2073 el
652 2032 714 2073 tol.
737 2031 817 2073 reb.
839 2032 957 2073 Recte
975 2045 1030 2073 co.
1075 2029 1356 2082 Quarundam
1379 2044 1518 2071 rerum
1541 2044 1631 2071 esse
1653 2028 1932 2070 medietatem.

104 2107 311 2149 consultus
360 2107 464 2149 iuris
514 2114 551 2148 et
598 2113 721 2148 actor.
801 2103 1031 2147 Consultus
1082 2104 1184 2146 iuris
1234 2103 1408 2159 aliquis,
1451 2103 1486 2145 si
1537 2103 1683 2153 nescit,
1734 2108 1933 2157 quantum

101 2303 171 2333 rell.
198 2303 282 2333 solet.
297 2320 339 2324 -—-
357 2303 515 2341 poeticam
540 2303 621 2339 2,fh.
651 2302 773 2340 poetice
805 2298 981 2337 MRBbG,1-.
1008 2300 1150 2339 poeticae
1168 2298 1247 2335 an.
1268 2299 1352 2337 quod
1373 2298 1431 2328 lale
1455 2301 1659 2338 myumenlum
1686 2297 1782 2335 fingat
1807 2305 1835 2325 a.
1863 2299 1935 2326 tan-

46 2390 47 2394 ,
103 2364 171 2390 tum
196 2359 345 2400 siynfficat
368 2369 441 2397 esse,
468 2364 503 2390 ut
527 2369 557 2389 v.
620 2359 678 2398 28)
704 2359 802 2388 etiam
828 2368 888 2387 oin.
915 2358 980 2386 afli.

244 2417 277 2456 1)
304 2415 476 2456 Centyriae
502 2415 546 2446 M.
597 2416 631 2454 5)
659 2414 785 2444 scribsit
810 2414 853 2450 M,
881 2424 941 2444 om.
968 2414 998 2443 id
1025 2417 1084 2443 est.
1111 2414 1166 2451 qui
1193 2413 1295 2451 prod,
1333 2423 1394 2442 oni.
1422 2416 1463 2449 et,
1494 2412 1540 2441 fh.
1567 2411 1621 2440 sed
1646 2411 1699 2449 qui
1725 2411 1881 2448 prodesset
1904 2414 1935 2440 et

0 2509 15 2516 ,ι
106 2473 168 2503 del.
195 2477 293 2512 posset
317 2472 353 2503 G.
381 2473 434 2511 qui
461 2472 509 2511 (et
534 2472 589 2511 va)
616 2471 772 2510 prodesset
796 2475 826 2500 et
853 2471 1022 2500 delectaret
1044 2469 1136 2499 vafh.
1174 2470 1228 2507 qui
1254 2470 1334 2499 utile
1359 2469 1451 2498 dulce
1478 2468 1609 2506 scripsit
1626 2468 1709 2496 idem
1729 2466 1777 2505 (id
1797 2467 1862 2506 est)
1881 2467 1935 2505 qui

6 2522 48 2573 '5
106 2531 274 2568 prodesset
299 2530 474 2560 delectaret
500 2539 525 2567 r,
551 2530 601 2559 bis
627 2538 686 2559 om.
713 2532 750 2558 et.
799 2527 834 2567 8)
862 2527 924 2557 Hic
949 2530 1050 2556 meret
1075 2536 1111 2556 ae
1137 2526 1197 2565 (Ξ
1214 2527 1302 2565 aera)
1330 2527 1384 2555 lib.
1405 2525 1499 2555 sosiis
1517 2524 1559 2553 M.
1576 2543 1585 2544 ff
1606 2543 1614 2544 ἡ
1630 2525 1715 2553 huuc
1740 2524 1819 2552 bene
1844 2522 1937 2552 vende

26 2583 51 2616 'th'
109 2586 169 2626 (-—-
185 2583 244 2626 Bb)
269 2587 487 2617 bibliothecae
512 2589 610 2615 antea
634 2585 677 2614 Μ.
720 2585 827 2613 Antea
854 2593 914 2613 om.
941 2583 1121 2613 Hocheder.
1150 2591 1179 2620 p.
1209 2583 1282 2612 184.
1311 2586 1341 2612 et
1376 2583 1404 2611 2.
1434 2582 1496 2611 Pro
1522 2581 1593 2610 lect.
1620 2581 1707 2618 uulg.
1735 2579 1937 2609 bibliothecae

4 2671 13 2688 U*
107 2644 222 2682 scripsi
246 2653 316 2674 cum
342 2644 412 2674 cod.
440 2644 457 2672 2
484 2641 681 2681 bibliopolae.
730 2641 862 2670 Peme-as
887 2650 911 2669 r.
938 2640 1084 2677 pexiinus
1110 2636 1161 2668 Bb.
1187 2639 1256 2668 rell.
1284 2639 1453 2676 pessimus.
1521 2638 1576 2676 14)
1602 2637 1660 2675 ille,
1686 2637 1769 2675 quod
1796 2646 1836 2666 ex
1856 2636 1936 2666 Hor.

5 2715 14 2745 ᾧ
31 2697 53 2740 -Ξ
108 2700 244 2730 intrauit
267 2701 300 2730 in
324 2700 411 2736 vasli,
438 2700 507 2729 rell.
532 2709 593 2730 om.
620 2698 764 2728 cherulus
790 2693 899 2734 RB'',r.
927 2696 1021 2735 (bis).
1041 2714 1054 2715 v
1093 2696 1265 2725 describsit
1290 2695 1333 2724 M.
1386 2695 1440 2734 15)
1466 2694 1637 2724 laudantur
1663 2692 1714 2723 Gv
1738 2692 1936 2733 (ludantur).

49 2770 52 2785 ι
108 2774 151 2778 -
175 2754 544 2798 thersithemsssshomeri
570 2756 612 2784 M.
639 2764 700 2784 non
727 2754 902 2783 thersithen
928 2753 1060 2788 homeri,
1099 2757 1134 2782 ut
1158 2751 1215 2782 ref.
1243 2752 1423 2788 IIodreder,
1449 2760 1505 2780 nec
1530 2751 1628 2780 thers.
1655 2749 1726 2785 iam,
1753 2754 1788 2778 ut
1813 2748 1870 2778 ref.
1899 2748 1937 2784 Q.

38 2795 52 2837 ’ἓ
109 2814 270 2844 tersithem
293 2813 354 2843 iam
378 2811 431 2844 Bb.
458 2813 615 2842 tei-sithen
641 2811 701 2841 iam
727 2821 749 2840 r.
777 2810 969 2840 thersithem
992 2809 1053 2838 iam
1077 2808 1113 2838 R.
1141 2808 1297 2839 thersiten
1328 2807 1387 2837 iam
1413 2806 1451 2837 G.
1490 2807 1568 2836 male
1605 2815 1639 2835 se
1672 2806 1785 2835 tex-site
1819 2805 1881 2835 iam
1905 2815 1936 2834 v.

32 2853 53 2870 ι’
114 2871 168 2910 17)
194 2880 286 2909 opere
302 2870 334 2899 in
350 2871 447 2908 longo
463 2870 509 2899 fh.
536 2869 604 2899 rell.
631 2868 721 2907 operi
744 2868 785 2897 lo.
838 2868 892 2906 18)
919 2866 1042 2904 aliquid
1068 2869 1159 2895 tanto
1186 2866 1231 2895 fh.
1258 2865 1326 2894 rell.
1354 2864 1427 2902 aliq.
1453 2863 1483 2893 in
1507 2867 1550 2893 ta.
1578 2861 1828 2900 respondeatfh.
1881 2861 1937 2901 19)

0 2908 11 2919 μ
32 2912 49 2934 »η
110 2928 334 2966 magnitudine
358 2927 391 2956 M
417 2926 531 2964 (etiam
557 2935 606 2963 ap.
634 2925 740 2954 Halm.
767 2928 799 2954 et
824 2923 1010 2960 Hocheder3
1036 2923 1120 2960 negl.
1140 2922 1192 2959 Q),
1243 2922 1299 2960 20)
1327 2922 1396 2951 Non
1423 2921 1484 2949 erit
1510 2919 1585 2957 (0111.
1604 2919 1664 2958 fh).
1692 2919 1768 2948 diss.
1797 2919 1939 2956 poeticen

110 2985 258 3022 picturae
283 2985 364 3013 rafh.
392 2993 453 3013 non
479 2984 538 3012 erit
562 2981 668 3012 similis
693 2982 833 3019 poeticae
860 2981 985 3017 pic-tura
1009 2989 1038 3008 v.
1079 2979 1197 3017 poetice
1221 2975 1340 3007 MwG.
1379 2977 1521 3015 poeticae
1553 2976 1611 3004 R2.
1678 2975 1734 3013 22)
1763 2984 1828 3013 asp.
1855 2975 1937 3004 libri.

8 3019 15 3031 'A
34 3027 52 3070 ’ἶ7
111 3040 237 3078 proprie
260 3038 383 3070 Rssb2G
410 3039 563 3079 (corr.)‚r.
614 3038 673 3077 23)
700 3034 1157 3076 1=e11101isll115'·‹1'(i11marg),
1184 3045 1248 3064 rva.
1277 3034 1366 3064 uncis
1392 3034 1468 3063 incl.
1488 3032 1526 3068 Q.
1554 3036 1673 3063 remota
1699 3032 1744 3061 fh.
1773 3032 1864 3069 posui
1889 3041 1939 3061 re-

112 3097 230 3128 molius.
256 3097 340 3128 conf.
367 3097 443 3128 Acr.

1956 935 1994 965 10

1957 1302 1996 1332 15

1958 1668 1999 1700 20

1960 2038 2000 2068 25
