2148 3412
835 122 884 154 IN
908 122 1052 154 EPIST.
1078 123 1104 161 1,
1132 127 1160 154 s.
1829 114 1911 155 419

197 246 232 286 1.
263 245 453 299 yaudere.
511 243 638 285 Noua
669 244 917 287 salutatione
948 261 1048 288 usus
1077 248 1254 302 qamlere
1285 256 1320 289 ec
1351 248 1442 289 bene
1474 263 1558 290 rem
1587 263 1735 302 yerere.

195 333 278 360 rem
306 332 455 372 yerere.
514 317 615 359 Una
645 332 744 372 pars
774 319 987 360 orationis.

194 394 232 434 2.
264 400 420 446 roqata.
478 390 522 432 A
552 406 631 432 me.

193 467 230 507 3.
258 465 432 521 pulchra
460 467 689 507 minantem.
748 465 1083 508 Promittentem.

193 540 232 580 4.
270 539 422 580 Viuere.
481 537 568 591 Qui
598 540 862 594 propositum
892 555 978 581 non
1009 540 1257 582 custodiam.

194 613 305 654 haud
335 614 429 669 quia
458 613 629 668 qrando.
687 612 784 654 Non
814 613 921 655 ideo.

192 687 229 728 5.
260 687 528 728 momorderit.
607 684 840 742 Carpseiit,
886 687 1092 729 minorem
1130 687 1297 737 feeerit3
1345 687 1589 729 minuuntur
1625 688 1756 738 enim,
1801 703 1908 743 quae

80 759 333 802 mordentur.

191 834 228 875 6.
261 841 499 874 armentum.
559 831 733 875 Scilicet
762 848 913 875 meum.

190 915 366 961 aeqrotet
393 908 433 948 in
466 907 586 961 aqris.
647 905 751 947 Vult
781 907 934 957 dicere,
967 907 1080 962 quod
1110 907 1423 962 philosophiam
1455 906 1617 961 inplere
1648 921 1732 947 non
1763 907 1906 962 possit.

192 982 227 1021 7.
259 994 422 1037 corpore
460 989 550 1022 tolo.
624 980 726 1023 Ideo
771 981 842 1031 ait,
887 988 932 1023 ut
978 981 1171 1036 quamuis
1215 988 1377 1036 partem
1422 980 1672 1022 ualidiorem
1718 981 1909 1022 ostendat

78 1069 204 1109 quam
235 1054 422 1095 animum
453 1069 585 1096 suum.

190 1129 227 1169 8.
260 1129 332 1171 Nil
352 1128 494 1169 audire
515 1129 645 1170 uelim.
693 1127 791 1170 Hoe
812 1135 893 1170 est:
925 1128 1235 1184 philosophiam
1256 1127 1353 1169 nolo
1375 1127 1506 1182 sequi,
1529 1141 1636 1182 quae
1656 1127 1758 1168 uitia
1779 1127 1910 1168 animi

78 1202 221 1244 aufert.

188 1277 226 1318 8.
257 1276 359 1317 leuet
387 1290 565 1331 myrum.
626 1274 861 1331 Allegoria,
894 1274 1009 1330 quod
1039 1275 1226 1316 animum
1257 1274 1310 1316 ab
1343 1274 1556 1315 erroribus
1586 1280 1766 1315 reuocet.

189 1351 226 1390 9.
259 1350 455 1406 offendar.
516 1349 573 1391 Et
604 1349 673 1391 hie
694 1351 787 1406 quia
832 1349 1182 1391 subaudiendum.
1227 1349 1401 1389 medicis.
1462 1347 1696 1404 Magistris.
1755 1349 1912 1389 irascar

81 1424 228 1465 amicis.
289 1421 376 1475 Qui
407 1422 547 1464 animo
579 1423 740 1464 mederi
769 1423 929 1473 uolunt,
960 1422 1040 1464 hoo
1071 1429 1145 1472 est,
1179 1421 1456 1477 philosophis.

190 1497 253 1538 10.
284 1505 458 1538 ueterno.
518 1496 673 1538 Morbo
705 1496 888 1551 quodam
919 1496 1005 1538 otii.
1065 1495 1161 1538 Hoc
1207 1502 1287 1537 est:
1335 1509 1409 1536 our
1452 1509 1519 1536 me
1563 1509 1647 1536 non
1693 1493 1910 1549 patiuntur

14 1587 16 1598 ’
76 1569 331 1613 desidiosum
363 1571 481 1612 esse?

189 1644 252 1686 12.
284 1654 486 1687 uentosus.
547 1644 810 1694 Inconstans‚
842 1642 1064 1693 instabilis,
1096 1643 1318 1684 fluetitans.

190 1720 265 1762 13..
286 1720 477 1761 Postlzaec
507 1727 562 1760 ut.
622 1717 859 1771 Quomodo.

189 1793 253 1834 14.
284 1793 434 1834 iuueni.
464 1791 637 1834 Neroni.
699 1792 862 1834 cohorti.
896 1790 1050 1833 Scriba
1080 1790 1193 1832 enim
1223 1789 1404 1831 militum
1437 1796 1538 1831 erat.

190 1867 253 1907 15.
286 1865 332 1907 Si
360 1866 461 1907 dicet
492 1874 608 1907 recte.
670 1863 727 1906 Se
758 1879 897 1921 agere.

190 1941 253 1980 17.
284 1940 469 1995 feremus.
528 1938 661 1981 Deest
693 1946 766 1980 aut
797 1940 915 1981 dicito
947 1954 1006 1980 me
1037 1952 1088 1979 ex
1119 1937 1423 1993 superioribus,
1456 1942 1526 1977 aut
1548 1944 1738 1977 memento
1762 1950 1813 1976 ex
1843 1935 1907 1975 in-

76 2013 311 2056 ferioribus.
371 2012 468 2055 Hoc
500 2019 579 2055 est:
627 2013 661 2054 si
690 2012 870 2056 felicitas
900 2011 1126 2054 mutauerit
1156 2018 1208 2061 te,
1254 2017 1293 2052 et
1323 2026 1399 2052 nos
1431 2010 1473 2051 in
1504 2016 1575 2051 tua
1606 2009 1792 2052 amicitia
1822 2024 1906 2051 non

77 2087 334 2130 durabimus.

809 2288 1163 2333 PORPHYRION.

187 2395 249 2424 AD
279 2394 620 2424 ALBINOVANVM
641 2393 836 2431 CELSVM,
869 2380 935 2422 oui
965 2379 1137 2430 indicat,
1169 2379 1298 2420 animi
1329 2393 1372 2420 se
1403 2378 1668 2434 aegritudine
1699 2377 1905 2426 laborare,

36 2467 39 2509 ξ
77 2471 211 2513 neque
241 2457 468 2512 quiequam
500 2471 658 2506 eorum,
691 2470 798 2510 quae
828 2461 942 2496 reeta
974 2461 1125 2504 essent,
1158 2453 1239 2495 sibi
1269 2453 1449 2508 plaeere.

191 2533 255 2574 10.
288 2547 428 2574 arcere
458 2539 634 2573 aeterno.
694 2528 922 2584 Ληθαργιά.

215 2739 247 2778 1)
273 2737 380 2769 Schol.
407 2748 466 2768 om.
493 2739 522 2767 b.
583 2737 618 2775 4)
645 2735 812 2765 minantem.
839 2739 1009 2765 conantem
1033 2734 1094 2778 Βφ.
1157 2733 1192 2773 6)
1217 2734 1288 2764 Non
1316 2734 1386 2763 ideo
1409 2734 1439 2762 b.
1467 2742 1526 2762 om.
1552 2740 1578 2774 γ.
1644 2731 1698 2770 10)
1724 2735 1854 2769 possunt
1876 2731 1906 2760 b.

83 2795 137 2834 12)
163 2805 226 2834 qua
250 2797 348 2825 anim.
373 2805 400 2837 γ.
427 2804 523 2834 quam
548 2803 599 2823 an.
627 2803 672 2822 su.
700 2803 760 2822 om.
787 2793 817 2821 b.
870 2792 925 2831 14)
952 2791 1058 2821 aufert
1080 2793 1111 2821 b.
1174 2791 1229 2829 16)
1258 2791 1301 2820 Et
1327 2800 1386 2820 om.
1412 2791 1442 2819 b.
1506 2789 1561 2827 18)
1589 2789 1760 2827 paciuntur
1786 2797 1850 2817 non
1875 2788 1906 2816 b.

84 2853 137 2892 19)
164 2863 234 2883 esse
259 2864 320 2883 om.
345 2855 375 2883 b.
425 2853 482 2891 20)
510 2852 667 2881 fluctuans
692 2860 718 2892 γ.
745 2849 906 2879 fiuctitans
930 2850 960 2878 b.
989 2846 1156 2887 (flecitaus‘.)
1186 2848 1264 2877 Hor.
1292 2847 1330 2876 E.
1356 2847 1380 2884 Ι,
1411 2847 1459 2877 18.
1491 2846 1562 2874 118.
1590 2845 1712 2883 Tacit.)
1741 2843 1907 2879 Quomodo

81 2911 100 2939 b
126 2910 284 2949 (Porph.)
312 2919 373 2940 om.
398 2918 426 2951 γ.
477 2908 535 2948 22)
561 2908 682 2938 Neroni
709 2917 770 2937 om.
785 2907 815 2936 b.
866 2907 923 2946 25)
949 2905 1119 2936 mutaueril
1142 2906 1172 2935 b.
1199 2904 1365 2934 inmutabit
1388 2913 1414 2945 γ.
1440 2907 1472 2932 te
1498 2906 1524 2932 et
1546 2911 1603 2932 nos
1629 2905 1656 2931 ec
1679 2903 1711 2931 in
1737 2902 1768 2939 b,
1794 2905 1824 2930 te
1848 2910 1906 2931 nos

81 2966 113 2997 in
136 2976 164 3009 γ.

191 3023 346 3054 PORPH.
393 3023 625 3062 Inscriptiones
652 3022 769 3051 absunt
794 3030 811 3049 a
836 3020 930 3050 libris
956 3023 1087 3058 propter
1111 3022 1348 3058 argumentum.

193 3081 250 3118 30)
267 3081 360 3119 egrit.
375 3080 410 3109 P..
460 3080 517 3118 31)
537 3079 692 3119 quicquam
705 3077 900 3116 MRAG(Q),
919 3077 1062 3117 qnicffque
1074 3087 1103 3107 v.
1134 3084 1344 3116 quaecumque
1360 3073 1425 3103 afh.
1444 3078 1548 3103 rectae
1573 3073 1609 3108 Q.
1674 3072 1732 3111 32)
1750 3068 1907 3115 ληθαργια

81 3135 270 3176 MA2G(Q).
297 3141 379 3177 spat.
397 3146 468 3169 uae.
488 3138 521 3167 in
538 3137 565 3167 R
582 3141 614 3167 et
630 3146 660 3166 v.
687 3136 725 3166 cf.
740 3136 809 3178 Βφε
836 3136 870 3166 ⁴i.
896 3144 915 3164 a
939 3134 1056 3175 Iitarqio
1075 3134 1128 3174 (ut
1146 3135 1208 3163 iam
1226 3132 1348 3171 supra).
1369 3131 1460 3170 quasi
1479 3131 1612 3169 antiquo
1630 3129 1762 3160 morbo’.
1781 3129 1824 3159 C:
1852 3129 1907 3158 ‘le-

1583 3195 1633 3220 ¹27*

1939 916 1976 946 10

1936 1284 1976 1314 15

1934 1650 1976 1682 20

1933 2018 1974 2048 25

1933 2385 1974 2416 30
