2148 3412
799 150 848 182 IN
873 145 1008 183 sERM.
1035 152 1060 189 1.
1086 156 1116 183 3.
1819 148 1871 188 59

163 270 228 311 83.
261 271 327 311 84.
359 279 505 326 quanto
535 271 608 313 hoc
636 273 836 326 furiosius
866 282 983 330 atque
1013 275 1112 318 Mai.
1135 290 1247 331 pecc.
1271 286 1338 319 est.
1398 277 1525 331 Quod
1545 279 1643 321 fecit
1664 280 1871 331 dominus,

50 357 175 397 quam
205 342 317 396 quod
348 357 492 385 seruus
523 344 760 386 admiserat.

161 417 225 458 84.
250 417 427 472 paulum
454 417 565 473 deliq.
588 420 772 460 amicum.
832 419 1014 461 Paulum
1051 421 1085 462 si
1120 424 1359 476 peccauerit
1395 425 1567 476 amicus,
1604 426 1729 468 odisti
1751 441 1869 476 eum3

0 483 3 547 l
50 489 162 543 quod
193 496 413 543 peccatum
444 491 527 532 nisi
558 492 827 542 concesseris,
861 508 1010 535 saeuus
1041 500 1079 535 et
1112 495 1289 538 acerbus
1319 497 1491 539 uideare
1521 499 1591 541 uel
1620 500 1816 542 habeare.

0 551 2 559 ’
158 563 223 604 85.
252 564 294 604 in
323 565 472 605 suauis.
504 563 702 606 Amarus.
763 566 943 607 acerbus.
1002 564 1158 622 Asper.

157 637 221 677 86.
254 644 299 677 ut
327 637 531 678 Rusonem
562 639 598 679 d.
630 654 666 679 α,
728 637 964 694 Significat,
1010 640 1121 682 hunc
1151 640 1367 684 Rusonem
1406 645 1710 688 foeneratorem
1742 647 1870 689 fuisse

0 707 2 751 ἐ
45 714 85 749 et
114 708 293 749 eundem
323 709 521 751 historiae
552 710 710 752 malum
741 711 1001 766 scriptorem,
1038 714 1112 767 qui
1144 715 1288 757 solitus
1309 724 1415 758 esset
1446 733 1470 759 a
1501 718 1762 761 debitoribus
1783 721 1869 762 suis

0 775 2 786 ’
46 781 301 822 audientiam
333 782 514 838 exigere.

155 856 334 896 87—89.
371 857 442 912 qui
468 857 550 897 m'sz'
577 871 608 897 e.
650 865 674 898 t.
739 858 831 908 Qui.
862 856 1056 900 Debitor.
1117 858 1237 902 Ordo
1269 868 1351 902 est:
1398 863 1472 916 qui
1517 864 1598 905 nisi
1642 866 1868 907 undeunde

43 928 217 969 extricat
245 943 405 969 numos.
466 927 553 981 Qui
583 928 747 970 debitor
776 930 857 971 nisi
888 932 1103 985 parauerit
1133 948 1280 976 usuras
1311 943 1383 976 aut
1419 943 1585 987 sortem,
1631 938 1773 979 audiet
1803 939 1867 979 hi-

42 1001 189 1042 storias
219 999 405 1043 Rusonis
434 1002 708 1044 foeneratoris
738 1003 764 1043 i.
795 1018 830 1044 e.
870 1003 962 1046 lites
994 1012 1033 1046 et
1065 1006 1266 1048 conuicia.
1327 1007 1437 1049 Alii
1468 1009 1632 1051 dicunt:
1664 1011 1866 1062 historias,

42 1074 153 1128 quod
182 1073 217 1115 is
247 1074 381 1116 malus
410 1075 774 1131 historiographus
803 1077 940 1128 fuerit,
971 1078 1075 1120 adeo
1096 1086 1142 1120 ut
1173 1079 1383 1122 debitores
1415 1082 1518 1133 eius,
1551 1098 1647 1124 cum
1678 1099 1761 1125 non
1791 1085 1867 1125 ha-

40 1147 184 1189 berent
222 1147 335 1189 unde
380 1147 616 1199 redderent,
661 1164 738 1204 pro
769 1165 906 1205 paena
936 1166 1032 1193 eum
1077 1153 1321 1195 recitantem
1367 1170 1464 1198 suas
1508 1156 1703 1198 historias
1748 1164 1866 1212 pate-

39 1227 183 1263 rentur
218 1221 376 1262 audire.

150 1296 307 1336 misero.
338 1293 548 1336 Debitori.
611 1299 770 1347 [uenere
800 1297 894 1338 Kal.
955 1297 1070 1350 Quia
1110 1298 1154 1339 in
1198 1299 1406 1342 Kalendis
1453 1302 1580 1357 (sicut
1625 1303 1669 1343 in
1713 1302 1865 1357 Epodo
1915 1333 1920 1340 -

40 1367 144 1408 dixit
173 1367 217 1408 in
246 1367 414 1423 Idibus)
452 1368 792 1424 quibuscumque
824 1370 983 1411 credita
1021 1378 1109 1411 erat
1145 1373 1339 1426 pecunia,
1385 1374 1562 1415 reddere
1593 1375 1865 1431 cogebantur.

0 1492 2 1498 .
38 1439 95 1481 Et
123 1439 200 1482 iste
231 1440 395 1482 debitor
424 1441 507 1483 nisi
536 1442 834 1496 undecumque
865 1443 1108 1485 extricasset
1138 1445 1163 1485 i.
1196 1460 1230 1486 e.
1263 1446 1491 1502 colligisset
1526 1449 1764 1490 mercedem
1796 1458 1866 1490 aut

0 1499 3 1511 ³
38 1529 244 1565 nummos,
276 1514 485 1565 audiebat,
517 1521 563 1556 ut
593 1515 786 1570 captiuus
816 1531 980 1558 amaras
996 1517 1192 1560 historias
1206 1528 1396 1575 porrecto
1416 1521 1567 1575 iuqulo,
1600 1521 1722 1575 quasi
1742 1523 1866 1564 morti

39 1587 298 1630 addicendus
329 1588 469 1645 esset.]

149 1662 299 1717 iuqulo.
357 1661 537 1717 Iugulus
567 1662 715 1703 incerti
746 1662 914 1718 generis
945 1670 1004 1705 est
1035 1679 1132 1705 nam
1164 1671 1204 1705 et
1233 1666 1294 1706 hie
1325 1666 1497 1721 iugulas
1519 1674 1556 1708 et
1578 1668 1650 1709 hoc
1672 1668 1865 1724 iugulum

38 1734 230 1778 dicimus.

149 1809 344 1850 historias.
404 1808 601 1859 Iniurias,
635 1810 919 1852 contumelias.
982 1811 1102 1853 Ordo
1132 1811 1256 1868 [est]:
1288 1818 1334 1853 ut
1355 1813 1562 1867 captiuus,
1594 1813 1724 1855 audit.
1784 1813 1866 1857 Ast

0 1867 3 1889 ἱ
37 1881 105 1924 hio
134 1881 288 1932 allusit,
320 1881 519 1936 quoniam
549 1882 685 1924 malus
715 1882 1079 1939 historiographus
1111 1884 1269 1926 dicitur
1298 1885 1438 1927 fuisse.

154 1956 392 1998 Comminoeit
412 1957 701 2013 lectumpotzcs.
761 1955 1068 1999 Comminxerit
1088 1957 1342 2012 quicumque
1365 1959 1609 2001 amicorum.
1669 1959 1865 2002 Inuitasti

39 2102 236 2154 catinum,
269 2117 318 2145 eo
350 2103 478 2145 debes
508 2103 628 2144 illum
658 2103 824 2146 odisse?

150 2178 216 2218 91.
247 2177 437 2218 Euandri
464 2191 570 2218 man.
603 2178 751 2219 tritum.
828 2176 1079 2218 Euandrum
1123 2179 1263 2219 ferunt
1307 2179 1558 2221 caelatorem
1606 2195 1656 2221 ac
1701 2181 1864 2235 plasten

38 2247 340 2291 Atheniensem
372 2265 397 2291 a
424 2249 486 2291 M.
517 2249 705 2292 Antonio
736 2249 1044 2292 Alexandriam
1075 2251 1324 2305 perductum
1356 2259 1396 2293 et
1425 2252 1523 2293 inde
1544 2252 1652 2294 inter
1673 2254 1864 2308 captiuos

38 2321 216 2365 Romam
246 2323 412 2365 uenisse
443 2323 587 2378 ibique
618 2323 750 2364 multa
780 2324 1057 2365 admiratione
1088 2324 1219 2380 digna
1248 2324 1408 2366 fecisse.
1468 2324 1555 2367 Hic
1578 2340 1680 2381 ergo
1712 2326 1864 2368 adlusit

39 2395 93 2436 ad
113 2396 295 2451 speciem
316 2396 506 2438 materiei
527 2397 685 2448 dicens,
716 2412 793 2439 uas
812 2396 938 2439 fictile
960 2397 1167 2439 caelatum
1187 2397 1329 2440 fuisse.
1385 2399 1549 2440 Tritum.
1608 2397 1863 2449 Perfectum,

39 2476 268 2524 operatum.

130 2580 164 2618 2)
190 2580 364 2609 admiserat
386 2590 413 2622 γ.
440 2579 605 2609 admiserit
629 2579 666 2609 (J.
692 2580 760 2610 rell.
789 2580 923 2609 admisit.
990 2582 1024 2619 3)
1051 2581 1184 2610 Paulum
1210 2581 1235 2610 si
1262 2591 1347 2618 pecc.
1375 2591 1400 2622 γ.
1436 2582 1503 2610 rell.
1537 2582 1569 2610 Si
1605 2591 1676 2619 pau.
1711 2591 1795 2619 pecc.
1836 2600 1859 2602 -

41 2636 124 2673 quod
141 2637 278 2674 paulum,
307 2646 391 2674 pecc.
417 2646 444 2678 γ.
472 2646 501 2674 q.
527 2646 613 2674 pecc.
633 2646 768 2674 paruum
793 2637 840 2666 fh.
869 2637 999 2675 paulum
1025 2641 1057 2666 ct
1082 2647 1170 2675 paru.
1198 2638 1267 2666 rell.
1300 2647 1359 2667 om.
1386 2637 1502 2667 Totum
1522 2638 1618 2666 schol.
1653 2647 1712 2666 om.
1747 2638 1783 2667 C.
1819 2647 1856 2666 ue

39 2691 178 2722 habeare
201 2703 228 2734 γ.
255 2693 322 2722 rell.
349 2703 409 2722 om.
460 2692 494 2730 5)
523 2691 659 2722 Glossae
684 2702 807 2721 amarus
833 2696 864 2722 et
889 2701 979 2730 asper
1003 2692 1072 2734 -s‚C.
1099 2693 1167 2722 rell.
1194 2703 1254 2722 om.
1305 2694 1339 2732 6)
1365 2702 1509 2722 resonem
1534 2703 1551 2734 γ
1576 2693 1608 2722 in
1627 2693 1713 2729 Hor„
1741 2694 1774 2722 in
1792 2694 1864 2722 lem.

41 2751 72 2778 et
97 2749 128 2778 in
155 2750 286 2779 scholio.
314 2748 449 2778 inferius
474 2753 582 2778 tamen
608 2750 748 2778 rasonis.
775 2757 924 2778 rusonem
941 2747 1085 2787 v(G?Q)‚
1115 2754 1149 2778 ut
1175 2749 1302 2786 plurimi
1328 2753 1407 2778 uett.
1434 2749 1524 2778 codd.
1545 2749 1621 2777 Hor.
1649 2748 1793 2786 rusonem
1818 2750 1864 2778 fh.

41 2808 75 2833 ut
108 2805 156 2833 ed.
182 2806 314 2844 Neapol.
347 2805 514 2834 ‹lv-usonem
543 2814 621 2834 rece.
653 2805 756 2839 codd,
795 2808 829 2833 ut
854 2804 1014 2834 DIOPRT
1042 2803 1160 2834 Geneu.
1188 2805 1318 2842 aliique.
1385 2805 1419 2842 9)
1451 2804 1516 2837 Qui.
1543 2804 1679 2833 Debitor
1704 2804 1769 2845 ·s‚C.
1797 2805 1865 2833 rell.

42 2869 100 2889 om.
127 2878 168 2881 —-
193 2861 278 2890 unde
302 2860 370 2890 vfh.
436 2861 490 2899 11)
516 2861 565 2890 his
590 2871 616 2902 γ.
643 2861 668 2889 is
695 2857 815 2898 (G·?)Q.
853 2860 919 2888 rell.
956 2860 1013 2889 hic.
1078 2861 1132 2898 12)
1158 2860 1218 2889 fuit
1239 2870 1265 2902 γ.
1332 2861 1386 2898 13)
1414 2861 1568 2889 haberent
1592 2859 1718 2889 reddere
1741 2870 1768 2901 γ.
1795 2861 1864 2889 rell.

42 2914 112 2944 hab.
138 2916 214 2945 wide
239 2917 415 2946 redderent.
468 2917 523 2954 15)
549 2925 708 2945 uenere*
728 2920 800 2944 esset
825 2925 885 2945 om.
911 2914 976 2956 ·(,C.
997 2933 1035 2936 ff
1053 2917 1136 2944 sicut
1163 2920 1193 2945 et
1220 2916 1256 2945 G.
1285 2920 1313 2945 et
1342 2917 1425 2945 sicut
1452 2915 1491 2951 Q,
1518 2916 1586 2945 rell.
1613 2926 1674 2945 om.
1700 2920 1734 2945 et.
1761 2916 1866 2945 Verba

42 2971 117 3001 sicut
129 2990 167 2993 ——
182 2973 282 3002 Idibus
307 2974 340 3002 in
366 2973 551 3010 parenthesi
577 2973 680 3009 posui.
731 2972 787 3009 21)
816 2972 946 3000 dicimus
971 2981 996 3012 γ.
1022 2972 1091 3000 rell.
1119 2972 1245 3001 dicitur.
1307 2973 1364 3009 22)
1391 2975 1439 3001 est
1465 2981 1526 3001 om.
1552 2981 1579 3013 γ.
1605 2973 1695 3001 audit
1720 2973 1784 3001 hoc.
1812 2972 1867 3002 Izas

42 3026 94 3056 hic
119 3029 171 3057 all.
189 3038 215 3069 γ.
272 3030 330 3068 24)
356 3030 583 3059 comminxerit
609 3029 691 3066 quic.
718 3037 777 3057 am.
803 3037 829 3068 γ.
857 3028 925 3057 rell.
952 3038 1012 3058 om.
1063 3029 1121 3066 25)
1146 3037 1238 3058 suum
1262 3037 1288 3069 γ,
1315 3028 1410 3065 fregit
1431 3026 1558 3069 -((G·?Q)
1585 3028 1655 3057 rell.
1681 3028 1709 3057 si
1731 3028 1866 3066 fregerit.

43 3083 70 3112 si
91 3094 151 3114 om.
179 3085 214 3120 Q.
279 3086 336 3124 27)
364 3086 437 3116 fert.
463 3096 490 3128 γ.
552 3085 609 3124 28)
636 3085 872 3114 Alexandream
897 3086 942 3115 fh.
1005 3086 1061 3124 29)
1088 3094 1163 3123 ergo
1187 3093 1214 3126 γ.
1241 3085 1310 3113 rell.
1336 3093 1395 3113 om.
1460 3084 1518 3123 30)
1544 3083 1627 3114 Perf.
1654 3089 1818 3122 operatum
1839 3094 1864 3125 γ.

44 3139 127 3170 Perf.
151 3141 295 3172 caelatum
321 3141 355 3173 C.
381 3142 450 3173 rell.
475 3152 536 3173 om.

0 1581 3 1658 Ξ

0 1685 2 1709 ν

0 1890 3 1922 Ι

0 2018 4 2220 Ι
38 2029 248 2083 quendam
279 2029 460 2072 amioum
492 2029 545 2070 ad
576 2044 762 2080 caenam,
794 2030 829 2072 is
852 2039 975 2087 potus
1007 2033 1241 2074 comminxit
1261 2032 1403 2073 lectum
1424 2040 1552 2083 tuum,
1591 2040 1663 2074 aut
1684 2033 1717 2075 si
1738 2034 1865 2089 fregit
1913 2045 1927 2073 f

1896 948 1935 979 10

1891 1678 1932 1709 20

1890 2408 1931 2439 30
