2148 3412
178 118 258 159 164
808 124 913 157 Aen.
940 124 999 155 ET
1024 122 1192 155 rouen.
1219 122 1367 154 COMM.

289 253 354 293 60.
387 251 451 291 61.
484 264 568 290 ecce
602 249 755 289 Fuscus
787 248 959 288 Aristius
991 260 1125 288 occur.
1157 245 1256 286 mihi
1282 257 1413 285 carus,
1473 243 1650 284 Aris-lius
1683 243 1838 283 Fuscus
1868 255 2001 296 prae—

176 324 453 367 stantissimus
484 319 784 377 grammaticus
815 320 887 361 illo
918 326 1106 373 tempore
1136 324 1174 359 et
1212 316 1371 358 amicus
1402 315 1571 357 Horatii
1600 314 1689 356 fuit.

292 398 355 438 62.
389 397 453 437 63.
489 394 598 436 Unde
629 395 769 436 uenis?
806 403 841 434 et
876 394 964 443 Quo
996 393 1151 433 tendis?
1194 398 1311 445 roqat
1341 399 1376 431 ec
1421 390 1639 445 respondet.
1693 389 1840 430 Vellere
1886 389 2005 443 coepi.

177 471 409 525 Eleganter
439 467 615 508 mixtum
646 466 754 507 inter
785 481 828 508 se
859 473 899 507 et
929 466 1147 507 confusum
1178 477 1412 505 sermonem
1448 460 1739 517 interrogandi
1760 476 1809 502 ac
1831 474 2005 515 respon-

113 555 130 584 5
179 542 307 585 dendi
337 539 556 596 expressit.

292 616 357 655 64.
388 614 440 654 Ec
466 627 649 669 pressare
680 626 804 654 mauu
835 612 1055 653 lentissima
1086 611 1265 652 brachia.
1336 607 1424 650 Sed
1469 609 1689 650 lentissima
1734 621 1887 649 nomen
1931 620 2007 660 po-

178 688 302 730 situm
332 693 393 728 est
423 700 500 741 pro
531 684 757 733 aduerbi03
795 699 879 726 non
909 684 1022 725 enim
1053 684 1271 725 lentissima
1307 682 1475 724 bra-chia
1495 681 1569 722 sed
1591 681 1797 722 lentissime
1819 693 2008 736 pressare

180 760 346 802 brachia
377 757 723 815 intellegendum.

294 834 359 874 65.
391 832 494 873 male
523 832 657 874 salsus
689 830 841 872 Ridens
872 830 964 871 dvss.
1023 829 1132 872 Male
1163 829 1317 870 salsus:
1362 826 1538 868 stolidus
1573 841 1623 868 ac
1654 825 1816 868 derisor
1846 825 1914 867 hie
1944 824 2010 866 in—

115 916 156 949 10
181 905 478 962 tellegendum.

294 979 358 1019 67.
396 978 507 1020 Certe
536 991 639 1018 nese.
663 991 695 1033 q.
727 984 877 1017 secreto
898 976 1002 1017 uelle
1024 975 1136 1030 loqui
1154 982 1188 1015 te
1209 973 1350 1015 Aiebas
1372 987 1537 1015 mecum.
1596 970 1694 1013 Hoc
1723 970 1928 1013 Horatius
1958 971 2013 1012 ad

181 1051 365 1093 Fuscum
397 1049 499 1091 dicit
530 1049 675 1104 (dixit)
707 1063 913 1104 quaerens
946 1049 1061 1102 (cum
1092 1062 1141 1089 eo
1172 1046 1380 1096 secedere,
1425 1051 1470 1087 ut
1501 1059 1596 1086 eum
1626 1051 1813 1086 moneret
1845 1044 2010 1100 tollere)

182 1125 367 1179 aliquam
398 1137 582 1172 causam,
613 1136 697 1176 qua
728 1136 772 1164 se
802 1121 855 1163 ab
886 1121 1113 1177 inportuno
1144 1120 1216 1162 illo
1248 1118 1459 1160 auelleret.

296 1197 362 1238 69.
393 1196 507 1238 hodie
539 1196 737 1237 tricesima
766 1195 945 1237 sabbata.
1006 1193 1182 1236 Sabbata
1213 1194 1375 1235 lunaria
1405 1191 1628 1247 significat,
1669 1190 1769 1246 quia
1801 1189 1888 1247 [ea]
1921 1190 2014 1232 uul-

118 1283 158 1315 15
186 1284 310 1327 gares
338 1269 531 1312 homines
560 1269 687 1310 ferias
719 1268 800 1310 sibi
831 1269 1067 1310 adsumunt.

298 1344 362 1384 70.
393 1345 465 1385 uin
481 1352 524 1384 tu
546 1344 670 1384 curtis
685 1343 848 1384 Iudaeis
870 1342 1074 1398 oppeciere.
1124 1340 1266 1382 Curtos
1288 1339 1459 1381 Iudaeos
1481 1337 1599 1388 dixit,
1622 1337 1720 1393 quia
1737 1337 1863 1379 uirile
1882 1351 2015 1378 mem-

184 1416 306 1457 brum
326 1415 441 1457 uelut
462 1416 723 1457 decurtatum
744 1415 899 1456 habent
921 1414 1056 1456 recisa
1077 1413 1174 1454 inde
1195 1411 1405 1467 pellicula.
1469 1411 1674 1467 Oppedere
1697 1411 1857 1453 Iudaeis
1879 1417 2017 1452 autem

186 1489 306 1545 quasi
337 1495 635 1543 contempnere
667 1502 737 1530 eos
768 1503 818 1530 ac
849 1487 1078 1543 religiones
1108 1500 1251 1527 eorum
1284 1484 1477 1525 deridere
1508 1484 1730 1540 significat.

300 1563 363 1603 71.
398 1568 448 1604 At
479 1563 576 1604 mibi
602 1577 689 1603 sum
713 1563 841 1619 paulo
872 1562 1070 1617 infirmior
1097 1574 1166 1600 un.
1198 1558 1314 1601 Male.
1375 1557 1472 1599 Hoc
1500 1556 1665 1599 Fuscus
1696 1556 1810 1607 dicit,
1848 1563 2018 1612 stupore

119 1648 160 1680 20
186 1635 346 1678 seilicet
376 1635 578 1684 adhibito,
609 1649 661 1676 ne
691 1634 919 1675 Horatium
951 1633 1189 1688 cupientem
1221 1630 1346 1672 auelli
1378 1630 1430 1671 ab
1462 1630 1533 1672 illo
1564 1630 1738 1672 molesto
1769 1629 1979 1671 liberaret.

324 1761 358 1799 3)
386 1770 494 1799 rogam
518 1764 550 1791 et
574 1760 738 1799 respondit
760 1760 793 1790 M
818 1760 892 1802 (H).
925 1760 1019 1790 Breu.
1047 1759 1119 1789 lem.
1169 1757 1251 1788 Unde
1275 1757 1360 1787 uenis
1385 1756 1429 1787 fh.
1456 1757 1562 1786 deinde
1586 1757 1677 1787 uenis
1703 1760 1735 1787 et
1760 1767 1788 1796 q.
1814 1760 1839 1786 t.
1863 1766 1888 1786 r.
1914 1760 1946 1786 et
1971 1765 2018 1787 re-

188 1818 327 1857 spundet
350 1818 427 1848 uell.
455 1818 544 1856 coepi
569 1828 601 1847 v.
649 1818 685 1856 4)
712 1819 797 1847 inter
823 1826 856 1847 se
881 1826 942 1847 om.
958 1817 995 1846 R.
1022 1817 1106 1846 inter
1131 1825 1165 1845 se
1190 1824 1283 1844 serm.
1312 1818 1343 1844 et
1368 1814 1534 1843 confusum
1560 1815 1589 1843 2.
1614 1803 1658 1850 M,
1684 1817 1769 1843 teste
1793 1814 1931 1850 Halmio,
1958 1823 2018 1843 om.

187 1883 350 1903 sermonem
373 1873 582 1913 intem-oyandi
605 1883 650 1903 ac.
713 1875 747 1913 6)
766 1883 912 1912 pressare
936 1871 1122 1911 M(G‘.>Q)C.
1144 1880 1297 1910 praesare
1321 1881 1350 1900 v.
1370 1871 1503 1909 presare
1527 1880 1555 1899 a.
1583 1870 1668 1900 conf.
1694 1870 1768 1900 Aer.
1795 1870 1865 1900 rell.
1892 1869 2020 1900 breuius

189 1932 261 1960 lem.
289 1931 425 1960 habent:
464 1929 642 1960 Leutissz'ma
666 1930 802 1961 brachia.
827 1931 1023 1960 lenctissima
1047 1929 1083 1958 R.
1110 1927 1236 1958 brachia
1260 1927 1366 1963 ΜΒΝ.
1393 1926 1538 1957 bracchia
1565 1925 1603 1956 G.
1629 1943 1673 1948 —
1699 1926 1762 1956 Sed
1787 1927 1899 1964 M·2,va
1923 1930 1955 1956 et
1979 1925 2020 1963 Q,

190 1989 244 2026 qui
269 1988 442 2026 gloriatur:
481 1988 537 2016 sed
564 1998 623 2016 om.
649 1987 741 2017 Fabr.
768 1987 853 2017 Med.
878 1997 936 2016 nos
962 1996 1003 2016 ex
1029 1986 1099 2015 rell.
1125 1985 1313 2015 reduximus
1339 1983 1471 2021 signata
1495 1984 1620 2012 lacuna.
1656 1982 1718 2012 Sed
1743 1987 1851 2013 tamen
1876 1983 2021 2021 Raphael

189 2044 310 2082 Regius
336 2049 432 2082 atque
456 2044 636 2073 Ascensius
662 2045 725 2073 iam
750 2044 948 2073 reduxerant
971 2042 1033 2079 sed,
1060 2051 1096 2071 ae
1121 2042 1239 2070 lacuna
1264 2040 1396 2069 mInime
1420 2040 1601 2068 necessaria
1626 2043 1684 2069 est.
1734 2039 1769 2077 9)
1796 2040 1869 2069 stol.
1895 2048 1931 2069 ac
1956 2039 2020 2069 der.

190 2111 251 2130 om.
280 2101 308 2129 2.
336 2101 389 2129 hic
414 2101 520 2130 intell.
547 2110 607 2130 om.
633 2100 698 2129 afh.
764 2100 818 2139 11)
844 2100 963 2129 oratius
988 2098 1030 2127 M.
1094 2098 1149 2135 12)
1176 2098 1256 2127 dicit
1281 2106 1342 2126 om.
1367 2094 1460 2124 ath.
1487 2112 1526 2115 —
1554 2105 1688 2133 querens
1713 2105 1779 2125 eum
1803 2105 1835 2125 eo
1859 2095 1962 2125 sedere
1985 2099 2022 2125 ut

192 2167 262 2186 eum
287 2160 430 2186 moneret
455 2157 569 2187 tollere
595 2157 713 2194 aliquo.
740 2165 833 2185 cause
859 2156 979 2194 quesiti
1007 2164 1040 2184 se
1066 2155 1105 2183 ab
1130 2155 1247 2191 inport..
1272 2152 1307 2181 M
1331 2151 1404 2190 (Η).
1436 2160 1592 2189 quaerens
1629 2162 1699 2181 cum
1737 2161 1773 2182 eo
1809 2151 1944 2181 secedere
1979 2168 2020 2174 —-

192 2222 307 2243 causae
333 2212 471 2251 quaestio
497 2222 531 2242 se
556 2214 595 2242 ab
622 2214 750 2250 import.
777 2212 814 2241 R.
842 2221 997 2250 quaerens
1023 2221 1095 2240 cum
1121 2219 1156 2240 eo
1181 2208 1317 2238 secedere
1334 2225 1367 2229 ——
1386 2209 1495 2246 aliqua
1520 2217 1634 2237 causae
1660 2208 1808 2247 quaesitio
1831 2218 1863 2238 se
1886 2209 1925 2238 ab
1944 2209 2020 2247 imp.

194 2270 254 2300 QG,
281 2279 415 2308 querens
442 2279 512 2299 cum
539 2279 575 2299 eo
599 2269 744 2299 secedere.
771 2273 806 2298 ut
833 2278 903 2298 eum
928 2271 1061 2297 monetur
1085 2266 1200 2296 tollere
1225 2265 1356 2304 aliquam
1379 2266 1446 2294 effi
1481 2262 1640 2305 (causam)
1666 2274 1725 2303 qua
1750 2274 1784 2294 se
1809 2266 1848 2295 ab
1872 2256 2022 2304 {portuno

192 2327 248 2356 illo
274 2321 394 2356 auellet
420 2324 604 2365 (auelletur)
629 2336 659 2355 v.
685 2325 755 2355 Hoc
780 2325 857 2355 Hor.
883 2325 923 2353 ad
949 2322 1085 2352 Fuscum
1110 2331 1263 2360 quaerens
1294 2321 1426 2359 aliquam
1460 2330 1583 2351 causam
1617 2331 1676 2360 qua
1710 2330 1742 2350 se
1777 2323 1816 2351 ab
1854 2323 1929 2360 imp.
1965 2322 2022 2351 illo

193 2382 309 2412 auellat
332 2381 424 2412 ath.
451 2400 486 2403 —
507 2400 546 2402 ——
574 2381 645 2411 dicit
669 2390 824 2420 quaerens
846 2398 883 2400 —›
899 2389 917 2409 a
937 2397 975 2401 —
995 2380 1143 2409 auelleret
1167 2379 1202 2414 Q.
1229 2379 1378 2408 auellerec
1400 2378 1492 2408 R2G.
1518 2379 1665 2408 euelleret
1686 2378 1728 2408 M.
1755 2379 1801 2418 (u.
1829 2381 1880 2408 71.
1907 2379 2021 2418 auelli)

192 2440 297 2469 Verba
322 2440 466 2469 codicum
493 2448 511 2468 a
536 2448 585 2468 me
609 2438 700 2466 uncis
727 2437 872 2466 retundis
898 2437 1022 2466 inclusa
1046 2437 1142 2474 plane
1167 2436 1316 2474 neglexit
1342 2435 1380 2471 Q.
1413 2436 1527 2473 scripsi
1553 2435 1628 2464 dizit
1666 2453 1706 2455 —
1742 2440 1886 2466 moueret.
1912 2436 2023 2466 tollere

194 2505 321 2525 causam
347 2497 368 2525 i.
397 2505 422 2524 e.
449 2503 575 2524 causam
600 2492 735 2531 reperire
760 2493 840 2531 Nep.
866 2493 960 2522 Ham.
988 2493 1019 2530 3,
1045 2493 1097 2521 uel
1123 2501 1233 2521 causas
1245 2492 1367 2531 finyere
1392 2492 1464 2521 Ter.
1490 2492 1575 2521 Eun.
1602 2492 1626 2528 Ι,
1655 2493 1684 2528 2,
1712 2492 1764 2521 57.
1799 2492 1883 2522 conf.
1908 2492 2023 2522 tollere

192 2561 313 2587 uocem⁷
340 2550 538 2586 cachinnum,
565 2558 722 2587 graecum.
751 2558 878 2578 causam
904 2548 1040 2587 deripere
1065 2547 1134 2577 Cic.
1159 2548 1200 2577 ad
1230 2547 1304 2576 Diu.
1331 2547 1367 2584 V,
1399 2549 1446 2576 12.
1485 2547 1536 2577 Sic
1562 2549 1662 2578 schol.
1690 2548 1900 2578 constitutum
1926 2552 1958 2577 et
1983 2548 2022 2577 li-

193 2608 322 2645 quidum
349 2616 418 2636 esse
442 2606 581 2636 uidetur.
634 2606 688 2644 14)
715 2606 770 2635 alt.
797 2605 939 2635 Sabbata
964 2615 1023 2637 om.
1049 2605 1093 2634 M.
1124 2622 1159 2626 —-
1188 2604 1258 2643 qaia
1282 2604 1361 2643 zzzcly.
1391 2614 1474 2633 omn.
1506 2605 1590 2633 libri.
1627 2608 1725 2634 recte.
1761 2614 1797 2634 ea
1833 2605 1948 2634 inculc.
1985 2603 2022 2639 Q.

192 2673 277 2701 quae,
303 2663 385 2700 quod
412 2663 495 2692 ultro
519 2663 650 2692 offertur
676 2661 776 2699 (conf.
802 2662 876 2691 Aer.
903 2666 934 2691 et
957 2662 1104 2700 Ritter.)‚
1142 2670 1202 2690 non
1240 2661 1443 2691 confirmatur
1479 2661 1600 2690 scholio
1637 2661 1728 2690 codd.
1764 2661 1834 2703 Βφε
1871 2659 2024 2690 tricesima

191 2719 314 2749 sabbata
331 2719 472 2757 (glossat
491 2729 514 2748 s.
535 2719 634 2756 sunt).
662 2718 805 2748 Sabbata
823 2719 951 2748 lunaria
969 2719 1135 2756 significat
1158 2727 1234 2756 quae
1259 2718 1408 2755 uulgares
1426 2717 1502 2755 (om.
1521 2716 1666 2756 homines)
1685 2717 1716 2746 in
1728 2717 1836 2756 jerias
1853 2717 1914 2746 sibi
1932 2726 2023 2746 assu-

194 2781 294 2805 munt.
322 2777 372 2805 uel
398 2777 493 2805 etiam
518 2780 621 2806 ortum
647 2776 741 2804 lunae
766 2785 859 2813 quem
886 2775 992 2804 iudaei
1018 2775 1231 2804 celebrabant.
1286 2774 1339 2812 15)
1366 2774 1455 2803 adsu.
1474 2773 1518 2803 M.
1571 2774 1625 2812 16)
1652 2774 1752 2803 iudeis
1771 2773 1847 2810 ΜΝ.
1873 2772 2024 2812 oppeciere

195 2834 227 2862 in
252 2833 336 2868 lem„
362 2833 537 2870 oppendere
564 2834 595 2862 in
623 2832 721 2862 schol.
747 2832 790 2860 M.
844 2831 898 2869 17)
926 2833 1110 2861 decuratum
1134 2830 1205 2860 MR.
1232 2840 1299 2859 uoc.
1325 2839 1387 2859 non
1412 2830 1564 2859 Latinum
1589 2830 1658 2861 rell.
1684 2830 1891 2859 decurtatum.
1917 2828 2026 2858 habent

195 2889 240 2918 M.
267 2888 412 2917 habebant
435 2889 463 2918 R
489 2893 520 2918 et
543 2889 605 2932 Βφ,
643 2890 697 2927 qui
722 2889 858 2918 habent:
896 2888 972 2925 quia
997 2897 1027 2916 u.
1055 2897 1093 2916 m.
1120 2887 1320 2916 decurtatum
1344 2886 1503 2923 habebant,
1529 2896 1589 2916 om.
1614 2885 1702 2915 uelut.
1728 2885 1858 2915 habeant
1878 2881 2024 2925 v(G‘.>Q).

202 2945 256 2982 18)
284 2948 447 2982 contempn.
474 2944 548 2974 MG.
577 2963 617 2965 d
643 2946 731 2975 dixit
755 2949 877 2983 propter
901 2943 1002 2973 uirilis
1026 2942 1150 2973 membri
1172 2943 1300 2972 recisam
1320 2943 1492 2981 pelliculam
1516 2942 1581 2972 afh.
1614 2941 1774 2980 Oppedere.
1811 2941 2024 2972 Contemnere

199 3010 223 3029 e.
250 3010 276 3028 a.
303 3010 327 3029 r.
354 3010 380 3029 e.
420 3002 574 3039 deridere,
603 3012 664 3032 om.
695 3002 758 3031 lael.
784 3005 881 3030 autem
915 3000 1002 3039 quasi
1036 3003 1069 3029 et
1104 2999 1260 3039 siyuffieat,
1297 2999 1341 3029 fh.
1370 2999 1453 3037 Opp.
1489 2999 1560 3029 Iud.
1599 3002 1761 3028 contemn.
1788 3016 1827 3019 —
1855 2998 2024 3028 decredere

199 3057 362 3094 significat
386 3066 415 3086 a.
441 3058 602 3095 significat
628 3057 882 3097 MRA2G(Q)‚v.
909 3067 969 3087 om.
995 3057 1125 3100 B30‚afh.
1191 3056 1247 3095 20)
1276 3061 1360 3095 stup.
1388 3066 1431 3086 sc.
1460 3056 1571 3085 adhib.
1608 3053 1845 3094 (MRA2G(Q).
1871 3064 1930 3085 om.
1957 3053 2022 3084 afh-

199 3112 242 3142 At
266 3113 343 3142 mihi
372 3123 394 3142 s.
423 3113 591 3152 p.firmz‘0r
615 3124 668 3144 un.
697 3115 779 3145 mult
802 3115 862 3145 hoc
883 3113 1000 3151 friscus
1025 3113 1055 3142 d.
1082 3118 1207 3152 stupere
1233 3113 1356 3143 scilicet
1381 3113 1421 3142 ad
1447 3111 1578 3143 habitum
1601 3121 1641 3142 ne
1666 3111 1743 3152 (sic)
1769 3121 1799 3142 v.

2120 1566 2126 1600 ..-
2118 1425 2127 1556 -<—---—.
2122 1402 2124 1412 -
2120 1341 2126 1368 .>⁴
