2148 3412
838 131 887 162 1N
913 131 1060 163 EPIST.
1087 131 1112 169 1,
1139 135 1169 163 2.
1833 119 1912 160 381

89 255 362 312 inpatientius
392 254 623 296 uindictam
654 253 878 305 desiderat,
921 270 997 311 per
1030 256 1112 297 uim
1142 255 1258 311 cupit
1287 268 1446 311 paenas
1477 254 1661 311 exigere.
1721 252 1916 295 Aliter:

87 345 239 388 paenas
267 330 443 384 festinat,
488 335 534 370 ut
566 326 639 383 (A.
671 327 794 378 VIII,
826 329 949 383 454):
1000 329 1087 372 Hoc
1111 337 1232 385 pater
1263 330 1414 372 Aeoliis
1437 337 1635 387 properat
1667 329 1763 370 dnm
1793 328 1918 370 Lem-

90 405 180 446 nius
211 404 303 445 oris.

199 478 372 531 festinat.
432 474 548 517 Dum
580 489 737 531 paenas
767 476 1013 518 festinanter
1043 476 1189 532 exigit.
1261 475 1355 533 [per
1385 478 1500 519 uim?
1526 475 1612 518 Per
1641 474 1917 532 uiolentiam]

199 550 338 591 inulto.
399 548 449 590 Id
480 555 553 599 est,
586 549 827 590 insatiabili.
1608 601 1610 603 v

203 624 267 665 62.
300 624 371 664 Ira
399 624 520 677 furor
551 624 659 665 bren.
692 631 759 664 est.
827 621 943 675 Quia
988 623 1105 665 furor
1148 623 1301 665 minuit
1344 624 1474 673 iram3
1520 608 1737 679 paulisper
1780 625 1920 665 furere

91 703 152 740 est
180 696 318 738 irasci.
379 697 570 738 animum.
609 696 832 751 Impetum.

202 771 267 812 62.
301 770 365 811 63.
398 785 463 811 an.
495 785 605 825 ημᾶς
648 772 721 826 qni
748 785 787 811 n.
812 786 854 827 p.
886 770 1092 826 Imperat!
1148 769 1257 813 Nam
1290 771 1456 813 animus
1486 771 1569 813 nisi
1605 771 1823 822 obedierit,
1855 771 1920 812 in-

92 844 194 901 cipit
223 844 445 900 imperare.
505 842 737 898 Imperium
770 850 908 885 autem
941 844 1071 885 animi
1104 859 1270 900 semper
1300 844 1566 887 intolerabile
1598 851 1670 886 est.

203 918 267 960 63.
299 918 406 959 leuno
437 925 479 958 tn
502 932 701 973 conpesce.
762 916 893 959 Hune
925 918 1101 960 coherce
1132 918 1370 975 praeceptis
1401 918 1706 974 philosophiae.
1769 927 1922 960 cateno.

93 990 325 1048 Sapientia,
356 991 531 1041 ratione,
563 991 779 1046 patientia.

204 1067 267 1107 64.
302 1067 445 1121 Finqtc.
477 1065 675 1107 Instituit.
738 1080 893 1121 equum.
927 1065 1189 1121 Definitio.*)
1252 1074 1401 1108 tenera.
1434 1064 1552 1107 Dum
1584 1072 1645 1107 est
1675 1072 1804 1107 tener.

203 1140 379 1182 docilem.
440 1138 586 1195 Fingit
619 1147 659 1180 et
689 1139 866 1181 docilem
899 1139 1012 1190 facit,
1046 1146 1115 1182 aut
1139 1140 1314 1190 docilem,
1347 1139 1421 1194 qui
1442 1139 1584 1181 doceri
1606 1146 1753 1195 potest.
1815 1137 1923 1181 Sen-

93 1228 160 1256 sus
189 1213 258 1255 hic
288 1219 368 1256 est:
400 1220 446 1254 ut
475 1221 514 1254 te
545 1213 598 1254 ab
630 1213 750 1255 initio
782 1213 1025 1264 institueris,
1057 1213 1115 1255 ita
1146 1228 1312 1269 semper
1342 1213 1545 1255 manebis.

204 1289 269 1330 65.
301 1288 367 1330 Ire
387 1289 498 1329 niam
520 1301 639 1343 quam
659 1296 852 1329 monstret
874 1302 1012 1343 eques;
1042 1289 1265 1329 uenaticus.
1326 1286 1449 1329 Tunc
1480 1301 1523 1329 se
1553 1287 1717 1342 probat,
1756 1287 1924 1342 quando

92 1362 136 1403 in
166 1361 335 1403 domum
367 1368 612 1417 persecutus
643 1361 769 1403 fuerit
801 1375 984 1403 ceruum.
1045 1360 1141 1402 Hoc
1173 1375 1275 1416 ergo
1306 1360 1427 1402 dicit:
1460 1361 1504 1402 in
1536 1360 1822 1403 adulescentia
1853 1361 1925 1402 de-

92 1435 165 1478 bes
195 1450 368 1492 operam
399 1436 501 1477 dare
532 1434 838 1490 philosophiae.

205 1511 428 1552 uenate'cus.
490 1508 631 1551 Ordo:
664 1509 885 1551 uenaticus
916 1508 1090 1550 catulus.

206 1585 270 1626 66.
303 1585 482 1626 tatrautt.
543 1581 756 1633 Gustauit,
788 1588 1033 1638 persecutus
1062 1582 1213 1623 fuerat.

206 1659 271 1699 67.
304 1658 455 1700 adhibe.
486 1656 616 1699 Audi.
673 1672 792 1714 puro.
823 1655 980 1698 Adhuc
1011 1655 1100 1698 sine
1130 1655 1259 1698 uitiis.

208 1732 273 1773 67.
307 1732 373 1774 68.
405 1733 512 1774 hunc
544 1732 634 1773 adl).
662 1747 701 1788 p.
738 1733 843 1773 Peet.
866 1732 994 1773 uerba
1010 1745 1128 1787 puer.
1192 1729 1302 1772 Cum
1334 1745 1377 1772 es
1408 1730 1668 1781 adulescens,
1702 1730 1796 1781 cito,
1829 1730 1928 1771 dum

95 1820 199 1862 puer
229 1820 285 1858 es,
316 1807 490 1862 percipe
520 1813 748 1862 praecepta
779 1805 1085 1861 philosophiae.
1131 1803 1204 1845 Ad
1224 1803 1411 1846 Lollium
1442 1804 1589 1847 scribit
1619 1804 1928 1846 adulescentem

96 1886 314 1922 oratorem.
374 1879 530 1930 Inbuit,
564 1894 645 1935 quo
677 1885 865 1934 tempore
898 1878 1184 1921 consideretur
1215 1877 1373 1920 animus
1404 1892 1494 1920 esse
1525 1878 1760 1934 fingendus.

209 1955 273 1996 68.
306 1954 549 1996 melioribus.
607 1952 910 2008 Philosophiae
941 1951 1169 2008 magistris.

215 2127 247 2166 1)
273 2127 326 2157 At.
354 2127 398 2158 Vt
415 2128 473 2157 hoc
497 2137 527 2166 p.
554 2128 642 2157 eoliis
667 2137 697 2166 p.
723 2128 754 2157 d.
780 2127 884 2156 lEnius
909 2126 994 2157 horis
1019 2136 1045 2168 γ.
1074 2124 1154 2155 conf.
1182 2136 1207 2155 c.
1233 2126 1317 2164 apud
1343 2125 1497 2155 Ribbeck.
1523 2125 1560 2155 b:
1586 2125 1702 2156 Aliter.
1729 2134 1845 2163 paenas
1870 2124 1932 2155 fes-

103 2184 180 2215 tinet
202 2189 239 2215 ut
263 2186 321 2214 hoc
346 2189 437 2223 patet
463 2186 555 2216 eoliis
581 2189 733 2224 properat
757 2185 832 2214 dum
858 2183 958 2214 lenius
984 2187 1060 2213 orat.
1088 2183 1157 2212 rell.
1177 2193 1237 2213 om.
1285 2182 1321 2221 4)
1349 2182 1435 2212 Dum
1460 2192 1532 2221 pen.
1550 2182 1624 2212 fest.
1653 2183 1759 2220 exigit
1782 2183 1820 2224 *sb
1838 2182 1932 2211 Laur.

102 2240 137 2271 C.
163 2243 231 2272 rell.
259 2252 320 2273 om.
348 2260 382 2263 —
408 2252 466 2281 per
491 2243 569 2273 uiol.
593 2252 661 2272 vca.
688 2246 714 2272 et
733 2252 792 2281 per
817 2241 863 2271 fh.
891 2245 923 2271 et
948 2241 1024 2271 uiol.
1053 2240 1091 2276 Q.
1118 2241 1210 2270 codd.
1237 2249 1296 2270 om.
1329 2249 1387 2278 per
1420 2239 1491 2268 uim.
1529 2249 1584 2277 per
1619 2240 1807 2269 uiolentiam
1844 2248 1933 2268 suam

103 2298 196 2331 Laur.
222 2300 334 2335 N,vca.
362 2300 431 2329 rell.
458 2309 518 2330 om.
584 2300 618 2339 5)
645 2299 825 2328 insatiabili
857 2299 895 2340 *sb
928 2297 1022 2327 Laur.
1052 2297 1088 2326 C.
1116 2297 1185 2326 rell.
1211 2306 1271 2326 om.
1336 2296 1370 2335 (3)
1398 2296 1553 2335 paulisper
1576 2306 1603 2338 γ.
1634 2296 1746 2333 paulus
1772 2295 1934 2333 perfurere

103 2355 196 2385 Laur.
224 2366 344 2395 pauper
368 2357 408 2386 b:
437 2357 536 2386 schol.
560 2357 630 2386 rell.
657 2366 717 2386 om.
784 2356 817 2394 7)
844 2355 1001 2393 Impetum
1026 2364 1044 2396 γ
1068 2354 1164 2383 Laur.
1193 2355 1344 2392 impetum
1381 2353 1476 2382 animi
1510 2354 1538 2382 b.
1577 2351 1661 2383 conf.
1699 2351 1743 2381 C:
1781 2353 1933 2389 impetum

101 2412 194 2442 animi
217 2417 244 2442 et
265 2413 479 2443 uehementiam
505 2417 564 2443 etc.
593 2413 662 2442 rell.
690 2423 751 2442 om.
818 2412 852 2450 8)
879 2411 1093 2441 intollerabile
1118 2411 1164 2440 fh.
1231 2412 1264 2449 9)
1290 2410 1418 2440 colterce
1442 2420 1468 2452 γ.
1506 2418 1614 2439 coerce
1650 2408 1745 2438 Laur.
1780 2409 1865 2438 hunc
1889 2418 1935 2443 co,

103 2479 161 2500 om.
186 2471 217 2500 b.
245 2471 344 2501 schol.
372 2471 442 2500 rell.
468 2481 528 2501 om.
597 2471 651 2509 10)
678 2470 752 2508 Sap.
778 2473 837 2499 rat.
864 2473 928 2507 pat.
954 2478 971 2510 γ
997 2468 1091 2497 Laur.
1118 2468 1186 2497 rell.
1214 2478 1273 2497 om.
1307 2466 1389 2497 conf.
1417 2466 1459 2496 C:
1476 2465 1592 2505 frenis,
1618 2466 1853 2503 metaphoricos
1880 2475 1935 2503 pro

103 2528 281 2566 praeceptis
306 2528 550 2565 Philosophiae,
577 2536 643 2565 sap.
670 2530 730 2558 rat.
758 2529 821 2564 pat.
848 2525 986 2563 imperat.
1017 2525 1090 2554 Tibi
1119 2524 1213 2553 Laur.
1240 2525 1309 2554 rell.
1338 2534 1397 2554 om.
1448 2523 1504 2562 11)
1531 2522 1681 2552 Instituit
1706 2522 1754 2563 γῑ).
1783 2522 1863 2552 conf.
1891 2521 1934 2551 C:

105 2583 230 2622 format,
261 2585 416 2614 instituit.
444 2585 513 2613 rell.
540 2594 602 2613 om.
631 2602 665 2604 -ψ
697 2583 860 2623 1)ξῇἱυίῒὼ
885 2592 912 2624 γ.
941 2582 1010 2611 rell.
1036 2592 1096 2611 om.
1127 2581 1210 2610 Dum
1237 2585 1283 2610 est
1322 2584 1412 2610 tener
1448 2590 1474 2622 γ.
1511 2580 1593 2610 conf.
1633 2579 1727 2608 Laur.
1766 2579 1799 2608 in
1837 2579 1935 2608 schol.

106 2640 232 2678 subseq.
259 2641 343 2670 conf.
365 2640 407 2670 C:
435 2641 509 2671 dum
526 2645 619 2671 tener
637 2643 696 2677 est,
723 2640 837 2668 docilis
865 2642 920 2668 est.
973 2638 1026 2676 12)
1054 2638 1345 2676 Fingit—potest
1370 2647 1386 2678 γ
1404 2636 1498 2666 Laur.
1518 2637 1584 2666 rell.
1605 2646 1664 2665 om.
1718 2635 1772 2674 13)
1800 2635 1851 2664 hic
1875 2644 1935 2664 om.

107 2697 135 2726 b.
154 2699 356 2728 constitueris
383 2698 477 2728 Laur.
495 2716 534 2719 -—
550 2707 674 2736 semper
699 2707 760 2728 om.
788 2698 818 2725 b.
844 2696 959 2726 Totum
986 2696 1083 2725 schol.
1111 2705 1171 2725 om.
1197 2695 1335 2731 vcath.
1363 2694 1468 2724 Schol.
1495 2691 1714 2731 Pooplzyrz‘onz's
1738 2691 1881 2730 Exenqdo
1906 2696 1937 2721 et

107 2763 134 2792 q.
161 2764 224 2794 seq.
250 2756 294 2784 fh.
320 2755 436 2785 Aoroni
460 2756 644 2793 adsignant.
707 2754 761 2792 15)
789 2752 887 2783 fucris
911 2754 948 2795 yb
975 2752 1070 2781 Laur.
1135 2752 1188 2789 17)
1216 2751 1302 2781 Ordo
1328 2760 1399 2781 uen.
1426 2754 1487 2780 cat.
1513 2760 1539 2791 γ.
1559 2749 1629 2779 rell.
1649 2758 1709 2777 om.
1763 2748 1816 2786 18)
1844 2748 1936 2777 Gust.

107 2820 188 2849 pers.
213 2811 255 2844 fu,
280 2814 318 2854 *fb
346 2812 439 2842 Laur.
465 2812 513 2852 (g.
539 2822 569 2850 p.
597 2811 666 2850 est).
693 2811 761 2840 rell.
789 2820 849 2840 om.
917 2811 972 2848 19)
999 2809 1083 2839 Audi
1112 2810 1150 2850 *sb
1176 2809 1270 2838 Laur.
1299 2808 1384 2846 (cum
1410 2807 1543 2836 adolesc.
1572 2815 1614 2842 es·‚
1651 2805 1752 2844 audi).
1779 2805 1847 2834 rell.
1875 2814 1936 2834 om.

108 2868 192 2899 Adh.
220 2871 289 2899 sine
314 2871 372 2899 uit.
398 2870 435 2912 γΙ)
462 2869 572 2908 (nicio)
590 2868 684 2898 Laur.
711 2869 781 2897 rell.
809 2877 869 2896 om.
920 2867 976 2906 ⁶20)
1004 2876 1072 2896 cum
1100 2876 1132 2896 es
1158 2866 1340 2896 adolescens
1358 2865 1395 2906 *fb
1413 2863 1506 2892 Laur.
1534 2863 1602 2892 rell.
1631 2872 1703 2899 om„
1729 2861 1783 2900 qui
1809 2864 1938 2891 tantum

108 2925 245 2956 habent:
271 2927 345 2956 dum
372 2936 450 2964 puer
476 2944 515 2947 —-
542 2929 709 2956 oratorem.
775 2924 832 2964 22)
857 2934 891 2966 γε
911 2927 1045 2961 pectore.
1072 2924 1193 2953 Imbuit
1217 2921 1459 2961 -zf'ztyiendus
1486 2919 1580 2949 Laur.
1605 2918 1732 2948 imbuta:
1766 2918 1881 2948 imbuit
1908 2928 1937 2956 q.

110 2986 132 3013 t.
156 2984 242 3013 rudis
266 2994 294 3014 a.
321 2995 346 3014 c.
375 2993 400 3013 e.
413 2984 603 3022 fingendus.
630 2984 649 3012 b
676 2982 821 3011 adnectit
845 2981 940 3011 uerbo
966 2981 1171 3018 praecedenti
1196 2983 1361 3009 oratorem:
1386 2977 1504 3007 Imbuit
1529 2993 1569 2997 ψ·
1583 2975 1773 3014 fingendus.

221 3039 255 3079 *)
282 3041 352 3070 Huc
378 3044 522 3078 spectare
548 3040 678 3069 uidetur
704 3038 800 3067 schol.
822 3038 853 3067 in
871 3038 907 3067 b:
939 3038 1004 3067 irae
1023 3037 1085 3067 Inf.
1105 3038 1168 3066 nol.
1193 3036 1326 3073 Antiqui
1346 3035 1552 3065 definierunt.
1578 3033 1665 3062 inter
1682 3041 1760 3070 quos
1779 3035 1808 3061 et
1824 3031 1938 3066 Varro,

111 3095 186 3124 iram
223 3105 292 3126 esse
330 3098 470 3127 subitam
508 3100 539 3126 et
574 3097 703 3125 breuem
743 3095 986 3124 commotionem
1020 3095 1126 3125 animi,
1155 3095 1213 3122 hoc
1239 3092 1325 3129 cupit
1354 3090 1506 3121 infectum
1533 3098 1602 3118 esse
1629 3089 1711 3128 quod
1737 3088 1825 3118 fecit.
1864 3088 1937 3117 dum

111 3156 238 3190 propter
264 3154 397 3184 nimium
423 3154 529 3184 odium
554 3161 651 3191 penas
678 3152 784 3189 exigit
810 3151 1003 3189 grauiores.⁷

1952 928 1989 959 10

1953 1296 1991 1327 15
