2148 3412
114 1906 155 1939 10

120 2272 159 2303 15

741 687 1446 758 COMMENTARII

312 830 400 882 IN
435 826 1018 881 EPISTVLARVM
1054 825 1371 878 LIBRVM
1407 823 1870 877 SECVNDVM.

815 1029 1190 1086 EPISTVLA
1231 1030 1299 1097 Π,
1333 1033 1374 1083 1.

990 1141 1175 1184 ACRON.

293 1235 489 1291 Augusto
520 1234 691 1290 petenti,
724 1233 803 1275 sibi
835 1232 996 1287 aliquid
1035 1232 1175 1286 operis
1220 1231 1420 1281 dedicari,
1461 1230 1607 1272 scribit
1651 1230 1866 1280 Horatius,
1911 1229 2006 1271 ideo

180 1311 261 1352 huc
292 1324 422 1364 usque
453 1324 536 1350 non
567 1308 724 1356 fecisse,
766 1321 818 1347 ne
850 1306 1053 1347 iacturam
1084 1304 1343 1360 reipublicae
1373 1305 1540 1352 faceret,
1586 1305 1620 1346 si
1653 1302 1880 1346 Caesarem
1910 1318 2005 1344 uer-

181 1383 295 1425 sibus
326 1383 411 1425 suis
442 1398 466 1423 a
496 1381 714 1437 republica
744 1387 972 1421 reuocaret.
1033 1378 1202 1419 Deinde
1233 1378 1436 1433 paulatim
1469 1378 1522 1418 ad
1566 1378 1646 1419 hoc
1690 1377 1918 1425 descendit,
1962 1382 2007 1418 ut

181 1457 232 1498 de
264 1456 419 1497 iudicio
450 1455 651 1510 temporis
688 1462 901 1508 queratur,
948 1467 1029 1507 quo
1075 1452 1269 1507 antiquos
1315 1459 1460 1507 poetas
1505 1451 1727 1493 laudamus
1774 1450 2007 1508 [tamquam

179 1530 327 1571 merito
357 1536 517 1570 tantum
551 1528 767 1569 uetustatis
798 1526 991 1567 meliores
1023 1525 1124 1583 sint]
1158 1525 1306 1566 merito
1337 1525 1566 1566 uetustatis.
1645 1524 1790 1566 Nouos
1821 1531 2006 1566 contem-

179 1603 359 1658 pnimus,
392 1602 555 1643 etiamsi
586 1601 796 1642 ueteribus
827 1599 986 1655 possint
1008 1614 1097 1641 esse
1127 1599 1334 1640 meliores.
1396 1598 1576 1640 Sensus:
1609 1598 1713 1639 tanti
1743 1598 1838 1648 uiri,
1877 1596 2005 1654 [in]*)

180 1692 284 1732 quos
301 1675 559 1718 consecratio
589 1674 798 1724 manebat,
821 1673 1026 1714 inuidiam
1047 1673 1155 1713 inter
1176 1687 1272 1714 suos
1293 1672 1406 1727 passi
1428 1679 1535 1722 sunt,
1569 1680 1725 1727 quanto
1747 1679 1803 1722 tu,
1825 1671 2006 1712 maiores

181 1765 278 1792 cum
308 1749 520 1805 praesenti
550 1749 628 1790 tibi
657 1748 864 1804 largimur
894 1748 1085 1788 honores.

296 1826 332 1864 1.
362 1825 572 1865 sustineas.
633 1820 806 1863 Scilicet
836 1836 860 1863 o
894 1819 1064 1862 Caesar.

295 1899 332 1938 2.
363 1898 552 1938 moribus.
615 1896 720 1943 Suis,
753 1901 823 1935 aut
853 1909 957 1949 quos
988 1893 1151 1936 ciuibus
1181 1908 1260 1948 pro
1291 1893 1386 1949 lege
1416 1893 1615 1949 inposuit,
1648 1892 1720 1934 sed
1742 1892 1890 1933 melius
1911 1893 2006 1934 suz‘s.

294 1972 332 2012 3.
367 1971 547 2025 Leqz'bus.
608 1968 778 2012 Scilicet
809 1968 903 2009 tuis.

293 2046 334 2085 uz
358 2044 470 2100 publ.
503 2057 628 2084 coum.
656 2057 826 2098 peccem.
898 2041 950 2082 Id
981 2048 1058 2082 est:
1107 2041 1141 2082 si
1172 2040 1387 2096 inpediam
1419 2047 1458 2081 et
1489 2039 1719 2081 disturbem
1765 2039 1868 2081 meis
1913 2054 2006 2081 car-

181 2117 365 2158 minibus
397 2116 450 2157 ab
481 2116 659 2156 utilitate
691 2115 962 2169 reipublicae.

293 2193 332 2232 4.
362 2204 495 2232 morer
527 2199 596 2232 lua
628 2199 815 2245 tempora.
874 2188 968 2230 Tua
998 2194 1201 2243 tempora,
1239 2187 1391 2242 quibus
1422 2194 1649 2243 occupatus
1680 2201 1735 2235 es,
1781 2193 1852 2228 aut
1881 2186 2004 2242 regni

184 2264 246 2305 tui
276 2271 478 2319 tempora.

295 2339 331 2379 5.
363 2337 573 2379 Romulus.
633 2336 828 2377 Laudata
858 2336 1013 2376 uirtute
1033 2334 1229 2377 Caesaris
1260 2334 1361 2376 dicit
1393 2334 1431 2376 ei
1462 2334 1537 2376 soli
1560 2334 1799 2391 contigisse,
1830 2340 1875 2375 ut
1895 2333 2005 2375 inui-

181 2411 294 2452 diam
324 2410 447 2452 uiuus
477 2410 675 2458 uinceret,
707 2417 747 2450 et
777 2416 838 2450 est
868 2410 990 2450 ordo:
1023 2408 1227 2450 Romulus
1259 2415 1297 2449 et
1327 2408 1461 2449 Liber
1481 2407 1608 2449 Pater
1639 2408 1737 2448 dum
1769 2414 1900 2449 terras
1930 2407 2005 2449 ho-

181 2484 426 2539 minumque
458 2499 591 2539 genus
622 2482 762 2524 colunt
792 2490 831 2523 et
863 2490 1026 2524 caetera
1056 2482 1226 2524 faciunt.
1299 2481 1488 2538 [Laudat
1519 2481 1761 2523 facilitatem
1794 2479 2004 2532 Caesaris,

293 2598 454 2629 ACRON.
502 2599 626 2628 Paucae
646 2599 879 2636 inscriptiones.
907 2598 1089 2628 HORATII
1106 2597 1259 2627 FLACCI
1279 2597 1486 2627 EPLARVM
1502 2598 1583 2627 LIB.
1601 2598 1626 2627 Ι.
1653 2587 1819 2628 EXPLIC.
1845 2597 2004 2628 INCIPIT

182 2655 317 2684 LIBER.
343 2655 384 2687 II,
409 2657 439 2685 b.
467 2655 505 2690 Q.
533 2655 572 2684 H.
598 2654 755 2684 FLACCI
782 2654 986 2683 EPLARVM
1011 2655 1092 2683 LIB.
1118 2653 1331 2684 EXPLICIT.
1362 2654 1525 2684 INCIPIT
1552 2653 1642 2684 SEC.
1670 2654 1865 2684 EIVSDEM
1900 2654 2003 2684 Bern.

182 2713 218 2741 B.
246 2712 508 2742 EXPLITIVNT
544 2712 657 2742 LIBRI
695 2711 1006 2741 EPISTOLARVM
1043 2712 1135 2741 Bern.
1163 2712 1197 2742 C.
1236 2711 1408 2741 INCIPIT.
1436 2711 1476 2740 II.
1513 2711 1572 2740 AD
1600 2710 1829 2740 CAESAREM
1853 2711 1916 2754 Βφ.
1943 2711 2004 2741 IN-

183 2767 295 2798 CIPIT
320 2769 452 2798 LIBER
477 2765 579 2798 8OE
604 2768 663 2797 AD
691 2767 892 2797 CESAREM
916 2767 1151 2797 AVGVSTVM
1177 2768 1217 2797 Ο.

297 2826 329 2863 1)
357 2826 441 2863 Aug.
478 2825 649 2864 increpanti
684 2824 849 2858 Horatium.
888 2825 973 2862 quod
998 2834 1058 2853 non
1087 2825 1125 2853 ad
1157 2834 1189 2853 se
1227 2833 1351 2862 quoque
1387 2821 1523 2861 pluflme
1560 2824 1721 2853 scriberet.
1757 2827 1793 2853 ut
1829 2822 2003 2853 Suetonius

182 2886 290 2910 auctor
315 2886 364 2911 est
390 2881 425 2911 C.
452 2881 532 2911 conf.
557 2882 672 2919 Porph.
702 2899 739 2901 ⁴—
766 2881 799 2910 id
822 2881 893 2909 ideo
919 2879 955 2914 Q.
1017 2881 1050 2919 3)
1078 2881 1193 2910 deinde
1230 2879 1321 2922 mc.
1359 2881 1428 2910 rell.
1455 2890 1514 2910 om.
1554 2889 1588 2909 eo
1626 2880 1793 2917 delabitur,
1826 2884 1862 2909 ut
1887 2879 1920 2910 C.
1966 2880 2003 2919 4)

181 2941 346 2975 tamquam
363 2956 400 2958 υ
417 2939 480 2968 sint
505 2937 570 2973 th
596 2942 626 2967 et
652 2947 679 2975 a,
707 2947 786 2975 quae
812 2947 872 2966 om.
910 2940 1031 2965 tamum.
1057 2947 1091 2966 v:
1130 2937 1245 2966 merito
1271 2938 1445 2966 uetustatis
1470 2937 1620 2966 meliores
1647 2938 1723 2966 sint.
1773 2937 1807 2975 5)
1833 2937 2002 2966 merito—

182 2994 329 3024 meliores
366 2996 415 3034 γί),
443 2995 512 3024 rcll.
539 3005 601 3024 om.
663 2993 698 3035 6)
725 2993 846 3023 Sensus
872 3011 913 3013 -ss
939 2994 1075 3022 honores
1111 3003 1137 3034 γ.
1164 2994 1232 3022 rell.
1260 3003 1320 3023 oin.
1381 2994 1415 3032 9)
1444 2992 1475 3022 S.
1502 3004 1518 3022 o
1545 3003 1632 3022 cesar
1666 2994 1715 3034 qb.
1741 2993 1810 3022 rell.
1837 3003 1897 3023 om.
1948 2993 2003 3032 10)

183 3054 237 3079 aut
264 3067 304 3071 »-
331 3051 397 3079 suis
420 3051 468 3091 Tb.
495 3051 564 3080 rell.
590 3060 649 3079 om.
717 3050 772 3088 11)
800 3060 824 3078 s.
850 3050 914 3079 tuis
953 3048 1044 3091 «QG.
1070 3049 1139 3078 rell.
1166 3059 1223 3078 om.
1292 3050 1345 3087 12)
1373 3050 1405 3078 id
1431 3053 1479 3078 est
1504 3067 1546 3070 ——
1572 3050 1637 3078 suis
1662 3049 1711 3090 Tb.
1737 3049 1807 3079 rell.
1835 3058 1894 3078 om.
1947 3049 2001 3088 14)

181 3106 251 3135 Tua
268 3124 303 3126 —›—
318 3110 463 3144 tempora
486 3108 535 3148 «(1).
561 3107 630 3137 rell.
656 3116 714 3137 om.
766 3107 820 3146 16)
846 3105 991 3135 Laudata
1010 3122 1045 3125 —-
1068 3108 1124 3135 cet.
1151 3105 1275 3136 faciunt
1297 3115 1324 3148 γ.
1350 3106 1419 3135 rell.
1446 3115 1504 3135 om.
1557 3105 1612 3145 18)
1640 3104 1766 3135 Laudat
1792 3122 1832 3127 —
1858 3106 2001 3135 uinceret

180 3161 300 3197 vath.
326 3179 368 3183 ἡ-
394 3168 558 3201 superaret
582 3162 618 3193 C.
655 3162 689 3201 *)
717 3160 846 3202 inquit?
872 3162 906 3192 F.
932 3162 967 3192 F.
994 3161 1137 3192 Franke:
1164 3163 1198 3192 in
1224 3172 1301 3201 quos
1326 3172 1411 3193 cons.
1435 3162 1595 3192 manabat.

2086 2871 2089 2907 ι’

2085 2909 2089 2950 l

2086 2953 2089 2983 l

2085 2985 2089 3028 ³.

2084 3029 2089 3062 l

2085 3086 2088 3134 l

2086 3202 2087 3223 1
