2148 3412
184 939 222 970 lO

184 1306 223 1336 15

244 132 296 172 52
873 136 978 170 ACR.
1004 137 1064 168 ET
1090 135 1254 168 PORPH.
1280 134 1429 167 COMM.

242 265 413 322 byllinis
443 262 626 306 Romani
657 268 750 304 sunt
781 261 929 303 moniti
961 274 1037 316 pro
1081 259 1268 301 remedio
1315 257 1510 308 ciuitatis,
1555 264 1599 299 ut
1645 256 1915 299 simulacrum
1961 254 2072 297 Aes-

243 339 398 394 culapii
429 338 480 378 de
512 336 730 391 Epidauro
761 335 898 376 insula
927 340 1149 390 peteretur.
1223 330 1320 384 Quo
1350 330 1532 372 Romani
1564 345 1658 372 cum
1692 329 1907 371 uenissent
1936 335 1976 370 et
2005 343 2072 370 er-

243 426 336 453 rore
367 411 591 452 multorum
623 408 941 450 simulacrorum
978 414 1137 448 certum
1167 405 1357 446 inuenire
1402 419 1486 446 non
1530 409 1713 459 possent,
1759 403 1803 443 in
1847 408 2075 457 conspectu

246 484 432 526 omnium
466 481 678 540 [serpens]
711 496 862 522 nauem
893 480 1023 536 petiit.
1086 478 1171 532 Qui
1204 479 1258 519 ad
1287 477 1435 519 urbem
1467 477 1628 518 delatus
1658 477 1702 517 in
1737 476 1831 530 ripa
1851 475 1919 516 uel
1940 475 2076 517 insula

243 558 412 599 Tiberis
445 557 560 598 uisus
596 555 734 597 subito
777 570 861 596 non
907 553 1154 608 comparuit.
1232 551 1283 593 In
1314 552 1406 607 ipso
1437 558 1575 593 autem
1607 551 1699 592 loco
1729 549 1932 604 templum
1964 548 2075 591 Aes-

247 631 415 685 culapio
447 628 737 671 condiderunt.

357 712 398 744 ac
429 704 498 745 te'be'
524 712 672 744 contra.
733 701 795 742 Ut
824 700 907 742 sint
936 700 1067 754 aliqui
1097 699 1321 749 contrario,
1354 697 1426 753 qui
1455 697 1586 739 uelint
1606 697 1819 752 inquirere
1841 704 1936 737 tuae
1960 696 2077 738 uitia.

358 786 393 818 et
424 777 495 818 illi.
554 775 697 816 Amici
727 775 801 825 tui,
839 789 1017 829 quorum
1047 773 1151 814 uitia
1181 771 1468 827 reprehendis.
1528 771 1703 813 Rursus.
1763 769 1965 811 Inuicem.

360 850 538 891 29—35.
569 849 806 890 iracundior
827 856 883 889 est
900 863 939 903 p.
999 845 1320 901 Interrogatiue,
1351 845 1420 886 hic
1442 859 1567 899 quem
1587 858 1672 885 non
1692 844 1789 894 fers,
1821 842 2078 898 quicumque

248 923 419 966 alterius
450 922 553 964 uitia
583 929 714 963 notas.

356 998 487 1053 paulo
516 998 648 1037 minus
680 1011 743 1051 ap.
818 993 905 1046 Qui
935 1008 1019 1035 non
1051 1007 1094 1034 se
1125 999 1270 1047 aptant
1302 991 1355 1032 ad
1386 1004 1523 1032 mores
1560 989 1793 1040 hominum,
1838 993 1970 1031 minus
2001 990 2086 1045 apti

251 1071 458 1119 dicuntur,
492 1069 562 1124 qui
593 1068 785 1109 nesciunt
805 1081 945 1108 rerum
966 1075 1169 1120 tempora,
1203 1065 1274 1120 qui
1296 1064 1621 1119 importuniores
1643 1071 1752 1105 sunt.
1786 1065 1928 1108 Minus
1949 1071 2082 1120 aptus.

251 1143 439 1198 Ineptus.

363 1218 490 1258 (teretis
520 1216 701 1257 naribus.
761 1213 832 1255 Ab
854 1214 987 1255 acutis
1007 1212 1248 1255 hominibus
1269 1212 1398 1254 rideri
1420 1218 1593 1267 possunt
1612 1211 1670 1262 hi,
1703 1211 1775 1266 qui
1795 1209 2084 1253 iracundiores

249 1297 290 1332 et
319 1289 464 1344 inepti.
527 1290 668 1330 Acutis
698 1288 863 1329 naribus
899 1301 1001 1343 ergo
1045 1286 1356 1341 metaphoricos
1401 1285 1505 1327 dicit
1535 1300 1559 1326 a
1604 1284 1792 1335 canibus,
1839 1284 1912 1340 qui
1956 1285 2084 1328 odore

249 1363 469 1404 inueniunt
502 1362 657 1403 cubilia
689 1360 928 1402 bestiarum.
991 1362 1073 1402 Alii
1103 1360 1163 1401 sie
1193 1366 1427 1414 exponunt:
1460 1358 1606 1400 Habet
1635 1358 1777 1414 aliqua
1806 1358 1923 1410 uitia,
1953 1358 2012 1400 ita
2039 1365 2086 1400 ut
2133 1356 2140 1397 ἱ

250 1436 376 1491 paulo
406 1435 649 1476 iracundior
670 1434 734 1484 sit,
766 1448 818 1474 ne
838 1433 971 1488 possit
992 1433 1274 1475 deridentium
1304 1432 1598 1482 urbanitatem,
1631 1446 1739 1487 quae
1770 1447 1883 1474 nunc
1902 1431 2085 1473 maxime
2134 1433 2140 1474 fs

251 1516 481 1558 exercetur,
515 1508 742 1557 sustinere:
776 1514 961 1562 praestat
991 1507 1117 1548 etiam
1148 1506 1200 1547 de
1231 1520 1274 1547 se
1304 1505 1471 1546 ridendi
1493 1504 1725 1555 materiam,
1756 1505 1869 1560 quod
1889 1505 2086 1548 rusticius

252 1591 394 1625 tonsus
427 1582 492 1631 sit,
525 1591 564 1622 et
595 1589 693 1637 toga
724 1581 858 1635 ipsius
890 1580 1037 1621 defluat
1069 1580 1271 1634 laxosque
1302 1579 1464 1620 calceos
1496 1577 1659 1619 habeat.

367 1655 453 1712 [29.
486 1656 618 1697 miuus
640 1663 769 1711 aptus.
829 1653 1038 1710 Ineptus.]

364 1730 431 1769 31.
463 1729 654 1770 rusticius
686 1737 711 1769 t.
744 1736 768 1769 t.
801 1728 836 1769 d.
898 1728 1112 1775 Ruslicz'us,
1144 1727 1378 1782 inperitius.
1441 1724 1789 1781 Comparatiuum
1820 1733 1899 1776 est3
1932 1727 2085 1769 aduer-

252 1801 430 1843 bialiter.
497 1802 666 1852 Quidam
704 1801 861 1850 dicunt,
908 1801 960 1841 de
992 1799 1176 1842 Caesare
1209 1799 1470 1856 (Vergilio?)
1514 1800 1594 1841 hoc
1639 1799 1796 1841 dictum
1842 1815 1945 1850 esse,
1988 1802 2088 1856 quia
2134 1858 2136 1862 ι

252 1874 407 1916 fluebat
439 1874 527 1915 eius
559 1888 725 1929 semper
754 1882 854 1930 toga
886 1874 910 1914 i.
943 1889 977 1915 e.
1023 1889 1106 1916 non
1144 1881 1232 1915 erat
1271 1873 1475 1930 [semper]
1515 1873 1622 1914 bene
1661 1874 1906 1928 composita,
1952 1875 2086 1916 etin·
2134 1926 2136 1929 Α

254 1948 388 2002 perito
420 1955 587 1989 tonsore
617 1947 825 1988 utebatur.

372 2063 404 2101 1)
433 2067 508 2093 sunt
535 2073 594 2092 om.
620 2073 647 2104 γ.
711 2062 747 2102 2)
772 2063 803 2092 z‘n
828 2063 1006 2101 Epidauro,
1044 2073 1104 2093 om.
1132 2064 1249 2100 insula,
1287 2067 1430 2101 peterent
1453 2062 1487 2092 C.
1514 2063 1676 2093 simulacr.
1701 2073 1727 2105 γ.
1766 2064 1949 2094 simulackr.
1986 2064 2087 2096 mvfh.
2139 2081 2141 2083 ·

255 2120 290 2158 4)
319 2128 451 2157 serpens
478 2130 537 2150 0111.
562 2119 666 2161 ⁴(G‚m.
694 2121 820 2149 nauium
845 2130 876 2149 v.
904 2129 1014 2149 nauem
1038 2130 1065 2162 γ.
1092 2120 1162 2150 1011.
1189 2120 1302 2149 nanim.
1367 2121 1402 2159 5)
1428 2120 1553 2158 §paruit
1577 2130 1604 2162 γ.
1628 2121 1697 2150 rell.
1731 2122 1881 2159 apparuit
1912 2120 2014 2159 (apuit
2039 2122 2086 2162 v).

255 2194 297 2197 „-
322 2186 339 2218 γ
363 2177 460 2206 habet
486 2178 617 2215 insuper
641 2177 700 2206 1100
726 2177 879 2206 scholion:
905 2186 1028 2215 scu-pens
1052 2176 1189 2215 epz'claur.
1217 2187 1332 2208 nomen
1358 2178 1530 2215 serpentis.
1556 2178 1642 2207 hunc
1667 2178 1789 2208 romani
1815 2178 1847 2207 in
1872 2179 1992 2216 templo
2017 2188 2087 2209 aes-

257 2234 378 2271 culapii
404 2237 590 2270 posuerunt.
654 2233 689 2271 8)
717 2233 948 2271 reprehendisti
970 2233 1004 2263 C.
1054 2234 1196 2264 Inuicem
1220 2233 1276 2276 γΟ.
1342 2235 1376 2274 9)
1403 2235 1588 2264 iracundior
1614 2252 1652 2255 —
1687 2238 1782 2264 notas
1814 2244 1875 2265 om.
1909 2233 2027 2273 G,mva
2055 2239 2088 2266 et
2134 2227 2135 2230 Ἰ

256 2290 346 2319 uncis
363 2290 439 2319 incl.
457 2289 494 2326 Q,
523 2290 578 2328 qui
602 2289 680 2319 uitia
703 2289 898 2328 reprehendis
923 2291 1041 2320 iucule.
1068 2300 1124 2329 pro
1149 2290 1206 2320 uit.
1232 2295 1319 2320 notas
1344 2300 1385 2321 ex
1411 2292 1629 2330 superioribus
1647 2292 1731 2329 quic.
1756 2291 1839 2321 cuius
1863 2292 1923 2321 uit.
1948 2296 2043 2322 notas
2060 2302 2086 2334 γ.

259 2347 314 2385 13)
342 2348 472 2384 ineptus
497 2355 514 2387 γ
537 2345 646 2376 Ambr.
674 2351 706 2376 et
730 2345 764 2383 C,
792 2347 846 2385 qui
872 2347 979 2377 addit:
1006 2347 1108 2386 quales
1131 2352 1199 2377 sunt
1223 2349 1277 2386 qui
1305 2357 1369 2378 non
1395 2358 1428 2377 se
1453 2353 1518 2386 apt.
1545 2349 1585 2378 ad
1610 2358 1671 2378 mo.
1698 2349 1748 2378 ho.
1767 2352 1798 2378 et
1816 2348 1976 2378 obseruare
2001 2359 2087 2379 nese.

255 2406 315 2432 etc.
341 2403 408 2432 rell.
435 2412 494 2432 0111.
520 2402 602 2432 conf.
629 2403 727 2432 schol.
755 2404 882 2441 subseq.
910 2404 946 2433 In
963 2414 980 2446 γ
997 2404 1142 2442 glossae:
1168 2408 1247 2434 aeut.
1264 2404 1398 2434 naribus.
1427 2406 1628 2443 suspiciosus.
1653 2405 1758 2435 rideri.
1777 2405 1965 2443 uituperari.
1983 2405 2089 2435 horum

255 2459 331 2489 hom.
362 2460 436 2497 quia
460 2460 553 2489 multi
580 2463 654 2489 sunt
681 2460 829 2498 supitiosi
854 2461 908 2490 his
933 2462 1142 2498 temporibus.
1210 2462 1265 2500 15)
1291 2461 1495 2501 nietaforicos
1520 2471 1547 2504 γ.
1614 2462 1669 2501 16)
1695 2461 1803 2491 Habet
1827 2461 1940 2500 aliquis
1963 2461 2086 2504 ·(G‚mv.
2132 2477 2134 2501 l

256 2516 363 2553 aliqua
387 2515 513 2551 athQ.
566 2516 620 2554 17)
649 2517 749 2546 derid.
775 2518 956 2547 uanitatem
980 2516 1105 2559 7G‚1nv.
1131 2517 1197 2547 urb.
1224 2518 1322 2555 ath,
1349 2522 1385 2548 ut
1410 2518 1619 2557 P01·ph.tunc
1636 2518 1701 2548 afh.
1720 2518 1789 2547 rell.
1806 2528 1900 2548 nunc.
1951 2519 2006 2558 18)
2032 2520 2087 2549 (10-
2132 2517 2135 2551 Ξ

255 2571 406 2601 sidet-anti
427 2582 453 2614 γ.
481 2582 543 2601 11011
568 2573 615 2602 ita
641 2573 734 2602 male.
759 2573 827 2603 rell.
855 2574 893 2603 de
919 2583 952 2603 se
977 2574 1114 2604 ridendi.
1177 2573 1234 2613 20)
1260 2578 1350 2604 actus
1376 2575 1457 2618 ΕΒφ
1483 2584 1499 2604 a
1528 2576 1556 2604 1.
1581 2585 1634 2612 m.‚
1661 2584 1679 2604 a
1705 2575 1723 2604 2
1748 2585 1789 2604 m.
1816 2585 1894 2605 corr.
1919 2579 2014 2614 aptus.
2041 2577 2087 2614 gl.
2132 2591 2134 2595 ·

256 2628 365 2657 irisus.
392 2628 561 2658 Scholion:
594 2629 643 2658 his
670 2630 827 2667 exemplis
853 2630 978 2668 colligit
1004 2631 1176 2660 amicorum
1202 2632 1284 2660 uitia
1309 2632 1335 2660 si
1361 2631 1448 2661 leuia
1472 2632 1538 2661 sint
1564 2631 1696 2661 ferenda
1721 2640 1802 2661 esse.
1831 2635 1862 2661 et
1887 2637 1937 2662 est
1963 2641 2086 2663 sensus.

258 2685 292 2715 Si
316 2685 415 2715 habet
440 2686 563 2715 amicus
589 2690 664 2715 tuus
689 2686 797 2724 aliqua
821 2687 903 2716 uitia
930 2687 974 2716 ita
999 2692 1035 2718 ut
1060 2688 1104 2717 sit
1128 2688 1242 2725 palebo
1269 2689 1453 2718 iracundior
1478 2689 1633 2719 uidelicet
1659 2693 1693 2718 ut
1718 2698 1781 2719 non
1807 2689 1909 2727 possit
1927 2689 2087 2719 sustinere
2131 2678 2134 2711 ἶ

258 2742 285 2770 si
312 2742 383 2779 quis
409 2742 548 2770 urbanus
574 2745 669 2771 acuta
694 2751 772 2771 nare
798 2743 882 2781 quod
909 2747 958 2773 est
984 2744 1229 2775 subsanantiam
1256 2745 1392 2774 irriserit
1418 2754 1454 2775 eo
1479 2754 1539 2784 quo
1564 2748 1619 2774 aut
1645 2745 1726 2774 male
1751 2748 1864 2775 tonsus
1883 2750 1931 2775 est
1951 2750 2007 2776 aut
2023 2755 2087 2776 non

257 2798 337 2827 bene
362 2798 495 2827 indutus
521 2799 679 2833 uestibus,
710 2808 767 2829 seu
790 2801 872 2830 male
898 2801 1045 2830 calciatus
1070 2802 1205 2840 pedibus
1230 2803 1393 2840 praecipio
1418 2803 1480 2832 tibi
1506 2802 1622 2832 leuiter
1638 2801 1773 2831 ferenda
1790 2802 1878 2832 illius
1895 2803 1975 2832 talia
1991 2803 2085 2840 uitia,

258 2854 334 2891 quia
359 2854 421 2882 iste
446 2854 522 2882 talis
550 2858 598 2883 est
624 2856 723 2884 bonus
742 2856 792 2885 uir
809 2860 845 2885 ut
870 2866 933 2886 non
960 2858 1004 2886 sit
1029 2858 1085 2887 illo
1102 2858 1216 2888 melior
1242 2862 1272 2888 et
1299 2860 1359 2888 erit
1383 2859 1445 2888 tibi
1470 2868 1545 2889 uere
1570 2860 1701 2889 amicus.
1730 2863 1760 2888 et
1787 2860 1845 2888 sub
1870 2859 1929 2888 tali
1955 2860 2086 2889 homine

257 2910 376 2939 inculto
401 2910 480 2938 latet
505 2911 681 2948 ingenium.
730 2912 799 2950 Age
826 2913 911 2942 enim
938 2915 1112 2944 seeundum
1138 2915 1219 2944 illud
1244 2916 1465 2953 prouerbium:
1503 2915 1602 2945 Amici
1623 2925 1721 2945 mores
1751 2915 1872 2945 noueris
1894 2925 1953 2945 non
1977 2916 2086 2946 oderis.

260 2967 317 3004 21)
345 2967 507 3004 imperitus
531 2967 578 2996 fh.
606 2969 774 3005 inperitius
802 2987 842 2989 ——
868 2971 1101 3001 aduerbialiter
1125 2981 1186 3001 om.
1214 2971 1326 3002 vaa.
1353 2971 1602 3009 Comparauffuum
1627 2976 1676 3003 est
1704 2972 1777 3001 adu.
1807 2973 1883 3014 pfh.
1917 2972 2085 3011 Compara-

259 3024 322 3053 tiuo
346 3032 416 3052 usus
441 3027 490 3052 est
516 3024 587 3052 adu.
616 3023 708 3054 Conf.
737 3024 876 3061 Quintil.
903 3027 958 3065 IX,
987 3029 1016 3065 3,
1047 3030 1096 3058 19.
1123 3030 1307 3067 imperitius
1332 3030 1573 3059 aduerbialiter.
1600 3029 1639 3058 de
1662 3028 1760 3067 Verg.
1786 3029 1846 3059 hoc
1870 3029 1992 3059 dictum
2017 3038 2085 3060 esse
2134 3039 2136 3042 ’

258 3079 360 3108 uolunt
383 3078 417 3108 C.
467 3080 524 3118 ⁶22>
552 3079 627 3117 quia
651 3090 677 3121 γ.
702 3082 770 3111 1011.
798 3083 887 3121 quod.
940 3084 997 3123 23)
1023 3094 1148 3123 semper
1173 3095 1234 3115 om.
1260 3095 1286 3127 γ.
1313 3087 1332 3115 i.
1361 3095 1384 3115 0.
1413 3089 1491 3116 erat.
1518 3094 1615 3124 semp.
1635 3095 1695 3115 om.
1714 3084 1750 3114 C.
1802 3086 1859 3125 24)
1886 3089 1918 3116 et
1942 3090 2086 3117 uteretur

261 3137 336 3174 imp.
362 3139 447 3165 tons.
475 3134 510 3165 C.
537 3137 599 3174 inp.
626 3146 652 3178 γ.
