2148 3412
806 133 856 165 IN
881 133 1029 166 EPIST.
1057 134 1102 175 11,
1129 137 1159 167 2.
1814 124 1892 164 571

180 256 272 296 192.
307 256 400 296 193.
431 263 468 297 et
496 263 628 298 tamen
657 257 761 298 idem
781 257 891 299 Scire
921 259 1071 300 uolam.
1143 257 1271 299 Redit
1315 258 1369 299 ad
1411 258 1744 300 mediocritatem
1773 257 1896 299 Peri-

64 329 340 385 pateticorum
372 334 412 370 et
441 328 555 377 dicit,
587 329 645 370 ita
667 344 790 371 sensu
821 345 915 372 cum
944 330 1080 382 bonis,
1111 339 1156 373 ut
1185 347 1269 374 non
1303 331 1588 383 obliuiscatur,
1619 331 1804 374 medium
1833 332 1894 372 fe-

64 402 239 444 rendum
274 417 376 452 esse,
418 416 512 444 cum
542 402 704 444 intersit
734 403 842 445 inter
871 404 1048 446 hilarem
1080 412 1120 446 et
1149 412 1357 460 nepotem,
1404 420 1577 461 parcum
1622 412 1661 447 et
1707 420 1894 455 auarum,

65 475 256 530 quamuis
286 490 435 530 parum
469 476 830 519 considerantibus
861 477 1018 519 similes
1050 492 1139 519 esse
1170 478 1405 520 uideantur.

177 549 270 590 195.
304 549 437 590 Distat
465 551 579 597 emin,
610 565 795 606 sparyas.
856 548 1067 601 Ostendit,
1100 551 1201 606 quid
1232 551 1357 593 distet
1387 551 1496 593 inter
1526 567 1653 607 supra
1684 552 1830 594 dictos.

179 623 270 663 197.
301 622 361 664 Ac
383 624 532 678 potius,
558 638 664 679 puer
697 633 739 665 at
767 625 876 679 sestis
908 626 1212 679 quinquatribus
1243 626 1348 666 olim.
1413 626 1685 681 Qm'nqaalres
1716 640 1740 666 a
1771 625 1894 681 quin-

66 709 146 750 que
184 695 344 746 diebus‚
384 696 456 750 qui
493 696 582 738 dies
618 697 673 737 ad
710 697 838 739 ferias
867 697 1090 739 Mineruae
1121 698 1346 753 pertinent,
1384 705 1609 754 propterea
1646 699 1758 754 quod
1789 699 1895 740 festa

64 768 320 811 sollemnitas
352 769 441 811 eius
462 769 565 811 deae
587 785 663 825 per
693 771 772 813 hoc
810 771 991 826 spatium
1020 772 1222 828 temporis
1254 771 1501 814 celebratur.
1542 773 1603 814 Ut
1623 772 1754 828 igitur
1774 773 1895 827 pueri

63 842 161 884 ludo
192 842 341 884 intenti
371 842 668 885 insatiabiliter
698 851 870 886 utuntur
888 845 954 887 his
974 845 1104 894 feriis,
1135 846 1193 887 ita
1223 852 1279 897 tu,
1312 845 1461 901 inquit,
1492 846 1719 887 moriturus
1742 846 1895 901 exiguo

62 915 175 957 uitae
205 923 393 971 tempore
425 917 580 972 raptim
615 917 903 974 uoluptatibus
940 918 1136 974 plurimis
1166 919 1341 969 fruaris3
1380 920 1473 961 ole'm
1504 927 1642 960 autem
1673 934 1784 961 nunc
1816 934 1894 975 pro

65 1004 243 1045 semper.

178 1064 271 1105 199.
304 1066 525 1121 Pauperies
567 1067 776 1108 dunanda.
841 1067 1070 1123 Pauperies,
1116 1074 1293 1123 egestas.
1353 1067 1463 1109 Nam
1500 1076 1723 1124 paupertas
1769 1067 1894 1109 etiam

69 1137 267 1180 honestae
298 1138 582 1193 parsimoniae
613 1154 766 1181 nomen
799 1146 858 1181 est
890 1148 930 1182 et
959 1148 1185 1196 usurpatur
1214 1141 1259 1182 in
1289 1143 1457 1183 fortuna
1486 1141 1702 1183 mediocri.

177 1212 271 1253 201.
303 1213 395 1255 Non
433 1214 604 1268 aqz'mur.
665 1212 821 1255 Adhuc
859 1214 910 1255 de
941 1213 1052 1255 bono
1081 1215 1358 1257 mediocrium
1403 1216 1666 1257 fortunarum
1697 1215 1895 1270 loquitur.

177 1286 340 1328 tumidis
372 1288 473 1328 uelis
505 1288 688 1343 aquilone
718 1289 904 1330 secundo.
963 1288 1014 1329 Id
1045 1296 1119 1338 est,
1151 1289 1283 1330 nimia
1312 1289 1523 1331 felicitate.

177 1360 272 1401 202.
304 1361 395 1403 Non
427 1369 554 1402 tamen
586 1362 778 1404 aduersis.
838 1361 1090 1404 Infelicitate
1122 1363 1379 1413 uehementi3
1413 1370 1453 1404 et
1482 1363 1591 1405 bene
1621 1363 1665 1403 in
1696 1362 1898 1419 allegoria

64 1433 364 1489 perseuerauit,
397 1435 496 1490 quia
527 1449 655 1491 supra
685 1450 833 1477 nauem
863 1435 1038 1478 dixerat.

177 1508 271 1549 203.
311 1509 478 1557 Viribus,
510 1510 679 1564 inqeaio,
710 1511 850 1565 specie,
883 1511 1043 1558 uirtute,
1077 1511 1175 1559 loco,
1207 1526 1252 1552 re
1273 1518 1313 1552 et
1335 1518 1512 1553 caetera.
1573 1510 1801 1567 Ingeniose
1823 1511 1896 1552 de-

65 1581 245 1636 scripsit,
277 1581 379 1636 quid
402 1582 455 1623 sit
474 1581 598 1623 homo
628 1582 866 1632 mediocris,
898 1583 1057 1636 dicens,
1087 1584 1343 1626 mediocrem
1375 1599 1478 1636 esse,
1512 1584 1584 1640 qui
1605 1585 1656 1627 sit
1678 1600 1702 1627 a
1723 1585 1897 1627 summis

63 1654 213 1705 minor,
246 1654 299 1696 ab
329 1655 489 1697 infimis
520 1656 667 1698 maior.

179 1729 272 1771 205.
304 1730 395 1773 Non
418 1745 457 1771 es
479 1744 642 1772 auarus.
704 1729 812 1786 Πρὸς
834 1730 1044 1787 ὑποφοράν
1068 1731 1307 1788 respondet,
1339 1747 1454 1774 more
1477 1732 1754 1783 satiricorum,
1777 1733 1898 1787 quasi

66 1802 192 1844 dicat:
226 1802 393 1853 scimus,
434 1810 473 1844 te
509 1818 594 1845 non
624 1818 714 1846 esse
753 1819 949 1854 auarum,
988 1805 1096 1846 uade
1127 1820 1296 1848 securus
1336 1807 1388 1848 de
1417 1807 1497 1848 hoc
1537 1806 1630 1862 ipso
1641 1823 1651 1856 3
1692 1806 1765 1848 sed
1796 1806 1898 1861 quid

65 1876 246 1932 prodest,
277 1892 453 1918 auarum
483 1883 523 1918 te
552 1892 638 1920 non
668 1892 771 1928 esse,
803 1878 838 1920 si
868 1878 913 1920 in
943 1879 1119 1921 caeteris
1149 1879 1298 1922 haeres
1328 1880 1443 1922 uitiis
1473 1895 1523 1922 ac
1553 1880 1733 1922 teneris?

179 1952 285 2008 qaid,
319 1959 476 1993 caetera
505 1953 588 1993 iam.
617 1953 749 1994 simul.
810 1950 884 1994 Sic
921 1952 1279 2008 pronuntiandum
1311 1960 1385 2005 est,
1426 1960 1471 1995 ut
1500 1953 1783 2010 intellegatur,
1814 1968 1898 1996 non

66 2024 225 2081 fugisse
256 2025 340 2067 alia
370 2025 486 2067 uitia.
592 2028 599 2044 '

180 2101 274 2141 206.
307 2101 400 2142 207.
434 2109 544 2143 caret
580 2101 652 2144 aba·
680 2109 820 2157 pectus
857 2102 976 2144 inani
1003 2101 1251 2145 Ambitione?
1308 2099 1430 2155 Quae
1470 2102 1746 2158 popularibus
1786 2101 1899 2144 auris

69 2173 211 2216 dedita
241 2180 316 2216 est.

69 2353 132 2383 Hic
157 2356 254 2382 autem
279 2353 391 2384 haeres
417 2354 464 2390 fh,
492 2354 640 2392 sequenti
666 2354 788 2383 scholio
813 2353 873 2383 hoc
898 2353 1127 2392 adiungentes‚
1164 2355 1250 2393 quod
1275 2355 1372 2386 etiam
1399 2356 1433 2384 in
1457 2364 1498 2384 va
1535 2355 1642 2384 sedem
1678 2356 1828 2385 mutauit.
1857 2373 1898 2376 ——

71 2411 103 2440 in
126 2419 175 2440 me
199 2410 354 2449 impendit
378 2411 466 2440 vafh.
491 2411 634 2449 loquitur
659 2411 736 2449 quid
764 2420 798 2440 se
823 2411 911 2440 filius
937 2411 1028 2440 heres
1052 2410 1096 2439 M.
1122 2411 1184 2450 loq.
1211 2411 1266 2450 qui
1289 2412 1324 2441 de
1349 2421 1381 2441 se
1408 2412 1493 2441 filius
1519 2412 1610 2442 heres
1636 2410 1703 2441 RG.

184 2468 218 2506 2)
244 2468 434 2497 seruandum
458 2466 504 2496 fh.
530 2468 600 2497 rell.
627 2467 802 2497 serendum.
830 2467 947 2497 similes
972 2477 1041 2497 esse
1065 2468 1236 2498 uideantur
1259 2467 1335 2503 th.
1361 2469 1430 2497 rell.
1457 2468 1557 2498 simile
1574 2478 1642 2498 esse
1660 2469 1814 2498 uideatur.
1864 2469 1899 2507 6)

71 2524 270 2563 quinquatris
293 2524 397 2554 MRG.
460 2525 493 2562 7)
521 2525 605 2563 quod.
629 2528 671 2553 esc
693 2525 776 2553 festa
800 2523 872 2553 MR.
910 2525 993 2554 festa
1018 2525 1223 2555 solennitates·
1247 2544 1287 2546 —
1314 2526 1516 2555 celebrantur
1541 2525 1606 2555 afh.
1644 2525 1845 2555 solennitates
1869 2534 1899 2554 v.

72 2580 108 2620 9)
133 2581 360 2611 insatiabiliter
396 2580 596 2619 MRAG(Q).
635 2581 864 2611 incessabiliter
888 2580 977 2610 vafh.
1005 2599 1043 2603 *-
1072 2582 1118 2611 ita
1141 2586 1193 2611 aut
1216 2586 1275 2612 tum
1299 2583 1365 2620 inq.
1391 2582 1434 2611 M.
1461 2583 1507 2612 ita
1531 2586 1585 2612 ant
1610 2583 1626 2611 f
1647 2582 1724 2621 (sie)
1761 2591 1827 2612 cam
1860 2581 1899 2612 R.

72 2638 119 2667 ita
144 2661 150 2668 .
179 2661 185 2667 .
213 2637 356 2677 (lacuna)
382 2661 388 2666 .
414 2661 420 2667 .
447 2642 503 2668 aut
527 2647 598 2668 cum
622 2638 687 2676 inq.
714 2637 752 2668 G.
819 2637 874 2675 10)
900 2638 1051 2675 plurimis
1074 2648 1123 2667 res
1147 2638 1186 2670 fr.
1212 2639 1284 2669 MR.
1313 2656 1352 2660 —-
1377 2643 1485 2669 autem
1512 2649 1570 2669 om.
1596 2638 1683 2669 vafh.
1750 2638 1805 2676 12)
1831 2637 1901 2669 Hoc

72 2694 170 2725 schol.
198 2696 231 2724 in
256 2694 406 2732 MRG‚va
430 2694 516 2724 infra
540 2699 613 2733 post
638 2705 667 2724 u.
689 2695 750 2724 203
778 2695 887 2724 sedem
912 2694 1021 2731 habet⁷
1048 2695 1104 2724 hoc
1129 2695 1197 2725 loco
1223 2696 1257 2726 in
1281 2695 1357 2731 th.
1383 2696 1535 2734 Pauperie
1558 2695 1587 2725 si
1609 2705 1703 2734 paup.
1721 2694 1824 2732 MRG,
1851 2704 1901 2725 or-

72 2755 141 2781 tum
166 2761 208 2781 ex
232 2752 408 2789 Pauperies
431 2751 452 2782 i.
471 2766 516 2780 z
532 2752 699 2781 inmunda.
726 2751 763 2781 Id
786 2755 837 2789 est,
862 2751 894 2780 in
913 2760 1049 2790 paupere
1074 2761 1124 2790 eg.
1151 2752 1196 2781 fh.
1234 2754 1414 2791 pauperies.
1440 2752 1468 2782 sz'
1491 2753 1658 2791 pauperies
1695 2761 1742 2790 eg.
1779 2761 1830 2781 va.
1857 2769 1900 2772 -—

73 2807 261 2846 usurpaturz‘
283 2809 426 2838 fortunae
450 2809 614 2838 mediocri.
661 2808 730 2837 Noa
765 2816 795 2837 es
830 2817 954 2837 auarus.
991 2817 1055 2838 non
1080 2813 1122 2838 esc
1144 2812 1312 2847 usurpatas
1340 2811 1374 2839 in
1398 2809 1530 2839 fortuna
1555 2809 1708 2838 mediocri
1732 2809 1901 2848 ypoforam

74 2865 314 2902 respondentem
341 2874 428 2894 more
465 2865 677 2904 satyricorum
702 2864 756 2902 qui
780 2865 866 2894 dicat
890 2869 921 2894 et
945 2874 974 2903 q.
1002 2875 1067 2904 seq.
1094 2865 1181 2895 iufra
1205 2867 1244 2895 ad
1267 2876 1297 2896 u.
1326 2867 1388 2896 205
1415 2866 1459 2895 M.
1489 2883 1527 2887 ——
1553 2869 1732 2903 usurpatmn
1757 2865 1902 2895 fortunae

74 2921 236 2951 mediocri.
283 2922 354 2952 Non
379 2932 412 2951 es
437 2931 563 2951 auarus.
599 2931 663 2951 non
687 2925 729 2950 est
752 2926 967 2960 usurpatorem
991 2924 1136 2952 fortunae
1160 2922 1316 2953 mediocri
1337 2923 1526 2962 hypoforam
1552 2923 1787 2961 respondentem
1815 2931 1902 2952 more

76 2980 254 3017 satyrorum
291 2978 347 3017 qui
380 2978 463 3008 dicit'
490 2982 548 3008 etc.
586 2978 622 3008 R.
640 2987 704 3017 pro
727 2977 771 3007 fo.
810 2979 892 3008 med.
928 2978 1018 3009 vafh.
1084 2980 1141 3019 14)
1166 2979 1235 3009 Hoc
1260 2980 1405 3010 scholion
1431 2984 1462 3009 ct
1488 2980 1549 3010 duo
1577 2989 1663 3018 seqq.
1691 2990 1752 3010 om.
1777 2979 1820 3017 M,
1847 2979 1901 3017 qui

77 3036 229 3064 nonnulla
254 3036 353 3065 habet
378 3036 519 3066 confusa.
558 3035 671 3065 Adhuc
696 3035 778 3065 med.
804 3036 878 3065 fort.
906 3035 941 3065 de
964 3035 1036 3065 bono
1060 3036 1123 3074 loq.
1160 3036 1281 3075 RG7va.
1347 3037 1404 3075 21)
1431 3037 1641 3075 satyricorum
1677 3035 1779 3066 intulit
1811 3036 1902 3074 quasi

77 3091 164 3121 dicat
187 3101 238 3121 va.
304 3093 360 3132 22)
385 3092 479 3122 ualde
515 3101 576 3122 sec.
614 3092 657 3121 M.
695 3092 777 3121 uade
803 3109 842 3114 -
870 3101 938 3122 esse
977 3093 1027 3132 (M
1050 3092 1159 3133 ualde)
1198 3092 1305 3123 MAG.
1332 3102 1391 3123 om.
1417 3092 1537 3131 R,vafh
1563 3091 1794 3133 (homoeotel.)
1845 3092 1902 3132 23)

77 3148 187 3180 haeres
211 3149 349 3187 M,vafh.
376 3150 466 3180 heres
491 3159 522 3179 u.
549 3153 695 3179 actenens
719 3149 754 3178 R.
805 3149 862 3189 26)
888 3149 978 3186 Quae
1002 3160 1063 3181 om.
1089 3150 1123 3179 M
1147 3149 1299 3188 (Halm).

1924 931 1934 962 l

1923 1299 1958 1330 1.

1923 1668 1941 1699 2

1924 2038 1942 2068 10

1944 931 1962 962 Ο

1945 1311 1963 1329 ι)

1946 1667 1965 1699 O
