2148 3412
787 139 836 171 IN
864 138 1008 171 EPIST.
1036 139 1063 177 1,
1093 142 1142 170 is.
1803 127 1885 167 473

59 263 179 305 ritiae
210 262 300 303 uult
329 261 500 312 seruire,
533 260 686 311 uideat,
718 275 770 302 ne
801 262 844 302 in
876 262 995 317 peius
1024 261 1174 303 uitium
1205 261 1374 311 incidat,
1416 261 1489 303 sed
1520 260 1564 301 in
1593 267 1769 316 utroque
1799 273 1888 301 me-

60 335 174 377 dium
205 342 392 376 tenorem
423 340 574 384 seruet,
607 333 766 375 scilicet
796 342 840 375 ut
870 335 1046 389 quisque
1078 350 1152 376 suo
1183 335 1319 376 amico
1349 349 1484 390 neque
1515 334 1708 376 adulator
1724 333 1888 383 existat,

59 422 194 464 neque
225 423 320 449 cum
351 407 632 449 amaritudine
663 407 793 448 animi
824 407 1082 462 increpando
1114 423 1208 449 eum
1241 408 1430 464 castiget.
1491 408 1619 450 Unde
1642 406 1888 463 (Horatius)

58 479 295 523 LOLLIO
326 480 461 522 amico
483 495 557 522 suo
588 480 703 530 dicit,
735 480 847 534 quod
879 481 976 535 (ut),
999 481 1034 522 si
1056 482 1300 536 profiteatur
1321 495 1410 523 esse
1432 481 1592 523 amicus
1614 481 1754 531 alicui,
1784 480 1890 522 haec

59 554 140 596 duo
172 553 392 607 obsequi*)
424 553 579 594 timeat.
640 552 696 594 Et
727 553 841 602 dicit,
880 553 991 607 quia,
1039 561 1194 608 quanta
1225 555 1463 596 differentia
1493 554 1617 596 debet
1647 569 1736 596 esse
1781 554 1890 595 inter

60 634 292 668 matronam
323 626 508 668 nobilem
539 635 578 667 et
608 626 885 675 meretricem,
918 634 1033 667 tanta
1064 627 1173 668 inter
1203 628 1385 669 amicum
1417 627 1681 683 diligendum
1713 635 1754 669 et
1783 628 1887 668 infi-

59 701 156 742 dum
203 714 404 750 scurram,
452 699 610 742 scilicet
643 707 685 741 ut
716 699 877 741 amicus
923 699 1171 755 simpliciter
1215 701 1418 756 diligatur
1463 708 1503 742 et
1547 701 1701 743 infidus
1745 715 1889 742 scurra

59 772 279 815 abiciatur.

171 848 208 887 1.
239 854 399 894 metues,
432 846 628 888 liberrime
661 847 776 888 Lolli.
846 846 933 887 Hic
963 846 1128 889 Lollius
1162 846 1326 903 [etiam]
1361 847 1414 888 ad
1446 847 1706 889 consulatum
1738 861 1889 902 perue-

58 920 119 961 nit
149 919 298 961 merito
329 919 494 960 uirtutis
525 930 565 960 et
594 919 799 961 beneficio
832 917 1041 961 Caesaris.
1104 921 1311 962 liberrime.
1351 919 1528 962 Nobilis.

175 995 212 1034 2.
246 992 499 1035 Sem-ramis.
559 992 762 1047 Turpiter
792 993 1018 1035 adulantis.

171 1068 210 1107 4.
242 1066 363 1121 infido
384 1078 564 1108 scurrae.
625 1064 722 1108 Hoc
752 1072 826 1116 est,
858 1066 910 1116 ei,
944 1065 1016 1119 qui
1048 1066 1276 1108 amicitiam
1295 1067 1358 1121 (in
1381 1066 1548 1117 bonis?*)
1580 1066 1748 1108 simulet.
1778 1073 1818 1108 et
1847 1067 1891 1107 in

61 1139 181 1181 malis
212 1139 387 1181 deserat.

171 1213 206 1254 5.
239 1214 310 1254 uit.
333 1227 463 1268 prope
494 1214 634 1254 matus.
713 1211 965 1254 Adsentatio
1001 1212 1132 1253 nimia
1163 1220 1203 1254 et
1234 1213 1465 1255 scurrilitas
1497 1213 1541 1272 in
1573 1213 1709 1255 amico
1739 1213 1892 1256 uitiosa

59 1286 139 1341 est}
173 1285 246 1327 sed
277 1285 481 1341 asperitas
512 1299 647 1340 paene
679 1285 851 1341 grauior
882 1293 922 1327 et
950 1285 1070 1341 peior
1101 1285 1258 1341 priore.

172 1360 208 1400 6.
241 1359 449 1415 Asperitas
480 1360 663 1413 aqrestz's.
725 1357 925 1410 Quidam,
958 1358 1107 1414 inquit,
1139 1359 1349 1415 fugientes
1380 1360 1531 1401 uitium
1553 1360 1806 1402 adulationis
1828 1360 1893 1401 in-

60 1432 203 1474 cidunt
247 1432 291 1473 in
336 1432 458 1486 peius
502 1431 652 1472 uitium
688 1431 767 1488 [et]
801 1432 1045 1473 inconcinni
1091 1440 1129 1473 et
1175 1433 1446 1489 incompositi
1491 1433 1687 1484 hominis,
1734 1432 1895 1475 scilicet

59 1505 139 1547 feri
169 1512 208 1546 et
238 1504 392 1560 asperi,
424 1504 544 1559 quasi
575 1505 766 1560 agrestis.
830 1504 939 1547 Sunt
960 1506 1070 1547 enim
1093 1506 1280 1561 quidam,
1312 1507 1384 1562 qui
1407 1506 1527 1562 quasi
1558 1522 1632 1548 sua
1652 1506 1807 1548 uirtute
1841 1506 1894 1547 li-

60 1578 243 1621 berrima
264 1585 304 1620 et
324 1594 432 1634 pura
453 1578 709 1620 confidentes
731 1578 844 1620 circa
861 1579 1018 1621 amicos
1050 1594 1145 1621 suos
1177 1580 1313 1621 seueri
1345 1588 1385 1621 et
1416 1580 1510 1621 duri
1542 1587 1761 1636 apparent,
1793 1580 1894 1621 dum

60 1652 205 1694 uolunt
226 1667 296 1694 eos
318 1652 527 1708 castigare
549 1660 589 1693 et
619 1652 661 1693 in
691 1659 865 1703 tantum,
896 1659 942 1693 ut
972 1652 1066 1707 ipsa
1098 1652 1205 1693 cutis
1235 1667 1338 1707 prae
1359 1653 1491 1694 nimia
1521 1653 1744 1695 seueritate
1775 1660 1895 1695 tonsa

61 1725 239 1775 dicatur,
282 1726 402 1780 quasi
432 1725 609 1780 capillos
639 1725 845 1775 habuerit,
879 1732 919 1766 et
949 1725 1033 1766 iam
1064 1725 1209 1767 dentes
1241 1726 1323 1766 sint
1344 1726 1436 1767 atri.
1496 1725 1609 1767 Mire
1639 1741 1716 1782 per
1735 1743 1895 1783 χαρακ-

61 1799 272 1854 τηρισμὸν,
304 1798 349 1839 id
370 1805 444 1848 est,
477 1813 554 1853 per
584 1798 932 1854 imaginationem
963 1798 1163 1840 describit
1196 1798 1409 1840 hominem
1440 1799 1601 1840 tristem
1632 1807 1672 1840 et
1693 1815 1895 1841 amarum.

173 1874 210 1912 7.
243 1881 358 1914 tonsa
380 1880 478 1921 cute,
499 1871 701 1928 [dentibus
724 1871 858 1928 atris]
919 1871 1156 1913 Tondendo
1178 1886 1222 1913 se
1245 1872 1534 1914 commendari
1557 1873 1896 1929 (commendare)

62 1945 208 1988 uolunt
237 1945 382 2002 aliqui,
413 1952 454 1988 et
482 1946 576 1996 hoc,
613 1960 662 1987 ac
694 1945 729 1988 si
761 1945 898 1988 seueri
929 1952 1080 1987 essent.

157 2175 190 2215 1)
216 2176 257 2205 im
274 2184 370 2214 pecus
388 2175 451 2219 Βφ.
473 2193 512 2196 —
530 2174 607 2205 inter
624 2179 793 2214 utrumque
811 2174 835 2205 C
851 2184 856 2204 :
877 2175 977 2204 seruit
994 2175 1024 2203 b.
1073 2174 1108 2212 2)
1122 2174 1270 2204 Videlicet
1288 2178 1324 2204 ut
1341 2174 1405 2217 Βφ.
1456 2174 1491 2212 3)
1519 2182 1623 2213 neque
1640 2183 1707 2204 cum
1723 2183 1821 2204 amar.
1847 2176 1896 2216 γὺ.

66 2240 167 2270 neque
192 2235 255 2261 tum
280 2241 341 2261 am.
366 2231 428 2275 Βφ.
456 2240 560 2270 neque
584 2241 645 2261 am.
664 2230 698 2260 C.
714 2231 928 2261 —Horatius
954 2230 1016 2274 Βφ.
1066 2231 1101 2268 4)
1130 2229 1219 2266 Quod
1241 2230 1300 2260 sibi
1322 2231 1404 2269 prof.
1432 2230 1494 2273 Βφ.
1545 2230 1579 2268 5)
1606 2230 1760 2268 obsequia
1784 2240 1811 2271 γ.
1862 2230 1897 2267 6)

67 2287 309 2318 τηαῖτ.ψ-ἰφιτεφ
327 2297 387 2318 om.
414 2297 441 2329 γ.
492 2286 526 2326 7)
554 2288 677 2317 scilicet
694 2287 756 2329 Βφ.
784 2297 845 2317 om.
870 2288 920 2328 γ1).
969 2287 1004 2326 9)
1030 2286 1114 2316 Huic
1139 2288 1261 2317 scholio
1287 2288 1306 2316 b
1332 2287 1485 2316 adiunxit
1512 2287 1602 2323 haec,
1629 2296 1714 2324 quae
1741 2287 1781 2315 ad
1806 2296 1836 2315 u.
1860 2287 1900 2315 59

67 2344 226 2383 epistulae
243 2344 390 2382 praeced.
410 2344 594 2382 pertinent:
615 2344 782 2373 ‘Plaunius
798 2343 876 2382 (sic)
894 2352 1010 2373 nomen
1030 2347 1078 2372 est
1096 2343 1246 2379 hominis⁷
1273 2344 1327 2382 qui
1354 2344 1479 2373 solebat
1499 2344 1546 2372 sic
1563 2343 1686 2384 fallere,
1713 2343 1747 2372 in
1765 2351 1898 2380 quorum

68 2401 215 2431 uehicula
239 2401 396 2431 uoluisset
420 2400 504 2437 tolli,
530 2404 566 2430 ut
592 2400 732 2439 fingeret
758 2409 791 2430 se
816 2409 887 2430 crus
912 2399 1061 2437 fregisse.
1089 2400 1144 2438 qui
1170 2409 1241 2429 cum
1266 2404 1379 2438 postea
1405 2408 1476 2429 uere
1501 2409 1603 2437 genus
1628 2399 1780 2437 fregisset
1798 2398 1899 2437 (genu

67 2456 163 2495 freg.)
190 2461 222 2487 et
246 2458 331 2487 idem
355 2460 496 2495 rogaret,
522 2466 586 2487 non
611 2458 639 2486 ei
665 2457 847 2487 creditum.'
864 2475 903 2477 —
920 2457 1018 2486 etiam
1045 2454 1268 2495 (b7Cvcath)
1295 2466 1356 2486 om.
1384 2466 1411 2498 γ.
1477 2456 1530 2495 10)
1557 2454 1705 2485 Caesaris
1731 2464 1806 2485 am0.
1830 2455 1898 2485 urb.

70 2513 143 2542 733.
169 2513 298 2543 Nobilis
323 2513 404 2557 γΒφ.
430 2514 500 2544 rell.
526 2523 586 2543 om.
614 2523 631 2544 ο
656 2514 855 2543 nobilissime
881 2512 916 2542 C.
968 2513 1023 2551 11)
1049 2512 1144 2550 Turp.
1170 2512 1258 2542 adul.
1283 2522 1311 2554 γ.
1339 2512 1436 2550 Turp.
1461 2512 1545 2541 adol.
1572 2513 1602 2541 b.
1629 2512 1699 2541 rell.
1727 2521 1788 2541 om.
1815 2511 1899 2542 conf.

69 2568 183 2608 Porph.
235 2568 290 2609 12)
316 2571 344 2599 ei
369 2570 435 2612 ·(,O.
460 2570 532 2600 rell.
552 2579 612 2600 om.
641 2570 771 2599 simulat
785 2569 816 2599 in
830 2569 986 2608 prosperis
1001 2573 1034 2598 et
1050 2569 1081 2598 in
1097 2569 1248 2606 aduersis,
1267 2569 1381 2599 deferit
1399 2568 1434 2598 C.
1462 2570 1496 2598 in
1513 2569 1606 2598 bonis
1624 2577 1684 2598 om.
1710 2568 1900 2610 7b‚vcath,.

73 2625 127 2665 14)
155 2626 288 2656 assentio
310 2636 337 2668 γ.
375 2626 552 2656 assentatio
576 2625 645 2667 ⁴s‚C.
672 2626 771 2656 schol.
798 2635 859 2656 om.
886 2625 1025 2660 vcath.
1052 2643 1094 2646 —
1120 2626 1232 2656 scuril.
1259 2627 1290 2655 b.
1358 2624 1413 2664 15)
1439 2634 1531 2664 asper
1557 2626 1603 2654 ita
1627 2634 1653 2666 γ.
1720 2624 1776 2662 17)
1803 2627 1829 2653 et
1852 2624 1900 2653 fh.

71 2682 156 2712 adul.
183 2683 217 2712 in
241 2683 331 2720 peius
358 2683 505 2713 incidunt
531 2683 608 2722 (om.
635 2682 772 2720 uitium)
799 2679 926 2712 scilicet
949 2683 983 2711 in
1013 2682 1131 2711 uitium
1162 2682 1303 2712 hominis
1335 2682 1460 2711 inconc.
1489 2680 1525 2711 C.
1552 2699 1594 2702 —
1619 2681 1744 2710 scilicet
1777 2690 1837 2710 om.
1865 2679 1902 2709 C.

74 2739 129 2778 18)
156 2740 297 2778 quidam.
323 2741 371 2782 Tb.
398 2741 467 2770 rell.
493 2750 552 2770 om.
582 2758 618 2760 —-
648 2749 704 2769 sua
728 2739 837 2770 uirtute
860 2738 950 2781 “sb,C.
977 2740 1045 2769 rell,
1072 2739 1166 2779 facta
1191 2747 1257 2768 sua.
1295 2738 1496 2768 conficientes
1523 2738 1560 2772 Q.
1587 2738 1657 2767 rell.
1693 2736 1902 2767 confidentes.

75 2795 129 2834 19)
155 2800 262 2826 contra
284 2796 421 2832 vcath.
449 2796 517 2826 duri
542 2797 592 2838 γΙ).
620 2797 688 2826 rell.
713 2797 825 2835 asperi.
852 2815 893 2818 ——
920 2796 976 2826 dni
993 2811 1038 2825 z
1055 2796 1175 2826 domini
1200 2805 1227 2836 γ.
1254 2795 1325 2824 rell.
1351 2794 1429 2824 clam.
1454 2795 1569 2825 uolunt
1595 2803 1646 2824 eos
1671 2794 1829 2832 castigare
1853 2794 1902 2836 γ1).

72 2860 120 2882 uo.
147 2851 183 2882 C.
209 2853 279 2882 rell.
306 2862 359 2883 eos
384 2862 434 2883 uo.
462 2857 541 2883 cast.
570 2862 623 2883 eos
648 2856 729 2882 cast.
756 2852 831 2882 adeo
854 2856 891 2882 ut
916 2851 951 2882 C.
978 2853 1047 2882 rell.
1086 2856 1118 2882 et
1149 2853 1181 2881 in
1214 2855 1352 2881 tantum.
1417 2849 1475 2888 20)
1502 2859 1576 2888 prae
1600 2852 1648 2891 Yb-
1674 2850 1745 2879 rell.
1771 2859 1832 2880 om.
1860 2867 1902 2871 —-

72 2911 114 2944 ita
135 2911 230 2938 tonsa
252 2908 394 2939 uideatur
410 2907 444 2938 C.
464 2918 523 2947 pro
548 2910 650 2939 nimia
675 2910 871 2939 saeueritate
896 2913 987 2938 tensa
1012 2909 1098 2939 dicat
1120 2918 1150 2937 v.
1176 2911 1266 2937 tensa
1290 2917 1359 2937 vca.
1410 2906 1467 2945 21)
1494 2906 1662 2936 habuerint
1685 2905 1771 2936 cafh.
1807 2906 1904 2935 etiam

75 2963 188 2994 dentes
214 2966 281 2994 sint
306 2966 366 2995 atri
390 2966 438 3007 γ1).
465 2970 497 2995 et
521 2966 585 2996 atri
609 2974 718 3004 quoque
743 2966 809 2995 sint
833 2965 947 2995 dentes
971 2963 1006 2995 O.
1031 2965 1102 2995 rell.
1129 2968 1160 2994 et
1185 2965 1248 2994 atri
1274 2965 1341 2993 sint
1366 2964 1492 2993 dentes.
1518 2981 1560 2984 -—
1585 2962 1668 2993 Mire
1692 2980 1735 2984 -
1761 2971 1904 2993 amarum

74 3021 122 3062 γἰ).
148 3021 217 3051 rell.
245 3031 304 3051 om.
365 3021 423 3061 23)
447 3022 503 3063 Yb:
529 3020 664 3051 dentibus
688 3020 774 3050 atris.
801 3030 896 3059 posse
932 3021 1022 3052 tond.
1059 3031 1093 3051 se
1130 3021 1345 3052 commendari
1370 3019 1482 3050 uolunt
1508 3019 1608 3058 aliqui
1646 3029 1682 3049 ex
1707 3020 1767 3049 hoc
1791 3029 1828 3049 ac
1854 3028 1904 3048 se-

76 3077 152 3106 ueri.
178 3078 248 3108 rell.
272 3087 333 3107 om.
359 3077 441 3107 conf.
460 3076 501 3107 C:
528 3079 624 3108 ‘tonsa
648 3081 731 3114 cute,
757 3086 836 3115 quae
861 3081 928 3107 tam
954 3085 1068 3116 aspera
1093 3080 1142 3107 est
1165 3079 1202 3107 ut
1226 3076 1327 3107 barba
1350 3079 1454 3112 tonsa,
1480 3084 1538 3114 qua
1555 3084 1588 3106 se
1605 3075 1822 3106 commendari
1848 3085 1903 3105 uo-

77 3131 159 3171 lunt,
184 3141 221 3164 ac
243 3131 272 3164 εἰ
295 3133 398 3164 seueri
423 3133 539 3164 essent!
595 3131 627 3173 *)
653 3132 806 3171 obsequia
831 3141 890 3163 em.
916 3131 953 3164 C.
967 3131 1143 3164 Hermann.

1916 929 1957 961 10
