2148 3412
234 128 315 169 110
869 134 975 168 Aca.
1001 134 1061 166 ET
1087 132 1253 167 PORPH.
1279 131 1427 164 COMM.

346 264 409 306 79.
438 263 519 305 m'sl
557 277 630 304 nos
672 262 809 304 uicina
857 260 1021 302 Triuici
1070 258 1175 301 Villa
1219 271 1347 313 recep.
1425 256 1461 297 T
1459 255 1589 305 rz‘uz'cz‘,
1621 252 1825 309 oppidum
1857 251 1939 309 [in]
1970 251 2052 294 fine

234 335 495 393 Campaniae
526 343 599 378 est.

345 412 412 452 84.
444 418 527 451 lum
556 409 751 451 innuendo
782 409 934 450 somnia
962 408 1056 449 uisu
1087 407 1332 449 Nocturnam
1362 410 1461 444 uest.
1483 416 1583 444 mae.
1606 408 1736 443 uentr.
1757 414 1845 456 sup.
1907 395 2054 454 Signi-

231 485 341 535 ficat,
373 499 466 526 cum
498 483 551 523 ad
582 483 722 524 nescio
754 497 880 537 quam
910 480 1093 536 puellam
1123 477 1316 527 misisset,
1347 482 1392 517 ut
1412 489 1553 517 secum
1574 479 1774 524 maneret,
1810 472 1927 513 illam
1956 486 2055 528 pro·
2101 506 2107 531 Β

167 567 186 599 5
233 558 395 600 misisse
425 557 595 612 quidem
625 571 669 598 se
698 563 931 605 uenturam,
963 553 1036 596 sed
1066 567 1151 594 non
1179 551 1364 599 uenisse3
1397 564 1522 604 quam
1544 563 1639 590 cum
1660 547 1732 589 diu
1762 551 2055 601 exspectasset,

233 638 444 687 postremo
474 630 747 680 obdormisse,
793 628 945 670 deinde
975 641 1051 683 per
1081 625 1289 668 somnium
1319 622 1622 678 imaginantem
1654 635 1710 671 se,
1757 634 1852 662 cum
1882 619 2056 661 eandem
2104 612 2107 639 '¹

234 704 417 761 puellam
447 703 622 745 uidisset
653 702 944 751 concumbere,
976 715 1102 755 super
1133 714 1176 741 se
1207 699 1344 753 ipsum
1375 703 1576 752 patrasse.

347 779 413 820 87.
445 778 635 820 Mansuri
660 776 860 833 oppidulo,
907 775 1012 830 quod
1041 788 1165 815 uersu
1197 773 1325 814 dicere
1368 784 1449 812 ηοη
1480 778 1544 818 est,
1587 768 1722 824 Siquis
1753 767 1955 823 perfacile
1992 774 2058 808 est.
2104 798 2109 813 .

235 851 417 908 Aequum
447 852 615 893 laticum
646 849 869 905 significat,
902 848 1019 889 cuius
1048 861 1201 889 nomen
1231 846 1473 886 hexametro
1503 858 1629 885 uersu
1660 841 1849 897 conpleri
1878 856 1962 883 non
1983 855 2060 896 po·
2103 839 2109 875 '³-

170 934 210 966 10
235 932 324 966 test.
384 924 481 967 Hoc
511 930 648 966 autem
680 923 755 964 sub
787 922 979 977 exemplo
1015 920 1173 962 Lucilii
1204 919 1355 974 posuit,
1386 933 1485 958 nam
1514 916 1585 957 ille
1615 916 1659 957 in
1689 921 1805 958 sexto
1826 921 2060 957 saturarum
2104 968 2109 976 Ι

236 998 296 1040 sic
326 998 384 1039 ait
414 997 571 1052 (Lucil.
602 1004 692 1039 satt.
723 996 811 1037 rell.
843 995 942 1045 VII,
974 997 1000 1035 4
1033 993 1150 1036 Gerl.
1182 993 1246 1034 ed.
1279 991 1374 1046 Bip.
1406 1006 1445 1045 p.
1479 992 1571 1032 199.
1603 1005 1643 1030 n.
1676 992 1713 1032 5.
1745 989 1852 1031 conf.
1882 987 1984 1029 ibid.
2020 1002 2060 1043 p.
2104 978 2110 1061 Ξ

236 1072 358 1128 267);
406 1071 629 1114 Serum-um
660 1080 717 1112 est
744 1072 868 1125 festus
901 1071 979 1111 dies
1009 1069 1087 1118 hic,
1133 1082 1247 1123 quem
1270 1067 1389 1122 plane
1419 1066 1651 1106 hexametro
1690 1077 1825 1113 uersu,
1870 1077 1949 1104 non
1991 1062 2059 1104 di-

237 1160 325 1187 cere
353 1148 492 1202 possis.

350 1220 416 1260 89.
447 1219 511 1260 90.
542 1219 655 1260 ultra
677 1219 857 1260 Callidus
887 1227 932 1260 ut
962 1218 1088 1259 soleat
1116 1216 1265 1257 umeris
1288 1221 1396 1271 port.
1426 1214 1480 1255 αἱ.
1537 1210 1662 1253 Adeo
1683 1210 1798 1261 dicit,
1819 1209 1888 1252 hic
1906 1208 2064 1251 bonum

171 1303 211 1335 15
237 1306 390 1347 panem
421 1292 525 1342 fieri,
556 1299 613 1342 ut,
660 1292 732 1347 qui
763 1291 905 1333 callidi
935 1291 961 1331 i.
994 1305 1027 1332 e.
1060 1289 1184 1345 periti
1215 1289 1297 1330 sint
1326 1287 1439 1328 illius
1468 1285 1564 1327 uiae
1595 1300 1644 1327 ac
1674 1285 1807 1326 sciant
1836 1283 1947 1325 ultra
1975 1297 2064 1325 me·-
2106 1328 2109 1339 Ι

236 1365 384 1407 liorem
414 1380 567 1420 panem
598 1380 682 1406 non
713 1380 816 1415 esse,
847 1365 946 1405 inde
977 1364 1057 1405 sibi
1088 1364 1235 1405 ferant.
2106 1407 2110 1419 2

351 1440 416 1480 91.
446 1453 567 1495 aquae
596 1454 676 1480 mm
707 1440 825 1480 dv'le'or
853 1453 973 1480 urna.
1033 1436 1102 1478 De
1134 1435 1321 1478 Canusio
1351 1435 1430 1476 hoc
1475 1433 1641 1483 dicitur,
1686 1447 1771 1474 non
1816 1431 1868 1472 de
1913 1430 2064 1486 Aequo

237 1512 379 1562 tutico,
412 1512 530 1554 cuius
561 1527 689 1567 supra
720 1512 779 1567 (u.
812 1513 886 1563 87)
917 1509 1196 1552 meminimus.

351 1587 415 1628 93.
445 1587 626 1643 flentibus
670 1586 762 1627 ltine
803 1586 947 1626 Varius
993 1584 1155 1625 discedit
1199 1590 1331 1624 maest.
1378 1597 1454 1623 mn.
1527 1579 1624 1622 Non
1655 1579 1708 1622 ob
1739 1579 1865 1621 aliam
1897 1592 2066 1621 causam

171 1670 213 1703 20
237 1659 445 1710 fientibus,
476 1660 549 1701 sed
582 1658 792 1715 [maestus]
812 1658 969 1700 dictum
1000 1664 1062 1698 est
1091 1657 1144 1698 ob
1174 1662 1362 1697 mutuum
1394 1653 1661 1696 desiderium.

351 1735 417 1774 97.
450 1734 515 1775 98.
549 1734 688 1774 dehinc
723 1733 872 1774 Gnatia
903 1731 1072 1788 lymphis
1103 1731 1227 1772 Iratz‘s
1266 1738 1389 1771 exstr.
1461 1727 1547 1769 Per
1591 1728 1688 1770 haee
1733 1740 1899 1782 quoque
1943 1724 2066 1781 oppi-
2112 1725 2116 1731 “

239 1806 383 1848 dulum
414 1806 624 1863 significat
653 1805 831 1861 penuria
862 1819 996 1860 aquae
1027 1803 1233 1846 laborare.
1529 1818 1533 1822 ·

378 1954 409 1998 1)
433 1956 549 1986 Villzcla
573 1955 637 1986 MG
662 1955 743 1997 (non
768 1957 857 1992 item,
882 1959 915 1984 ut
942 1955 969 1990 Q
994 1954 1064 1992 ref„
1090 1963 1121 1991 v,
1148 1962 1228 1992 quae
1253 1953 1352 1982 habet
1375 1952 1450 1982 fulla
1473 1953 1609 1991 cepisset
1634 1962 1690 1990 pro
1722 1951 1799 1982 Villa
1822 1950 1942 1990 recep.)
1967 1968 2007 1971 —-
2034 1950 2068 1980 in

242 2023 302 2044 om.
327 2013 397 2043 MR.
447 2014 481 2052 3)
507 2014 625 2044 Totum
651 2014 747 2043 schol.
774 2022 833 2042 om.
860 2013 926 2042 afh.
974 2011 1010 2050 4)
1039 2020 1109 2041 cum
1134 2011 1174 2040 ad
1199 2020 1307 2048 aquam
1331 2010 1436 2039 nescio
1461 2009 1559 2047 puell.
1587 2009 1617 2038 2.
1667 2008 1701 2047 5)
1728 2008 1856 2047 quidem
1881 2017 1941 2037 om.
1970 2007 1999 2036 2.
2027 2024 2068 2028 --

242 2074 426 2109 expectaret
450 2071 487 2100 R.
515 2079 609 2108 quam
648 2087 686 2090 —-
725 2072 950 2107 exspectasset
974 2077 1033 2097 om.
1061 2068 1090 2096 2.
1156 2067 1190 2105 6)
1219 2076 1357 2096 somnum
1378 2066 1482 2095 MRA.
1509 2066 1578 2095 rell.
1603 2064 1769 2095 somnium.
1801 2065 1886 2094 Plin.
1912 2063 1982 2101 XX,
2012 2064 2067 2094 13:

241 2128 396 2157 Venerem
420 2127 529 2157 crebro
548 2136 607 2164 per
631 2125 745 2155 somnia
770 2125 1036 2163 imaginantibus.
1063 2124 1144 2153 ibid.
1172 2124 1207 2152 7:
1239 2123 1430 2161 imaginatio
1456 2123 1628 2152 libidinum
1652 2121 1684 2151 in
1710 2131 1825 2152 somne.
1853 2120 2069 2151 obdormuz'sse

240 2193 271 2213 v.
290 2200 329 2204 —-
350 2192 456 2212 secum
480 2182 553 2212 MA.
581 2191 614 2212 se
639 2192 709 2212 cum
734 2181 857 2219 R2‚vQ.
882 2182 1000 2210 uidisse
1017 2180 1056 2209 A.
1108 2180 1141 2218 7)
1168 2188 1262 2217 super
1288 2189 1322 2209 se
1338 2179 1509 2216 MRA,vQ.
1541 2180 1715 2209 eoncubere
1740 2179 1776 2207 R.
1827 2178 1861 2217 9)
1886 2187 2010 2217 aequum
2028 2194 2066 2198 —-

240 2240 372 2269 tuticum
396 2239 440 2269 M.
465 2240 596 2278 Aequum
619 2239 757 2269 tuticum
782 2238 844 2267 A2.
871 2237 1081 2267 eczmtuticum
1106 2236 1141 2265 R.
1169 2235 1314 2275 Aequum
1339 2236 1482 2266 triticum
1506 2246 1537 2266 v.
1568 2235 1807 2275 Equumtutium
1832 2234 1899 2265 afh.
1926 2233 1966 2264 cf.
1991 2234 2066 2264 Aer.

241 2314 284 2317 -
309 2299 468 2326 eaeametro
493 2295 597 2332 May.
622 2298 775 2325 exemetro
802 2294 841 2324 G.
870 2311 909 2315 -—
937 2293 1095 2332 complecti
1117 2294 1204 2323 vafh.
1256 2291 1312 2332 10)
1337 2293 1437 2322 lucilii
1454 2291 1564 2331 ΜΕΝ.
1592 2293 1649 2322 sub
1675 2302 1735 2322 om.
1761 2291 1851 2322 vafh.
1879 2309 1918 2312 -—
1946 2292 1980 2320 in
2004 2300 2068 2329 sep·
2110 2319 2114 2326 ,

241 2352 312 2382 tima
337 2352 443 2392 Satyr.
475 2352 659 2391 v(V11)afh.
684 2355 764 2381 seaeto
789 2355 964 2381 saturarum
987 2350 1022 2379 M
1053 2351 1085 2379 in
1117 2349 1170 2379 VI.
1196 2354 1372 2379 satan-arum
1395 2349 1433 2379 A.
1459 2350 1493 2379 in
1523 2353 1603 2379 seoeto
1629 2353 1803 2388 satyrarum
1828 2348 1854 2377 R
1878 2348 1911 2377 in
1936 2344 1994 2376 VI⁰
2019 2357 2068 2377 sa-

240 2413 381 2448 tyrarum
408 2410 438 2439 2.
458 2409 559 2447 posuit
582 2413 614 2438 et
637 2408 687 2438 ille
712 2418 771 2438 om.
797 2407 861 2437 afh.
888 2406 971 2436 conf.
999 2406 1120 2436 Heusd.
1145 2406 1184 2435 de
1209 2405 1332 2435 Lucilio
1361 2407 1433 2435 144.
1496 2407 1551 2446 12)
1577 2410 1735 2436 exametro
1759 2404 1879 2441 MR2,v
1902 2408 1938 2434 ut
1962 2414 2066 2442 supra.

245 2465 300 2504 14)
326 2465 446 2495 calidus
471 2465 514 2501 M,
540 2466 573 2494 in
598 2465 697 2495 schol.
724 2464 844 2494 callidi.
869 2464 989 2493 umeris
1014 2463 1057 2499 M,
1083 2467 1119 2492 ut
1145 2472 1229 2492 omn.
1256 2465 1336 2492 uett.
1360 2463 1450 2492 codd.
1470 2463 1561 2500 Hor.,
1585 2463 1654 2492 rell.
1671 2461 1753 2491 hum.
1806 2461 1860 2499 15)
1886 2462 1959 2490 uiae
1976 2460 2069 2490 MAR

242 2521 330 2562 (uiae
355 2522 472 2561 illius).
500 2522 569 2551 rell.
596 2531 655 2552 om.
682 2530 719 2550 ac
742 2521 900 2557 MRA2‚v.
928 2523 959 2550 et
985 2519 1055 2555 GQ.
1082 2529 1119 2549 ac
1144 2520 1247 2549 sciant
1272 2519 1329 2549 ult.
1354 2520 1428 2548 mel.
1454 2529 1503 2557 pa.
1530 2528 1593 2548 non
1617 2527 1687 2548 esse
1703 2527 1764 2548 om.
1789 2517 1856 2547 afh.
1881 2527 1917 2548 ac
1939 2517 2014 2547 sicut
2036 2527 2066 2547 u.

242 2588 282 2609 m.
308 2588 337 2616 p.
363 2588 394 2607 n.
421 2587 491 2608 esse
515 2588 535 2607 v
562 2578 639 2616 (non
664 2578 762 2607 habet
787 2581 814 2606 ec
836 2576 941 2613 sciant,
980 2580 1015 2605 ut
1040 2576 1096 2605 ref.
1124 2575 1179 2613 Q).
1247 2575 1302 2614 17)
1329 2576 1444 2605 dulcior
1468 2573 1693 2614 MR2G(Q),v.
1719 2574 1810 2604 ditior
1834 2573 1901 2604 afh.
1926 2578 2012 2604 recte
2038 2577 2068 2603 et

242 2639 372 2673 propter
395 2645 513 2671 urnam,
541 2645 623 2673 quae
647 2644 709 2664 non
735 2635 838 2663 dulles
865 2638 924 2670 est,
951 2637 982 2662 et
1008 2633 1091 2669 ideo,
1117 2633 1201 2671 quod
1226 2643 1306 2671 aqua
1329 2632 1424 2661 <lalcis
1460 2633 1631 2670 opponitur
1668 2632 1810 2660 marinae
1846 2640 1946 2669 aquae
1970 2631 2068 2671 (Plin.

241 2692 325 2729 XIV,
353 2693 383 2721 G.
421 2691 506 2729 XIX,
536 2694 563 2720 1.
600 2690 665 2721 Cic.
691 2690 760 2720 Att.
787 2690 812 2726 Ι,
844 2691 893 2727 16,
919 2691 970 2718 uel
1007 2690 1130 2719 marino
1166 2690 1291 2719 humori
1330 2688 1396 2718 Cic.
1423 2689 1462 2718 N.
1489 2689 1529 2718 D.
1554 2688 1596 2725 II,
1626 2688 1694 2727 16),
1730 2692 1766 2718 ut
1802 2688 1888 2717 Plin.
1914 2687 2011 2723 XXV,
2039 2687 2068 2717 3.

243 2748 373 2782 XXXII,
399 2749 428 2777 4.
456 2748 541 2777 IIirt.
568 2748 665 2777 Alex.
693 2748 723 2776 8.
751 2748 780 2776 9.
818 2746 915 2776 Ouid.
941 2746 976 2775 P.
1001 2746 1039 2782 V,
1070 2747 1119 2783 10,
1148 2747 1199 2775 63.
1239 2763 1277 2767 ῃ
1316 2746 1432 2775 dicitur
1457 2745 1518 2774 MR
1545 2744 1611 2783 (hic
1637 2744 1781 2783 dicitur).
1810 2744 1885 2774 dicit
1909 2742 2067 2782 2G(Q),v.

244 2815 303 2834 om.
331 2804 394 2834 afh.
447 2805 501 2843 18)
527 2804 701 2833 aecotutieo
726 2803 770 2832 M.
795 2804 874 2832 Aeco
898 2803 1000 2831 tutico
1024 2802 1096 2832 AG.
1121 2811 1169 2832 eco
1194 2802 1270 2831 tutio
1295 2802 1330 2831 R.
1357 2811 1428 2840 equo
1452 2802 1550 2831 tutico
1578 2802 1606 2831 2.
1645 2802 1819 2840 equotutico
1844 2811 1874 2830 v.
1900 2799 2069 2838 Equotutio

244 2860 307 2890 ash.
333 2862 409 2890 Aeco
434 2861 528 2890 tutlco
554 2860 580 2896 Q
607 2861 638 2890 in
664 2860 792 2898 Porph„
831 2859 993 2897 Equotutio
1018 2859 1050 2888 in
1073 2858 1146 2888 Aer.
1213 2859 1267 2898 19)
1294 2859 1379 2888 desc.
1405 2862 1529 2888 mustus
1554 2858 1588 2887 M
1614 2858 1687 2896 (Η).
1715 2857 1869 2887 discendit
1892 2860 2007 2886 maest.
2032 2856 2067 2885 R.
2112 2846 2115 2870 ἒ

245 2918 303 2958 20)
328 2922 455 2947 maestus
480 2928 538 2947 om.
563 2917 606 2946 M.
632 2921 749 2947 mestus
775 2916 810 2945 R.
836 2917 905 2946 rell.
930 2920 1090 2945 moestum.
1117 2915 1190 2945 Non
1214 2916 1253 2945 ob
1279 2933 1320 2935 —
1347 2915 1403 2944 sed
1428 2924 1488 2945 om.
1514 2914 1579 2952 afh,
1606 2915 1660 2953 qui
1684 2915 1803 2944 habent
1819 2914 1965 2943 Moestum
1988 2912 2067 2950 dicit,

243 2974 315 3004 rell.
340 2992 383 2995 —-
409 2975 531 3003 dictum
557 2977 616 3003 cst.
678 2972 736 3012 21)
761 2977 857 3002 exstr.
882 2972 926 3009 M,
960 2977 995 3002 ut
1018 2982 1044 3013 γ.
1071 2973 1101 3000 11.
1128 2972 1148 3000 1.
1175 2972 1306 3009 aliique,
1344 2976 1417 3001 επεν.
1446 2971 1555 3001 Ambr.
1581 2971 1651 3000 ED.
1688 2971 1808 3000 Bernn.
1844 2969 1903 3000 AO
1941 2973 2000 2999 ete.
2027 2986 2067 2990 ν-

244 3030 347 3060 dehinc
372 3028 671 3069 MR2‚vaf11Q<G?).
697 3029 765 3059 dein
789 3039 860 3059 cum
886 3030 927 3067 gl.
955 3029 1072 3058 dehinc
1095 3027 1206 3057 Ambr.
1234 3028 1342 3057 dehinc
1359 3028 1445 3057 EBD
1472 3027 1541 3057 (lein
1564 3027 1658 3057 Baro.
1684 3027 1805 3057 Bernn.
1823 3025 1880 3058 AG
1907 3030 1967 3056 etc.
1993 3034 2067 3064 gna-

245 3088 291 3117 tia
316 3087 438 3126 lymph.
466 3086 506 3118 M.
528 3088 637 3126 ⁸qratia
661 3087 773 3124 Iimph.
798 3086 833 3114 R.
860 3085 952 3114 Fran.
979 3085 1035 3123 gra
1054 3084 1126 3121 G,v.
1148 3084 1272 3123 lymphis
1297 3094 1327 3113 v.
1354 3084 1438 3115 conf.
1465 3084 1539 3113 Aer.
1565 3084 1591 3113 E
1617 3084 1715 3113 habet
1740 3084 1879 3122 grracia.
1930 3081 1988 3121 22)
2013 3091 2067 3121 pe-

245 3144 334 3173 nurie
357 3143 400 3172 M.
427 3152 482 3181 per
506 3144 585 3173 haee
612 3161 648 3164 —-
676 3143 822 3173 laborare
846 3141 944 3171 MA2.
971 3140 1117 3179 oppidum
1142 3142 1171 3170 2.
1197 3140 1258 3170 Per
1282 3140 1335 3171 lwc
1361 3158 1401 3162 -
1427 3141 1570 3171 laborare
1594 3150 1615 3170 v
1639 3145 1672 3171 et
1696 3137 1819 3180 (G?)Q.
1844 3139 1914 3171 Hoc
1937 3142 2067 3179 propter
