2148 3412
172 142 254 182 472
803 150 908 183 ACR.
934 150 993 182 ET
1018 149 1184 183 PORPH.
1211 149 1358 183 COMM.

285 276 348 316 58.
382 276 446 316 59.
481 274 563 316 Nec
583 274 702 314 semel
721 274 872 315 inrisus
894 274 1024 314 crz'uz'zs
1057 274 1134 314 aclt.
1167 288 1228 314 cu.
1263 274 1405 315 Fracto
1428 288 1485 315 cr.
1512 273 1692 315 Planum.
1755 271 1871 329 [Hoc
1892 272 1993 329 θεῖε]

172 347 364 401 exemplo
387 346 610 402 significat,
649 360 879 400 numquam
901 351 1047 401 postea
1069 345 1324 387 crediturum
1346 360 1599 400 quemquam
1621 359 1710 387 esse
1741 345 1866 387 etiam
1896 359 1997 387 uera

171 420 326 462 dicenti
371 419 423 470 ei,
470 419 542 474 qui
586 419 704 461 falsis
750 418 874 460 rebus
911 419 1052 461 onmia
1081 419 1178 460 fidei
1210 425 1458 474 argumenta
1504 418 1821 474 consumpserit.
1881 417 1997 459 Hinc

170 493 294 534 etiam
336 492 607 548 prouerbium
656 500 799 534 natum
830 498 891 534 est
922 491 1035 546 (Cic.
1067 507 1144 547 pro
1176 491 1320 545 Quint.
1346 494 1395 533 17
1419 494 1437 547 ξ
1461 493 1554 546 55);
1592 493 1675 542 Qua·
1701 492 1818 534 semel
1848 506 1996 533 scurra

105 576 121 603 5
170 580 387 622 numquam
415 575 532 623 pater
562 568 752 619 familias.
831 564 888 606 Et
917 572 979 606 est
1014 566 1139 607 ordo:
1185 565 1275 606 Nee
1313 564 1514 607 adtollere
1553 571 1669 606 curat
1706 565 1838 606 fracto
1876 578 1997 606 crure

169 638 351 681 Planum
383 639 512 681 semel
543 639 697 681 inrisus
733 639 882 681 triuiis.
943 639 1061 695 (Hoc
1091 639 1198 694 estP)
1229 637 1333 689 Nec,
1370 638 1404 679 si
1435 652 1533 679 uere
1565 652 1659 679 crus
1688 637 1864 694 fregerit
1896 636 1998 678 Pla-

169 727 259 762 nuS,
306 713 510 754 creditur:
558 712 732 754 ulterius
764 712 846 763 ille,
892 712 964 768 qui
995 712 1047 754 ab
1079 712 1151 753 illo
1181 711 1335 753 inrisus
1366 720 1428 753 est
1458 711 1598 761 semel,
1647 710 1724 767 [et]
1761 725 1857 752 eum
1886 710 1999 751 haud

171 784 398 841 [ad]tollet,
432 786 589 841 quippe
621 801 715 827 cum
746 785 893 827 eadem
923 785 1050 827 faeiat
1076 785 1121 826 in
1142 799 1242 826 uero
1264 784 1421 834 dolore,
1453 798 1560 840 quae
1595 784 1679 825 iam
1716 784 1880 839 pridem
1901 783 2000 825 feeit

169 858 213 899 in
242 858 361 900 falso.
422 860 596 901 Planum
626 865 762 900 autem
794 873 982 900 scurram
1013 858 1116 899 dicit
1127 874 1137 907 3
1184 858 1245 900 sic
1280 858 1418 901 Cicero
1449 858 1546 912 (pro
1579 855 1745 899 Cluent.
1777 856 1870 912 26):
1919 857 1999 898 Iste

105 937 143 969 10
169 931 262 986 (Ille
293 930 426 973 Orell.
457 935 475 987 ξ
508 933 580 987 72)
610 933 757 974 Planus
789 932 1104 988 z'nprobissimus.

284 1006 461 1046 60—62.
498 1006 661 1047 Osirim.
725 1006 856 1047 Osiris
905 1004 1215 1063 Aegyptiorum
1261 1005 1376 1054 deus,
1423 1004 1478 1045 ad
1521 1018 1646 1059 quem
1690 1003 1764 1045 illo
1807 1009 1996 1059 tempore

169 1078 352 1120 iuratum
382 1077 572 1120 homines
604 1078 878 1120 ducebantur.

287 1152 442 1194 Credite
472 1167 553 1193 non
585 1152 692 1193 ludo.
754 1150 933 1206 Μίμησις
963 1151 1002 1192 h.
1035 1165 1069 1192 e.
1099 1150 1289 1192 imitatio.

276 1227 550 1282 percyrz'num.
625 1226 892 1281 Pereqrz'num
922 1239 999 1280 pro
1028 1226 1238 1280 z'ynorantz'
1262 1223 1414 1279 posuit,
1459 1223 1566 1264 sicut
1605 1223 1767 1279 (Cicero
1796 1235 1874 1277 pro
1904 1221 1998 1263 Mil.

105 1304 143 1334 15
172 1299 223 1340 12
254 1300 272 1353 ξ
306 1300 399 1352 33);
437 1301 500 1340 Tu
531 1298 671 1354 hospes
701 1300 744 1339 in
773 1299 850 1340 Ιιαο
879 1299 978 1340 ιιινῦε
1006 1298 1217 1340 uersaris?
1254 1305 1345 1339 tuae
1370 1297 1689 1354 pereqrz'nantur
1717 1298 1868 1338 aures?

282 1373 435 1415 uicinia
468 1387 597 1414 rauca
627 1372 832 1414 reclamat.
873 1372 1002 1414 Vicini
1028 1371 1321 1413 uociferantes.

789 1586 1165 1643 EPISTVLA
1204 1587 1245 1653 Ι,
1288 1587 1363 1639 18.

992 1696 1181 1740 ACRON.

281 1797 497 1853 Praecipit
528 1798 573 1838 in
602 1798 681 1839 hac
718 1798 910 1853 epistula,
942 1798 1190 1853 fugiendum
1220 1811 1310 1839 esse
1349 1797 1499 1839 uitium
1535 1797 1788 1840 adulationis
1823 1805 1864 1840 et
1901 1813 1999 1840 con-

169 1870 298 1913 trario
315 1871 497 1913 duritiae
526 1870 682 1913 nimiae
712 1871 875 1921 uitium,
906 1878 951 1912 ut
981 1885 1118 1925 neque
1148 1870 1378 1913 adulationi
1409 1870 1620 1913 deseruiat
1649 1871 1745 1926 quis
1775 1878 1828 1921 et,
1858 1871 1893 1913 si
1921 1872 2000 1912 du-

104 1668 145 1699 20

289 2061 322 2098 1)
348 2060 463 2090 inrisus
488 2059 531 2089 M.
548 2076 587 2081 —-
603 2059 672 2089 Hoc
697 2064 738 2089 est
763 2068 892 2097 exemp.
916 2059 988 2089 MR.
1018 2059 1088 2089 Hoc
1111 2058 1190 2088 enim
1213 2068 1336 2098 exemp.
1363 2060 1484 2097 2,vafh.
1511 2063 1682 2100 utrumque
1706 2070 1767 2091 om.
1794 2059 1832 2096 Q.
1881 2061 1916 2100 2)
1940 2069 2002 2091 esse

173 2118 205 2146 et
228 2116 257 2146 εἰ
280 2115 510 2153 om.R2‚vaih.
561 2116 596 2155 3)
622 2117 711 2145 fastis
736 2116 782 2145 fh.
809 2116 879 2145 rell.
907 2115 1012 2145 falsis.
1062 2115 1097 2155 6)
1121 2115 1237 2145 irrisus
1262 2116 1293 2146 in
1316 2117 1392 2146 triu.
1419 2118 1545 2147 irrisam
1568 2117 1600 2146 in
1623 2118 1698 2148 triu.
1725 2126 1753 2147 a.
1781 2117 1875 2147 irrius
1893 2117 1909 2147 f:
1925 2118 2000 2147 triu.

171 2181 202 2202 v.
252 2173 286 2211 6)
312 2172 378 2202 Nec
402 2171 534 2210 reliquid
556 2171 632 2210 (sic)
659 2181 729 2202 erus
757 2172 785 2202 2.
814 2181 872 2201 nec
896 2171 1038 2210 relinquit
1062 2181 1132 2201 crus
1149 2171 1219 2201 MR.
1270 2173 1303 2210 7)
1329 2174 1438 2211 planus
1463 2174 1528 2203 afh.
1554 2173 1687 2212 planicis
1710 2184 1742 2207 v,
1766 2174 1836 2203 rell.
1862 2174 1999 2212 planum.

141 2242 147 2248 ·
171 2228 306 2257 crederet
328 2227 517 2265 MRQvafh.
546 2228 699 2267 (credent)
725 2228 825 2258 credet
848 2228 885 2264 Q.
912 2228 1090 2258 crederetur
1113 2237 1171 2258 nec
1195 2228 1428 2268 Dillenburger
1452 2239 1482 2268 p.
1513 2231 1562 2259 17.
1578 2248 1617 2251 —-
1636 2235 1668 2260 et
1694 2240 1764 2260 eum
1788 2229 1917 2260 adtollet
1938 2229 2000 2259 MR

171 2282 335 2322 (attollet).
361 2294 413 2314 uec
437 2284 526 2314 semel
548 2294 613 2314 eam
636 2284 789 2315 attolleret
813 2285 878 2314 afh.
904 2286 956 2316 irr.
984 2290 1000 2314 e
1026 2285 1124 2315 semel
1150 2285 1226 2323 (om.
1253 2286 1300 2325 et)
1327 2295 1397 2316 cum
1422 2286 1586 2316 attolleret
1612 2297 1641 2317 v.
1667 2287 1778 2325 posui:
1818 2295 1888 2316 eum
1913 2287 2000 2316 haud

170 2340 274 2370 tollet.
336 2340 372 2379 8)
399 2341 489 2370 faciet
513 2343 543 2371 2.
571 2359 613 2362 *-
639 2341 748 2371 fecerit
769 2342 812 2371 rh.
839 2342 916 2372 facit
941 2341 1011 2371 MR.
1044 2342 1114 2371 rell.
1147 2342 1235 2372 fecit.
1272 2342 1342 2385 Βφε
1375 2342 1514 2372 Planum.
1545 2342 1662 2373 Planus
1691 2343 1852 2382 proprium
1885 2352 1999 2373 nomen

171 2405 297 2427 scurrae
322 2397 584 2435 z’mprobatissimi
610 2402 642 2428 et
667 2398 917 2428 mendacissimi.
946 2402 977 2428 et
1002 2399 1133 2436 ponitur
1157 2408 1215 2437 pro
1239 2399 1385 2437 quolibet
1410 2400 1492 2430 falso
1521 2400 1624 2430 amico
1661 2400 1715 2439 qui
1751 2400 1851 2429 alium
1886 2399 2000 2437 eoepoli-

169 2454 252 2485 ando
279 2454 413 2484 deridet.
462 2455 553 2485 Dicit
578 2464 654 2493 ergo
680 2456 755 2493 quia
780 2455 878 2485 semel
906 2456 1022 2485 irrisus
1049 2459 1098 2485 est
1123 2456 1162 2485 ab
1187 2465 1223 2486 eo
1249 2456 1348 2485 etiam
1374 2457 1401 2485 si
1426 2465 1517 2486 crura
1542 2456 1674 2494 fregerit
1709 2454 1768 2485 sibi
1790 2457 1859 2493 ipse
1883 2455 2000 2494 planus

171 2519 235 2541 non
260 2511 401 2540 credetur
425 2510 452 2540 ei
475 2519 576 2549 neque
601 2515 693 2541 curat
716 2511 860 2541 Atollere
887 2520 955 2540 eum
983 2511 1022 2541 de
1045 2511 1152 2541 triuio.
1179 2512 1297 2550 quippe
1322 2521 1393 2542 cum
1422 2513 1533 2542 eadem
1568 2511 1669 2542 faciat
1707 2513 1741 2541 in
1777 2521 1855 2542 uero
1893 2512 2001 2542 dolore

171 2567 255 2605 quod
280 2568 344 2597 iam
368 2568 492 2605 pridem
517 2567 594 2597 facit
622 2568 656 2597 in
681 2567 773 2597 falso.
826 2567 881 2605 12)
908 2567 1028 2597 iratum
1054 2569 1084 2597 2.
1138 2569 1192 2607 13)
1219 2568 1349 2599 Lemma
1373 2568 1484 2599 credite
1506 2578 1565 2599 non
1589 2569 1658 2599 luclo
1683 2578 1742 2599 om.
1768 2568 1860 2598 vafh.
1878 2585 1921 2589 -
1938 2577 2000 2597 me-

170 2624 268 2654 mesis
292 2624 359 2654 ΜΞ.
396 2624 531 2654 mimisis
556 2634 587 2654 v.
655 2624 711 2664 14)
736 2625 859 2664 Pereyr.
886 2633 942 2662 pro
967 2624 1010 2654 M.
1036 2642 1078 2646 ——
1104 2625 1187 2655 sieut
1211 2625 1334 2655 dextrae
1358 2635 1388 2663 p.
1415 2634 1508 2655 aures
1539 2625 1610 2655 MR.
1648 2623 1729 2655 Cum
1753 2625 1805 2654 his
1835 2624 1942 2654 uerbis
1968 2625 2000 2654 in

171 2684 305 2719 utroque
331 2684 452 2710 exeunt
479 2681 604 2710 scholia
631 2681 663 2711 h.
690 2689 751 2719 ep.‚
789 2684 919 2719 antepo.
944 2680 1057 2711 uicinia
1081 2690 1126 2711 ra.
1151 2682 1225 2712 recl.
1255 2682 1357 2712 uicini
1377 2681 1576 2713 uociferancis
1592 2680 1677 2717 th:
1715 2680 1764 2710 Tu
1788 2684 1872 2712 tuae.
1899 2679 1998 2719 G,va:

172 2737 249 2766 sicat
272 2741 396 2767 uestrae.
426 2737 462 2767 2:
486 2737 531 2767 sic
554 2740 685 2767 uestrae
709 2746 739 2775 p.
768 2745 871 2766 aures.

284 2792 442 2823 ACRON.
505 2793 565 2822 AD
593 2792 788 2823 LOLLIVM
811 2803 829 2835 γ
865 2792 976 2822 ADJO
1001 2794 1110 2823 Ambr.
1136 2794 1228 2824 Bai-c.
1254 2794 1349 2824 Bern.
1375 2793 1411 2824 O.
1437 2804 1522 2825 num.
1553 2795 1660 2826 XVIII
1690 2795 1765 2825 add.
1796 2794 1890 2824 Fran.
1924 2793 1998 2823 Par.

174 2849 270 2878 7984.
320 2850 379 2879 AD
407 2849 600 2879 LOLLIVM
624 2849 682 2879 DE
708 2848 835 2880 MODO
863 2848 1175 2884 OBSEQVIORVM
1200 2850 1256 2880 ET
1282 2850 1528 2881 LIBERTATE
1554 2849 1825 2891 (LIBERTATIS
1850 2850 1864 2879 1
1889 2848 1997 2886 Sorb.)

174 2904 247 2933 HIP
272 2904 362 2935 Sorb.
390 2906 450 2935 AD
477 2906 644 2937 LOLIVM
667 2906 694 2935 E
722 2905 809 2945 (lolio
834 2907 854 2936 b
879 2907 912 2935 in
936 2905 1089 2945 argum).

288 2962 344 2999 22)
369 2962 438 2991 Hoc
462 2971 586 3000 argum.
614 2961 770 3001 Praecipit
788 2979 825 2983 ——
854 2961 1005 2991 abiciatur
1030 2963 1165 3000 petitum
1192 2967 1240 2992 est
1267 2972 1308 2992 ex
1333 2963 1437 3006 γὺΒφ.
1463 2964 1546 2993 conf.
1569 2962 1604 2999 C,
1629 2963 1682 3001 qui
1708 2963 1847 3001 priorem
1872 2965 1998 2992 tantum

174 3020 298 3054 partem
324 3018 420 3047 habet
447 3027 544 3056 usque
569 3019 610 3048 ad
635 3028 665 3048 u.
692 3017 824 3057 castiyet.
851 3018 920 3047 rell.
947 3027 1006 3047 om.
1037 3018 1235 3056 Praecipitem*
1260 3018 1296 3048 C.
1321 3037 1362 3040 -a
1389 3020 1581 3049 adolationis
1605 3020 1635 3048 b.
1700 3019 1757 3057 23)
1784 3022 1815 3048 et
1840 3019 2000 3048 contrario

173 3073 222 3114 ·fb.
250 3078 281 3102 et
306 3083 319 3101 e
345 3074 507 3103 contrario
531 3075 649 3104 uitium
674 3075 750 3107 nim.
777 3074 847 3111 dur.
873 3074 935 3117 Βφ.
961 3078 994 3104 et
1017 3078 1124 3105 contra
1148 3074 1269 3104 nimiae
1293 3074 1430 3105 duritiei.
1457 3074 1562 3110 Quare
1587 3075 1641 3113 qui
1666 3074 1751 3104 adul.
1776 3072 1812 3104 C.
1842 3091 1883 3096 -
1910 3074 1999 3103 duri-

174 3130 243 3158 ciae
268 3129 296 3158 b.
324 3146 366 3150 —-
391 3134 426 3158 ut
453 3138 553 3168 neque
578 3131 681 3173 γὺΒφ.
707 3148 749 3152 —-
775 3131 904 3170 quisque
928 3130 990 3173 Βφ.
1017 3134 1048 3161 et
1075 3131 1101 3161 si
1126 3130 1295 3162 adulationi
1317 3130 1387 3162 uult
1410 3131 1473 3174 Βφ.
