2148 3412
86 937 125 969 10

86 1305 124 1335 15

157 138 239 178 426
790 148 895 180 ACR.
922 149 981 180 ET
1006 148 1172 180 Pourn.
1200 147 1348 181 coMM.

269 272 333 313 10.
371 271 493 326 thue
524 271 679 312 sacerd.
711 272 912 326 suffl'tiuus
944 272 1022 313 liba
1053 286 1205 313 recuso.
1268 269 1354 321 Sic,
1392 271 1542 326 inquit,
1574 271 1743 313 fastidia
1772 285 1839 313 me
1870 271 1983 314 adsi-

155 345 261 386 duae
291 344 407 385 urbis
452 351 606 393 tenent,
653 351 692 384 et
723 358 802 399 ego
834 360 904 385 rus
935 359 1042 394 amo,
1089 344 1444 398 quemadmodum
1489 345 1696 401 fugitiuus
1741 344 1982 395 sacerdotis,

153 417 225 472 qui
255 417 342 458 liba
372 417 424 458 sit
456 417 580 458 edere
611 423 845 459 consuetus.
907 415 1016 458 Cum
1048 417 1156 473 fugit
1188 417 1356 459 fastidio
1387 417 1515 473 longo
1535 417 1798 469 libaminum,
1829 433 1983 473 panem

152 497 312 531 tantum
357 489 568 532 desiderat
613 497 654 530 et
697 490 860 540 laudat3
907 490 964 531 ita
995 498 1035 531 et
1067 505 1146 546 ego
1178 506 1248 533 rus
1280 491 1491 532 ciuitatem
1524 491 1768 547 neglegens.
1828 491 1983 533 Totum

153 564 394 619 allegorice.

266 638 330 678 16.
366 637 504 679 Leniat
525 645 561 679 et
586 638 672 678 rab.
701 637 831 679 Canis.
893 636 1024 687 Dicit,
1057 638 1144 678 ruri
1176 637 1365 679 homines
1396 652 1479 679 non
1510 637 1621 679 laedi
1651 637 1720 679 uel
1752 635 1983 680 Caniculae

151 710 219 751 uel
249 709 410 752 Leonis
443 710 577 766 signo.

265 786 330 826 29.
368 786 499 835 Quam
530 786 600 841 qm?
625 799 705 826 ηοη
733 785 888 840 polerit.
965 782 1061 824 Hoc
1105 782 1181 824 ait:
1231 782 1393 824 Simili.
1417 797 1572 838 genere
1617 791 1657 824 et
1700 798 1784 825 non
1829 784 1983 826 minori

151 857 334 912 dampno
366 857 583 899 adficietur
614 872 740 911 quam
770 856 1021 911 negotiator,
1068 856 1140 909 qui
1171 870 1316 897 ueram
1347 855 1523 911 Tyriam
1568 863 1607 897 et
1637 857 1732 898 fuco
1764 855 1981 912 Aquinate

150 930 324 972 tinctam
355 931 594 972 discernere
624 945 708 971 non
740 930 941 984 potuerit:
980 944 1063 970 non
1096 937 1255 970 tantum
1279 929 1453 984 dampni
1476 929 1658 984 patietur
1679 945 1804 984 quam
1827 932 1981 986 (quan-

149 1006 257 1059 tum)
288 1005 336 1054 is,
369 1004 441 1058 qui
471 1019 572 1046 uera
604 1003 713 1045 bona
745 1004 809 1059 (a)
840 1003 957 1044 falsis
989 1002 1228 1044 discernere
1260 1018 1343 1044 non
1375 1002 1545 1044 ualebit.

262 1079 327 1119 40.
359 1079 563 1119 dominum
585 1078 699 1119 uellet
718 1078 907 1134 inprobus
928 1085 1054 1133 acque.
1119 1076 1253 1133 [Hoc]
1277 1076 1392 1126 dicit,
1424 1091 1509 1118 non
1540 1075 1694 1118 debere
1726 1091 1980 1132 quemquam

149 1165 291 1193 amore
322 1151 526 1206 pecuniae
560 1150 656 1208 [ita]
690 1150 964 1205 conflagrare,
998 1158 1042 1191 ut
1071 1150 1114 1190 in
1145 1157 1392 1204 potestatem
1422 1150 1512 1191 eius
1543 1149 1698 1191 ueniat.
1759 1150 1839 1191 Illa
1869 1151 1980 1192 enim

148 1224 308 1266 homini
339 1224 526 1266 subiecta
557 1239 647 1266 esse
679 1224 814 1274 debet,
852 1239 935 1265 non
967 1224 1090 1265 homo
1120 1223 1195 1264 illi.
1255 1223 1310 1264 Et
1343 1238 1471 1279 supra
1501 1223 1613 1265 hunc
1643 1237 1811 1265 sensum
1842 1223 1913 1279 (E.
1945 1223 1980 1274 I,

152 1299 189 1348 1,
223 1299 315 1353 19):
349 1301 408 1341 Ac
439 1299 538 1340 mihi
566 1312 643 1348 res,
675 1312 756 1339 non
786 1313 845 1338 me
875 1297 993 1338 rebus
1024 1297 1263 1351 subz'unyere
1295 1312 1430 1339 conor.

261 1373 328 1413 49.
359 1373 502 1426 sanum
530 1380 651 1428 putre
690 1372 886 1412 Vacunae.
954 1371 1118 1412 Vacuna
1149 1370 1193 1411 in
1226 1369 1398 1412 Sabinis
1435 1371 1526 1421 dea,
1573 1384 1681 1425 quae
1712 1369 1788 1412 sub
1819 1370 1980 1412 incerta

149 1446 289 1502 specie
320 1453 381 1487 est
410 1446 601 1487 formata.
661 1444 788 1486 Hanc
819 1443 1006 1496 Quidam
1042 1442 1280 1494 Bellonam,
1327 1443 1418 1485 Alii
1448 1443 1705 1494 Mineruam,
1752 1443 1841 1485 Alii
1870 1444 1979 1486 Dia-

149 1535 247 1560 nam
278 1519 477 1575 dicunt.†)

264 1727 297 1765 1)
323 1725 476 1764 fugitibus
500 1725 544 1754 M.
594 1726 629 1765 2)
655 1725 747 1763 posui
771 1729 799 1754 et
821 1734 873 1765 eqo
895 1734 959 1761 rus,
977 1728 1012 1754 ut
1039 1723 1121 1753 infra
1146 1724 1178 1753 in
1207 1724 1317 1753 eodem
1344 1725 1466 1755 scholio
1492 1725 1646 1763 seriptum
1673 1728 1739 1761 est;
1765 1733 1839 1754 nam
1866 1725 1899 1753 in
1916 1724 1978 1754 MR

149 1783 217 1812 sine
242 1783 340 1812 dubio
364 1783 484 1813 uitiosa
509 1786 556 1812 est
583 1783 726 1820 scriptio.
755 1800 795 1804 -—
822 1782 859 1811 Si
882 1782 987 1820 inquit
1013 1782 1044 1810 2.
1073 1780 1211 1810 fastidia
1234 1780 1271 1810 R.
1302 1780 1470 1811 fastidium
1493 1791 1538 1810 me
1561 1781 1604 1811 M.
1630 1782 1700 1811 rell.
1727 1780 1903 1811 fastidium.
1928 1784 1977 1810 te-

147 1844 217 1869 nent
239 1839 310 1869 MR.
336 1840 406 1869 rell.
432 1843 525 1869 tenet.
564 1838 604 1868 ef.
629 1838 700 1868 Aer.
731 1842 762 1868 et
787 1848 838 1868 rus
863 1848 930 1878 eyeo
954 1842 982 1867 et
1004 1846 1085 1874 amo,
1123 1846 1204 1877 quae
1229 1837 1257 1873 Q
1281 1841 1401 1867 temere
1429 1838 1562 1875 recepit.
1587 1847 1724 1877 namque
1748 1847 1815 1877 eyeo
1838 1847 1892 1867 rus
1916 1846 1979 1868 non

148 1901 234 1927 recte
260 1898 389 1927 dicitur.
436 1898 509 1926 Non
535 1897 616 1926 satis
642 1900 746 1926 certus
773 1900 822 1926 est
847 1897 932 1925 locus
958 1896 1068 1925 Plauti
1094 1895 1177 1925 Men.
1203 1894 1227 1931 I,
1251 1895 1300 1930 12,
1323 1894 1374 1930 12,
1400 1903 1502 1932 neque
1528 1894 1676 1924 Sallustii
1700 1895 1771 1933 Iug.
1799 1895 1839 1924 98
1866 1893 1976 1933 (103),

146 1955 199 1984 ubi
223 1954 352 1985 Cortius
380 1964 434 1992 pro
459 1954 558 1993 efflabat
582 1955 689 1991 posuit
712 1953 880 1992 quaerebat.
907 1953 996 1982 Idem
1024 1953 1165 1982 sensisse
1189 1952 1342 1981 uidentur
1367 1950 1444 1980 vafh
1470 1952 1626 1980 habentes
1652 1955 1679 1980 et
1712 1960 1765 1980 rus
1800 1960 1878 1987 amo,
1914 1960 1974 1980 om.

146 2020 224 2050 eyeo.
252 2011 305 2040 Ex
330 2022 359 2040 u.
391 2013 426 2039 11
455 2011 663 2048 subsequenti
694 2010 793 2048 (Pane
828 2008 911 2049 egseo)
948 2010 1007 2039 1100
1043 2010 1176 2038 uerbum
1214 2008 1389 2046 inrepsisse
1425 2011 1526 2045 patet.
1590 2008 1625 2045 3)
1652 2017 1765 2045 panem
1789 2010 1918 2036 tantum
1942 2007 1977 2037 M

147 2067 249 2105 (negl.
277 2067 320 2105 Q)
346 2068 382 2097 R.
409 2067 477 2096 rell.
503 2071 583 2097 tant.
610 2077 725 2105 panem
751 2067 918 2095 desederat
942 2075 972 2094 v.
1021 2065 1056 2104 4)
1083 2065 1254 2103 negligens
1280 2064 1373 2094 canis.
1401 2064 1517 2093 Totum
1534 2073 1564 2093 v.
1590 2064 1772 2101 negligens.
1802 2062 1899 2093 Canis.
1926 2067 1976 2093 to-

146 2128 224 2153 tum.
251 2134 277 2153 a.
312 2122 400 2153 Canis
435 2124 475 2152 ad
500 2134 565 2162 seq.
593 2124 665 2153 lem.
693 2124 844 2161 pertinet.
870 2140 912 2143 —-
938 2123 1038 2160 itaque
1064 2126 1095 2151 et
1120 2131 1173 2150 rus
1200 2121 1229 2149 2.
1255 2139 1297 2141 ῌ
1323 2121 1439 2150 Totum
1464 2121 1560 2159 alleg.
1587 2119 1815 2159 (MRA2‚an)
1841 2130 1901 2149 om.
1927 2119 1973 2149 fh.

147 2181 181 2219 G)
208 2180 278 2210 ruri
300 2180 377 2210 hom.
402 2191 465 2211 non
490 2181 571 2210 laedi
596 2180 684 2218 M·2‚v
711 2180 808 2219 (ledi)
836 2179 900 2209 afh.
927 2180 990 2209 ruri
1017 2189 1079 2208 non
1105 2178 1165 2208 ledi
1191 2179 1276 2208 hom.
1302 2177 1338 2206 R.
1388 2178 1423 2217 8)
1449 2177 1516 2207 Ηο0
1542 2176 1765 2216 (ΜΗΑἳΘ(Ω)
1793 2186 1855 2206 om.
1881 2174 1974 2206 vafh.

146 2241 201 2267 aut
226 2248 246 2266 v
271 2237 327 2275 (m.
347 2238 388 2275 s.)
454 2238 488 2276 9)
515 2237 623 2266 davnno
647 2236 709 2265 MR
734 2241 793 2266 etc.
822 2254 863 2257 -ῌ
887 2236 978 2265 aclfic.
1005 2235 1038 2264 M
1078 2253 1107 2256 ⁷—
1134 2235 1253 2275 tyriam
1280 2238 1310 2264 et
1334 2234 1407 2263 fuco
1433 2235 1564 2272 aquinat
1593 2234 1764 2273 (aquinate
1789 2233 1832 2272 R)
1859 2236 1886 2262 et
1908 2233 1974 2262 tin-

145 2297 227 2323 etam
253 2294 325 2323 MR.
351 2303 391 2323 ex
417 2293 541 2333 nquinat
563 2297 667 2323 ortum
692 2296 741 2322 est
769 2292 915 2331 inquinat
944 2293 976 2321 in
1013 2291 1102 2321 vafh.
1137 2292 1256 2331 tyriam
1294 2301 1368 2321 suco
1407 2291 1510 2330 (succo
1536 2291 1569 2329 a)
1597 2291 1744 2329 inquinat
1769 2294 1795 2319 et
1818 2290 1897 2319 tine.
1922 2298 1972 2319 va.

144 2350 306 2389 Aquinate
332 2361 392 2381 om.
419 2350 458 2379 A.
486 2350 618 2389 Tyriam
644 2349 715 2379 fuco
740 2349 885 2388 Aquinate
911 2349 1062 2387 inquinat
1087 2351 1118 2377 et
1143 2349 1234 2378 tinet.
1263 2347 1308 2377 fh.
1362 2348 1417 2386 10)
1443 2348 1521 2377 disc.
1547 2357 1609 2376 non
1634 2348 1778 2385 potuerit.
1805 2344 1972 2384 MRG(Q).

144 2407 214 2436 rell.
243 2408 321 2437 disc.
349 2417 411 2437 11011
437 2408 560 2445 poterit.
586 2424 630 2428 —
653 2416 712 2435 non
736 2410 819 2436 tant.
845 2405 945 2435 MRA.
973 2406 1040 2434 rell.
1065 2415 1144 2434 uam.
1172 2423 1214 2426 —
1238 2415 1327 2444 quam
1351 2405 1436 2434 libri.
1474 2408 1629 2442 quantum
1656 2402 1696 2437 Q.
1764 2403 1819 2442 11)
1844 2403 1929 2432 bona
1954 2412 1973 2431 (ι

148 2462 203 2493 fal.
223 2464 251 2493 2.
320 2464 374 2503 12)
399 2464 490 2493 uehel
506 2463 576 2501 MR,
603 2467 639 2492 ut
664 2472 773 2493 omnes
798 2461 864 2491 fere
889 2462 955 2491 cod.
982 2463 1055 2491 mei.
1082 2462 1171 2491 uehit
1197 2460 1241 2491 fh.
1268 2461 1336 2490 Hoc
1362 2461 1407 2490 fh.
1435 2478 1477 2481 —-
1503 2470 1565 2490 non
1591 2461 1705 2490 debere
1730 2467 1859 2497 usquam
1877 2458 1971 2487 MR2.

145 2530 207 2550 non
232 2521 363 2550 debeam
386 2529 519 2558 usquam
546 2530 576 2550 v.
615 2529 678 2550 non
703 2519 784 2549 (lebet
808 2518 968 2557 quisquam
999 2518 1096 2554 ath.
1134 2519 1241 2556 posui:
1279 2519 1394 2547 debere
1419 2526 1612 2556 quemquam.
1650 2516 1727 2545 Dici
1749 2525 1774 2545 a.
1842 2515 1898 2554 13)
1926 2515 1973 2545 ita

142 2575 220 2611 shQ.
248 2577 318 2606 rell.
345 2586 406 2607 om.
459 2578 513 2616 14)
538 2577 577 2605 Et
600 2576 787 2614 MR2‚vafh.
814 2575 904 2605 Unus
922 2575 951 2611 Q
967 2576 1065 2606 tacite
1092 2576 1205 2605 ineulc.
1231 2579 1271 2604 αι.
1338 2575 1392 2614 17)
1420 2578 1467 2604 est
1492 2573 1598 2612 speeie
1623 2572 1710 2602 vafh.
1780 2572 1833 2612 18)
1859 2572 1972 2601 dicunt

144 2643 202 2663 om.
229 2634 298 2663 MR.
