2148 3412
832 99 882 132 m
907 99 1052 133 Eris'r.
1079 100 1124 140 11,
1153 104 1180 133 1.
1841 92 1922 134 545

202 223 297 266 255.
334 223 597 279 Claustraque
628 224 841 266 custodem.
901 223 995 266 Iani
1026 225 1187 281 gemini
1217 225 1420 280 templum
1452 241 1501 269 ac
1531 232 1674 282 portas
1711 225 1813 269 belli
1842 241 1921 283 pa-

90 303 181 339 cato
211 296 313 338 orbe
342 303 547 338 ter-rarum
585 297 697 339 solus
729 297 936 339 clauserat
959 295 1119 341 Caesar
1138 298 1371 356 Augustus.
1428 299 1499 342 De
1531 315 1614 356 qua
1643 315 1689 342 re
1727 302 1761 343 1
1759 302 1921 356 erqileus

89 370 161 426 (A.
183 370 218 421 Ι,
241 371 361 424 293);
404 371 528 412 Duae
557 370 672 425 ferro
704 379 739 413 et
769 373 1012 429 conpayzbus
1042 375 1145 416 ar'lzs
1180 374 1434 417 Claudentw
1468 375 1563 417 belle
1581 383 1740 432 portae,
1773 381 1814 417 et
1845 374 1919 431 (A.

87 443 187 495 VII,
220 446 343 501 601):
375 445 465 489 Mos
495 453 585 487 erat
613 446 803 502 Hespemo
833 448 875 488 m
906 447 1022 489 Lateo
1054 455 1129 489 etc.

199 520 293 561 257.
325 519 374 562 Sz
385 527 579 575 quantum
597 535 795 576 euperem,
819 535 980 577 possem
996 535 1159 577 quoque
1218 520 1339 562 Dicit
1370 535 1413 563 se
1443 521 1601 564 iudicio
1632 523 1770 580 magis
1792 538 1918 579 quam

85 592 257 650 ingenio
302 600 510 649 paratum,
556 600 597 636 et
624 594 704 636 hoc
734 601 854 636 uetus
885 609 974 637 esse
1020 595 1179 637 dietum
1222 592 1463 638 Aristarchi
1506 596 1658 648 ferunt,
1705 598 1778 652 qui
1824 613 1919 639 cum

83 667 214 710 multa
243 667 562 723 reprehenderit
591 674 632 710 et
661 668 705 709 in
735 668 926 718 Homero,
958 668 1110 720 aiebat,
1141 684 1265 726 neque
1294 685 1334 712 se
1356 685 1476 727 posse
1505 672 1694 723 scribere,
1727 673 1918 728 quemad-

83 743 244 786 modum
273 742 402 793 uellet,
434 757 557 798 neque
586 742 701 792 uelle,
733 743 1066 798 quemadmodum
1088 752 1236 799 posset.

193 816 288 858 260.
320 816 522 858 sedulitas
554 824 699 864 autem,
745 817 862 857 stulte
902 830 1015 872 quem
1056 817 1124 859 dil.
1156 832 1244 873 urq.
1323 816 1446 860 Haec
1490 819 1696 861 sententia
1737 834 1916 876 genera-

83 890 134 932 lis
166 896 239 932 est.

195 977 309 1020 quem
341 963 479 1019 dilz'yz't.
539 962 601 1005 Ut
632 963 704 1018 qui
734 978 867 1019 prauo
898 963 1101 1020 obsequio
1131 964 1315 1013 laedunt,
1363 979 1466 1021 quos
1498 972 1641 1007 amant
1652 983 1661 1017 3
1708 972 1753 1008 ut
1798 968 1833 1009 si
1877 974 1917 1010 te

81 1043 192 1080 amet
220 1037 408 1079 medicus
437 1037 644 1093 inperitus
675 1044 713 1079 et
745 1037 849 1080 nolit
879 1037 956 1080 tibi
987 1038 1159 1080 alterius
1189 1038 1337 1094 inponi
1373 1039 1669 1091 medicamina,
1716 1041 1799 1083 nisi
1829 1057 1917 1084 sua.

81 1111 169 1155 Sed
198 1111 416 1154 translatio
447 1111 500 1153 ab
530 1111 596 1154 his
625 1112 737 1154 facta
769 1118 842 1162 est,
875 1112 948 1166 qui
978 1112 1188 1168 conplexu
1217 1113 1361 1164 nimio,
1394 1128 1518 1169 quem
1550 1121 1705 1166 amant,
1748 1117 1916 1171 praefo-

82 1192 191 1237 cant,
223 1192 267 1228 ut
299 1186 428 1228 satius
460 1186 525 1236 sit,
557 1201 581 1227 a
613 1185 737 1228 stulto
767 1186 907 1228 minus
937 1185 1072 1242 diligi.
1134 1187 1287 1243 Urquet
1316 1193 1455 1228 autem
1486 1188 1609 1230 laedit
1637 1188 1861 1245 significat.

191 1261 287 1302 261.
318 1262 544 1317 Praecipue
576 1275 665 1302 cum
694 1276 735 1302 se
764 1262 942 1303 numeris
974 1261 1223 1303 commendat.
1304 1259 1508 1303 Omnium
1548 1261 1732 1317 quidem,
1763 1263 1913 1319 inquit,

42 1343 48 1350 ’
78 1334 311 1377 aestimatio
342 1334 488 1377 odiosa
519 1341 592 1385 est,
625 1334 700 1376 sed
728 1335 911 1376 maxime
941 1340 1160 1389 poetarum
1190 1334 1417 1384 malorum3
1451 1341 1490 1376 et
1513 1335 1666 1378 subicit
1688 1339 1913 1394 causam.†)

191 1410 285 1451 262.
318 1410 446 1451 Discit
466 1411 568 1450 e'm'm
590 1410 714 1451 cicius.
776 1407 1014 1465 Significat,
1050 1409 1209 1450 maiore
1242 1408 1379 1450 studio
1410 1409 1611 1452 ridiculos
1640 1425 1787 1453 uersus
1808 1411 1916 1454 disci

78 1492 116 1526 et
141 1483 382 1540 [memoria]
405 1483 540 1525 teneri
570 1497 697 1537 quam
728 1482 1015 1524 admirabiles.
1074 1481 1195 1539 Ergo
1226 1482 1270 1524 in
1302 1490 1517 1526 aeternam
1546 1484 1797 1537 memoriam
1824 1485 1914 1528 foe-

78 1558 198 1600 datus
230 1564 304 1608 est,
337 1572 463 1612 quem
493 1557 576 1599 tale
608 1571 776 1598 carmen
806 1556 1015 1612 polluerit.

195 1633 290 1674 264.
322 1633 394 1676 Νι]
414 1646 552 1675 moror
573 1632 765 1689 officium.
828 1630 1045 1685 Quantum
1076 1631 1131 1673 ad
1159 1645 1240 1682 me,
1272 1631 1422 1687 inquit,
1453 1632 1647 1688 pertinet,
1679 1633 1777 1676 nolo
1806 1633 1912 1676 mihi

73 1706 165 1749 fieri
185 1706 446 1762 obsequium,
470 1721 553 1762 quo
576 1721 743 1762 grauer,
766 1706 846 1749 hoc
868 1712 941 1757 est,
964 1705 1008 1747 in
1029 1705 1212 1747 dedecus
1230 1705 1462 1760 (deterius?
1482 1704 1709 1764 C.Herm.)
1726 1711 1909 1763 premar.

187 1781 282 1822 264.
314 1782 409 1823 265.
442 1796 490 1823 ac
519 1795 642 1837 neque
670 1772 762 1837 ficto
794 1782 843 1823 In
867 1786 987 1838 peius
1018 1781 1150 1823 uultu.
1212 1779 1273 1822 Ut
1304 1779 1401 1822 nolo
1433 1779 1486 1822 ab
1517 1781 1700 1836 inperito
1731 1781 1783 1823 de
1815 1795 1912 1824 cera

75 1855 166 1898 fieri
197 1855 416 1911 turpiorff)

188 1930 283 1971 267.
312 1929 372 1972 Ne
401 1929 568 1971 rubeam
599 1929 757 1985 pinqui.
828 1927 894 1971 Ne
925 1927 1172 1972 erubescam
1203 1929 1390 1972 muneris
1420 1935 1596 1986 accepta
1624 1929 1838 1981 foeditate,
1871 1936 1911 1972 et

73 2003 227 2061 pinquz‘,
258 2017 343 2046 non
373 2001 516 2045 subtili
548 2001 720 2045 scilicet.

209 2217 242 2257 2)
270 2216 356 2256 solus
384 2225 469 2246 oues.
496 2225 570 2255 aug.
598 2215 696 2245 olaus.
725 2216 753 2245 2.
818 2215 854 2255 5)
882 2217 1037 2254 quantum
1055 2218 1173 2254 peteret
1195 2214 1239 2245 Μ.
1273 2225 1302 2254 q.
1327 2218 1451 2254 poterat
1476 2214 1571 2255 2G,v.
1598 2216 1668 2247 rell.
1707 2226 1736 2256 q.
1762 2225 1907 2256 cuperem.

77 2291 119 2296 —
144 2275 249 2313 magis
275 2274 340 2304 iud.
367 2273 456 2303 vafh.
507 2273 542 2312 7)
570 2273 817 2311 reprehenderet
841 2273 874 2302 in
898 2272 1007 2310 Hom,
1042 2281 1104 2302 om.
1131 2277 1169 2310 et,
1195 2272 1251 2302 afh
1287 2272 1336 2312 (et
1361 2283 1421 2304 om.
1447 2274 1494 2313 v).
1531 2274 1652 2311 aiebat,
1687 2283 1719 2304 se
1741 2284 1800 2304 non
1825 2284 1856 2313 p.
1882 2284 1907 2305 s.

75 2332 153 2371 quod
175 2341 205 2361 u.
231 2341 262 2361 n.
288 2342 319 2361 u.
345 2331 424 2370 quod
446 2331 605 2361 Di'mtzer.
631 2330 686 2368 IV,
706 2330 781 2360 335.
800 2330 875 2360 336.
926 2328 960 2369 9)
987 2330 1151 2369 generalis
1176 2339 1224 2359 eos
1249 2333 1274 2359 te
1299 2339 1393 2369 quem
1419 2331 1566 2369 diligitur
1581 2345 1625 2360 Ξ
1641 2335 1683 2360 est
1704 2331 1790 2362 stulte
1814 2341 1908 2370 quem

78 2389 202 2428 diligit,
238 2387 401 2427 ur(-guet)
429 2387 471 2417 M.
498 2397 571 2426 gen.
597 2396 646 2417 eos
670 2391 697 2416 te
722 2410 728 2416 .
757 2410 763 2416 .
793 2387 940 2427 (lacuna)
968 2409 975 2416 .
1003 2409 1009 2415 .
1037 2386 1139 2422 Quem
1165 2387 1275 2425 diligit
1299 2390 1335 2416 ut
1361 2386 1464 2424 G‚vQ.
1492 2396 1565 2426 gen.
1591 2398 1639 2417 eos
1663 2393 1698 2418 te.
1719 2388 1839 2424 ‚Quem
1876 2389 1907 2417 d.

72 2449 108 2476 ut
132 2456 161 2484 a,
189 2446 257 2476 siue
283 2446 409 2476 lacuna.
435 2445 465 2475 A
492 2446 621 2483 signum
647 2441 662 2457 ’³
687 2444 805 2483 posuit.
833 2443 916 2474 conf.
943 2443 1013 2486 Bo:
1041 2444 1212 2483 ‘generalis
1239 2445 1401 2474 sententia
1425 2447 1591 2482 poetarum
1616 2446 1670 2484 qui
1697 2445 1773 2474 dum
1799 2446 1908 2483 sepius

72 2504 184 2534 amicis
210 2504 351 2533 carmina
378 2512 436 2532 sua
462 2503 609 2540 dirigunt
635 2502 725 2531 oneri
751 2501 832 2530 flunt
858 2502 1027 2539 praecipue
1054 2502 1081 2530 si
1107 2510 1142 2531 se
1167 2502 1201 2530 in
1226 2501 1306 2539 ipsis
1330 2502 1557 2534 laudauerint‚'
1606 2502 1643 2532 In
1667 2502 1787 2540 Porph.
1824 2502 1907 2532 nihil

73 2561 236 2591 excidisse
258 2561 398 2590 uidetur.
450 2560 506 2598 12)
532 2559 688 2597 inperitus
716 2562 748 2588 et
773 2558 857 2588 nolit
882 2558 944 2587 tibi
969 2558 1102 2587 alterius
1126 2558 1238 2597 inponi
1264 2558 1480 2588 medicamina
1495 2576 1533 2580 —
1553 2559 1709 2597 conplexu
1725 2558 1768 2588 M.
1785 2568 1906 2588 ——me-

73 2618 244 2648 dicamenta
268 2618 286 2646 2
313 2616 396 2655 (Cic.
425 2616 488 2646 Off.
514 2616 571 2654 ΙΙΙ,
600 2617 640 2645 24
667 2616 755 2656 ete).
781 2616 903 2646 retinui
927 2615 1146 2653 medicamina,
1173 2625 1254 2655 quae
1281 2616 1392 2646 eodem
1418 2625 1514 2645 sensu
1541 2615 1654 2654 (Ouid.
1680 2616 1716 2645 A.
1744 2615 1785 2653 II,
1812 2614 1906 2655 489),

72 2684 266 2714 quamquam
290 2675 394 2704 rarius
419 2674 625 2704 adhibentur.
690 2673 745 2712 13)
773 2677 821 2703 est
844 2672 931 2702 faeta
957 2673 996 2702 ab
1020 2673 1071 2702 his
1097 2672 1187 2703 vafh.
1213 2674 1254 2703 ab
1279 2673 1330 2703 his
1355 2672 1378 2702 f.
1407 2682 1432 2702 e.
1458 2672 1501 2704 M.
1528 2672 1567 2701 ab
1592 2671 1630 2701 iis
1653 2672 1674 2701 f.
1702 2676 1750 2702 cst
1777 2671 1906 2712 2G(Q),

75 2732 130 2771 14)
157 2736 193 2762 ut
219 2741 264 2761 sa.
292 2735 334 2760 est
357 2732 467 2768 stulto,
494 2740 554 2761 om.
581 2740 608 2766 a,
634 2729 764 2767 MG,va.
796 2729 979 2767 praeferant
1004 2732 1040 2759 ut
1065 2729 1140 2759 satis
1166 2733 1213 2760 est
1237 2731 1337 2760 stulto
1364 2731 1392 2759 2.
1431 2733 1465 2758 ut
1493 2729 1596 2758 satius
1622 2728 1660 2758 sit
1683 2728 1759 2764 th.
1786 2747 1825 2750 ——
1853 2739 1906 2759 ur-

72 2792 147 2828 guet
169 2788 267 2829 M(Q)
292 2789 361 2818 rell.
386 2792 480 2827 urqet.
533 2787 565 2826 ἢ)
594 2786 677 2817 Cum
702 2788 762 2816 hoc
787 2787 885 2816 uerbo
912 2790 1032 2816 exeunt
1060 2787 1182 2817 scholia
1208 2787 1249 2816 ad
1286 2787 1369 2816 hanc
1405 2796 1453 2825 ep.
1491 2786 1575 2824 apud
1612 2786 1796 2816 Fabricium
1825 2784 1905 2826 (fh),

71 2846 124 2884 qui
149 2848 293 2875 extrema
320 2845 442 2875 scholia
467 2854 484 2874 a
509 2853 607 2874 uersu
633 2845 697 2874 262
722 2853 824 2882 usque
849 2843 890 2873 ad
914 2854 944 2873 u.
972 2843 1035 2874 270
1062 2843 1176 2884 (Discit
1201 2861 1240 2865 —-
1267 2843 1434 2883 (maie-itur),
1474 2843 1552 2873 duce
1579 2843 1720 2872 editione
1745 2842 1904 2873 Mediola-

72 2903 176 2940 nensi,
212 2910 341 2933 ACRONI
376 2903 574 2941 adsignauit.
641 2903 696 2939 17)
721 2901 808 2931 Dicit
832 2900 875 2930 Μ.
912 2900 1077 2938 significat
1103 2910 1163 2931 oni.
1193 2899 1247 2929 M2
1275 2899 1388 2939 (citius.
1413 2903 1440 2928 et
1464 2899 1597 2938 maiore)
1625 2898 1663 2929 G.
1690 2917 1732 2921 —
1757 2899 1905 2930 ridiculos

71 2959 235 2998 M2G(Q).
260 2960 331 2990 rell.
368 2959 562 2988 ridiculosos.
589 2976 629 2979 —
658 2957 750 2987 discit
774 2961 806 2987 et
830 2956 906 2987 MG.
944 2958 1097 2987 memoria
1120 2957 1208 2987 vafh.
1235 2957 1304 2986 rell.
1332 2966 1392 2986 om.
1460 2956 1514 2994 18)
1544 2960 1575 2985 et
1611 2958 1765 2987 memoria
1801 2958 1904 2988 teneri

73 3025 131 3046 om.
158 3017 188 3045 2.
237 3016 294 3055 21)
320 3025 431 3054 graues
455 3014 531 3049 MG,
558 3015 613 3044 sed
639 3016 751 3045 literae
777 3024 791 3044 s
811 3018 872 3044 etr
897 3015 959 3044 sibi
985 3015 1170 3045 simillimae
1196 3018 1283 3044 sunt.
1310 3014 1380 3042 rell.
1403 3022 1528 3053 yraucr.
1554 3012 1630 3042 sicto
1657 3013 1791 3055 2fh(Q).
1817 3014 1903 3044 facto

71 3071 198 3109 MG,va.
246 3072 305 3111 22)
336 3072 374 3102 Ut
395 3068 469 3101 'nolo
492 3071 568 3102 MG.
594 3075 631 3101 ut
656 3080 716 3100 om.
744 3071 773 3101 2.
798 3071 838 3100 Ec
861 3071 934 3102 nolo
958 3071 1079 3107 vath.
1129 3071 1163 3110 >¹²)
1188 3070 1356 3100 Fabricius
1371 3069 1438 3109 (fh)
1454 3070 1507 3100 hic
1533 3070 1732 3108 interposuit
1757 3070 1902 3101 scholion

71 3128 209 3160 Acronis
234 3129 275 3158 ad
299 3139 329 3158 u.
355 3128 436 3158 265:
462 3127 581 3159 Cereus
605 3145 647 3148 ἢ
673 3128 771 3158 dixit.
820 3126 879 3168 24)
904 3128 1046 3159 mulieris
1070 3126 1168 3158 M2G.
1194 3128 1241 3157 Ne
1266 3127 1334 3157 rub.
1362 3125 1422 3167 pi.]
1450 3126 1498 3157 Ne
1522 3127 1649 3158 rubeam
1674 3127 1703 3157 2.

207 3199 365 3225 EAUTHAL,
381 3199 449 3220 ΑΕΒ.
465 3199 505 3220 ΕΤ
521 3198 636 3220 PORPH.
652 3198 682 3219 11.
1595 3193 1628 3219 35

1940 904 1982 937 10

1941 1274 1982 1306 15

1938 1643 1979 1676 20
