2148 3412
182 893 219 925 10

183 1263 221 1294 15

243 86 322 127 562
880 91 985 123 Aen.
1010 89 1071 122 ΕΤ
1096 89 1262 122 PORPH.
1287 89 1435 122 comm.

354 220 420 261 64.
454 218 538 259 risu
566 216 764 273 populum
794 215 932 271 qualit.
990 211 1058 255 Ac
1087 226 1164 268 per
1192 212 1274 254 hoc
1303 211 1522 255 inridetur.

356 292 423 333 86.
455 291 608 345 diyner.
669 286 939 343 Condignum
971 286 1150 328 arbitrer
1181 286 1207 327 i.
1230 300 1263 328 e.
1295 285 1437 327 uelim.
1626 332 1628 335 .

355 366 421 405 87.
454 365 598 405 Frater
636 370 724 404 erat
761 363 923 404 Romae.
984 360 1101 402 Hinc
1135 359 1322 402 fabulam
1366 358 1421 400 ad
1459 359 1536 401 hos
1571 358 1744 408 inducit,
1788 366 1831 400 ut
1868 359 2072 409 ostendat,

243 443 387 493 poetas
433 451 476 479 se
520 437 634 493 ipsos
671 435 855 477 inuicem
898 434 1085 484 laudare,
1136 448 1221 475 non
1265 432 1414 474 merito
1461 436 1583 487 [puro
1628 432 1762 489 uero]‚
1819 433 1891 474 sed
1931 439 2074 475 mutua

243 510 548 553 adsentatione.
618 508 791 551 Fratres
829 507 959 550 miras
996 506 1251 549 elocutiones
1300 506 1471 548 honoris
1509 506 1793 562 proferebant,
1838 513 1926 548 tum
1972 506 2076 548 alter

242 584 585 627 iurisconsultum
614 582 807 631 Mucium
830 580 1081 624 Scaeuolam
1117 580 1288 628 diceret,
1319 579 1425 621 alter
1455 586 1664 622 oratorem
1693 579 1915 622 Tiberium
1937 578 2075 622 Grac-

244 658 368 700 chum
412 657 666 706 nominaret3
712 671 811 697 nam
855 654 970 711 apud
1000 653 1178 696 Veteres
1223 660 1309 695 tam
1353 653 1515 709 primus
1559 653 1878 696 iurisconsultus
1907 653 2077 696 Mucius

246 731 455 774 Scaeuola
486 730 644 772 exst-itit
675 744 800 785 quam
831 735 971 771 orator
1001 727 1202 770 Tiberius
1234 725 1468 769 Gracchus.

360 806 426 847 90.
460 804 543 855 Qui
571 805 714 845 minus.
773 801 825 843 In
856 817 939 857 qua
975 816 1021 843 re
1051 801 1190 843 minus
1220 801 1359 844 insani
1389 807 1538 857 poetae
1570 807 1677 852 sunt,
1710 816 1804 844 cum
1836 815 1879 844 se
1911 815 2078 856 quoque

243 879 427 922 invicem
457 878 692 919 laudarent.
725 885 904 932 arqutos.
966 873 1171 918 Canoros.

359 954 424 994 91.
457 952 519 994 hic
550 952 691 1006 eleqos.
751 949 977 1004 Ἐνέργεια,
1008 949 1054 990 id
1084 955 1158 1000 est,
1190 949 1307 990 alter.

360 1027 426 1067 92.
465 1025 760 1080 Caelacumque.
822 1022 1092 1081 [Caelalumt]
1126 1023 1335 1065 uariatum
1366 1028 1407 1064 et
1437 1021 1558 1077 quasi
1589 1021 1761 1078 pictum.

358 1114 503 1142 nouem
533 1099 678 1143 Musis.
738 1096 871 1140 Omni
892 1111 1047 1154 genere
1078 1104 1319 1139 metrorum.
1360 1095 1472 1138 Nam
1504 1110 1663 1153 genera
1693 1103 1921 1139 metrorum
1952 1096 2081 1152 prin-

246 1173 401 1230 cipalia
432 1187 586 1215 nouem
616 1179 724 1214 sunt.

363 1249 428 1290 93.
461 1248 527 1288 94.
565 1247 724 1297 Quanto
757 1260 848 1287 cum
877 1247 1003 1300 fastu,
1035 1252 1179 1302 quanto
1209 1244 1409 1287 molimine
1448 1245 1600 1287 circum
1631 1243 1873 1301 Spectemus.
1933 1243 1991 1286 Et
2020 1244 2081 1287 sic

248 1323 374 1367 nobis
404 1322 650 1379 placeamus
680 1319 936 1362 incedentes.

362 1398 426 1438 94.
462 1397 613 1438 circum
629 1421 683 1425 —-
701 1394 939 1451 Spectemus.
999 1392 1100 1436 Una
1119 1407 1220 1449 pars
1249 1391 1450 1434 orationis
1473 1398 1535 1434 est
1558 1391 1698 1434 diuisa
1727 1391 1772 1433 in
1799 1392 1903 1435 duos
1924 1407 2082 1444 uersus,

248 1470 407 1514 Lucilii
436 1483 552 1512 more
585 1474 622 1510 et
654 1466 953 1523 Antiquorum.

361 1559 538 1586 uacuam
554 1543 748 1584 Romanis
765 1542 925 1584 uatibus
943 1541 1091 1583 aedem.
1149 1539 1352 1582 Romanis
1372 1539 1508 1595 poetis
1529 1538 1727 1592 deditam,
1758 1540 1803 1581 id
1823 1546 1897 1591 est,
1917 1539 2086 1584 Latinis

248 1625 482 1662 uacantem.
541 1616 764 1673 Significat
784 1622 927 1657 autem
947 1615 1094 1657 aedem
1123 1613 1356 1662 Musarum,
1393 1613 1438 1654 in
1469 1627 1552 1668 qua
1589 1620 1737 1669 poetae
1768 1614 2013 1666 recitabant,
2045 1622 2086 1657 et

248 1694 328 1736 hoc
358 1698 489 1742 recte;
521 1707 620 1734 nam
643 1690 801 1734 Graeci
822 1695 972 1745 poetae
992 1689 1037 1731 in
1066 1687 1289 1731 Athenaeo
1311 1686 1672 1744 consue[ue]rant,
1694 1694 1735 1730 et.
1754 1688 1849 1732 ideo
1872 1689 2083 1732 additum:

250 1782 428 1810 uacuam
458 1767 653 1808 Romanis
683 1765 857 1806 uatibus.

251 1871 292 1891 ex
318 1862 387 1892 cod.
426 1859 652 1890 Bellouacensi
680 1856 727 1898 (‘?)
752 1867 771 1888 a
795 1857 941 1888 Valartio
979 1860 1142 1895 receptam
1178 1855 1214 1885 P.
1248 1855 1404 1886 Pithoeus
1442 1856 1476 1885 in
1512 1859 1670 1894 apparatu
1708 1856 1889 1887 Oxoniensi
1926 1858 2087 1897 adscripto

252 1919 390 1948 editioni
416 1917 492 1946 Bas.
522 1917 606 1947 1580
634 1916 710 1946 inde
742 1914 819 1946 fecit
846 1914 952 1944 Libris
979 1917 1010 1944 et
1036 1912 1142 1944 Curiis
1167 1913 1297 1942 dicens:
1337 1912 1381 1941 ‘et
1406 1912 1453 1941 ita
1477 1913 1607 1942 uidetur
1631 1913 1751 1951 legisse
1775 1913 1969 1954 Porphyrio.
2003 1916 2086 1946 conf.

252 1975 289 2004 E.
317 1975 344 2012 I,
374 1975 402 2010 1,
431 1975 483 2002 64.
532 1973 604 2003 Non
629 1973 724 2002 uideo
750 1975 786 2001 ut
811 1972 990 2001 insenuerit
1015 1971 1092 2010 quin
1117 1969 1203 2000 libris
1228 1969 1327 1999 semel
1353 1972 1383 1999 et
1409 1969 1500 1998 cuz-is.
1548 1969 1616 1999 Vix
1641 1971 1724 2000 enim
1754 1976 1868 2002 coeunt
1903 1972 1978 2002 libri
2016 1983 2086 2003 cum

253 2031 352 2068 curis,
390 2034 423 2061 et
448 2030 555 2069 placet
581 2029 752 2059 admodum
781 2032 876 2058 uetus
914 2028 1094 2066 scriptura:
1138 2026 1176 2056 Ut
1203 2025 1323 2056 studiis
1360 2029 1391 2055 et
1430 2025 1465 2055 C.
1491 2026 1566 2066 (sic)
1593 2030 1625 2057 et
1653 2025 1734 2057 Cura·
1756 2031 1865 2066 statua,
1892 2038 1985 2067 quam
2011 2030 2088 2060 Por-

252 2089 370 2128 phyrio
396 2087 539 2126 agnouit.
576 2086 665 2116 Curii
692 2095 808 2116 nomen
840 2085 965 2114 celebre
1000 2083 1065 2114 fuit
1100 2083 1243 2114 Romae:
1272 2086 1331 2112 etc.
1369 2081 1458 2112 Cous.
1490 2082 1532 2113 C:
1560 2085 1669 2113 ‘statua
1693 2087 1750 2114 tac.
1788 2088 1823 2114 ut
1858 2089 1957 2115 statuet
1994 2084 2086 2125 Uarii,

253 2145 463 2185 quantumuis
489 2153 623 2181 annosa,
662 2147 752 2173 muta
776 2146 892 2180 manet,
918 2143 996 2172 licet
1021 2151 1058 2172 ea
1082 2142 1126 2171 sit
1151 2149 1250 2171 aenea
1276 2140 1327 2170 uel
1352 2141 1503 2178 plumbea
1528 2141 1562 2170 in
1587 2142 1665 2171 urbe
1701 2141 1802 2171 Roma
1837 2142 2086 2180 loquacissima)

256 2206 286 2232 et
311 2202 480 2232 Pulmann.
508 2201 557 2230 ed.
583 2201 613 2230 h.
641 2210 671 2239 p.
698 2201 798 2230 2269.
826 2217 868 2221 —
896 2199 964 2229 scil.
990 2202 1087 2229 autem
1113 2201 1256 2228 statuam
1281 2195 1329 2237 (Ρ)
1356 2207 1412 2235 pro
1438 2197 1592 2236 qualibet,
1630 2207 1690 2228 om.
1721 2207 1754 2227 re
1779 2198 1849 2228 MR.
1875 2215 1918 2219 ——
1944 2199 2087 2229 scholion

253 2259 434 2297 corruptius
468 2267 504 2287 ac
541 2257 719 2287 difficilius.
755 2256 801 2291 Q:
841 2255 1000 2286 ‘Ceterum
1036 2265 1107 2285 cum
1146 2255 1224 2284 haec
1261 2255 1365 2292 priora
1400 2253 1793 2294 [wemma—plumbeum
1827 2265 1890 2285 non
1927 2255 2085 2292 haberem,

256 2326 319 2354 quo
344 2315 557 2354 probabiliter
582 2314 797 2351 emendarem,
824 2314 1017 2351 scripturam
1042 2312 1136 2342 Fabr.
1163 2311 1304 2350 reliqui.'
1330 2310 1431 2341 curius
1455 2310 1624 2353 MRAQqu
1648 2310 1782 2349 Argent.
1811 2310 1913 2352 G(Q).
1939 2313 2032 2343 turios
2055 2323 2086 2343 v.

259 2372 390 2403 Turrius
417 2372 484 2401 afh.
512 2389 553 2391 a*
580 2371 755 2401 taciturnus
779 2368 867 2399 vash.

393 2430 424 2468 1)
451 2428 510 2458 inr.
536 2427 581 2457 M.
649 2428 682 2466 2)
708 2427 785 2456 idem
809 2430 859 2457 est
884 2427 981 2456 uelim
1006 2426 1043 2455 R.
1108 2424 1143 2465 3)
1168 2425 1242 2456 hinc
1265 2425 1308 2455 M.
1335 2425 1403 2455 rell.
1442 2424 1545 2454 Hanc.
1572 2424 1610 2453 ad
1635 2425 1688 2455 laos
1712 2425 1753 2455 M.
1791 2426 1832 2455 ad
1857 2427 1915 2456 hoc
1940 2426 1998 2457 hos
2026 2426 2091 2466 (sic

255 2487 350 2526 corr.)
376 2486 411 2515 R.
437 2486 508 2514 rell.
536 2485 575 2514 ad
602 2484 667 2514 1000.
696 2486 735 2514 cf.
750 2484 818 2526 sz:
838 2483 879 2513 ad
902 2483 956 2513 hoc
981 2492 1111 2514 causam
1136 2484 1271 2513 duorum
1296 2483 1432 2513 fratrum
1457 2482 1584 2511 inducit
1601 2485 1637 2512 ut
1654 2486 1714 2512 etc.
1764 2482 1799 2521 4)
1826 2492 1890 2512 non
1914 2483 1993 2513 lucio
2011 2483 2088 2523 (sic)

254 2546 311 2574 sed
336 2544 433 2574 M2G.
459 2546 568 2574 mutuo
594 2544 650 2573 sed
675 2542 757 2573 lucio
786 2542 850 2580 (sic
871 2543 884 2570 1
904 2541 963 2580 m.)
990 2541 1026 2570 R.
1053 2541 1158 2572 scribe
1182 2545 1239 2571 aut
1263 2540 1360 2578 lucro,
1385 2542 1441 2569 aut
1476 2538 1590 2568 merito.
1628 2538 1712 2569 conf.
1739 2548 1768 2568 u.
1798 2540 1870 2569 100.
1907 2540 1976 2569 rell.
2008 2548 2088 2578 puro

256 2611 337 2630 new-0.
374 2601 506 2630 laudare
542 2599 648 2629 debere
679 2599 742 2641 Βφ.
781 2608 841 2628 om.
878 2598 1008 2629 relicua.
1075 2599 1110 2638 5)
1139 2599 1331 2629 eleuationes
1365 2596 1457 2627 MAR
1495 2596 1605 2635 (olen.)
1645 2595 1746 2634 G(Q).
1783 2596 1912 2627 falsum.
1951 2606 2088 2636 namque
2133 2610 2136 2619 =

254 2658 388 2688 clematio.
428 2658 582 2696 (Quintil.
608 2656 664 2688 IX,
692 2657 720 2693 2,
749 2657 789 2686 50
815 2656 896 2685 conf.
934 2655 1052 2685 eleuare
1076 2664 1126 2686 res
1150 2659 1260 2694 gestas
1287 2655 1358 2685 Liu.
1386 2655 1439 2692 28,
1465 2654 1516 2683 44.
1543 2653 1629 2683 facta
1653 2653 1695 2683 ib.
1722 2654 1774 2683 42.
1813 2656 1930 2684 famam
1957 2654 2008 2691 26,
2035 2655 2086 2684 51.

2123 2858 2130 3172 i

2127 3173 2130 3224 ἓ

256 2716 351 2745 fidem
371 2716 415 2745 rei
433 2714 564 2745 Sueten.
585 2714 629 2753 8.)
651 2713 753 2751 Ualig.
773 2717 823 2742 est
841 2713 1014 2742 diminutio
1039 2722 1102 2742 non
1128 2713 1227 2743 elatio
1252 2713 1386 2751 pluralis
1411 2710 1550 2741 elationes
1567 2719 1630 2740 non
1649 2711 1795 2740 occurrit.
1816 2712 1981 2741 electiones
1998 2711 2086 2740 vafh.

256 2774 446 2802 elocutiones
464 2772 493 2801 A
512 2772 578 2801 6τι1ῐ.
599 2775 662 2801 net.
681 2771 761 2800 cod.'
782 2775 812 2800 et
832 2771 860 2798 2.
910 2771 944 2809 6)
970 2771 1108 2801 mucium
1132 2770 1242 2809 M(Q).
1270 2770 1340 2801 rell.
1366 2768 1517 2799 Mutium.
1569 2766 1602 2806 7)
1628 2775 1745 2809 ενεργια
1769 2767 1834 2797 M2.
1861 2772 1943 2806 spat.
1968 2777 2036 2797 uae.
2049 2767 2086 2796 R.

257 2830 385 2867 energia
410 2830 431 2858 i.
459 2828 554 2858 aliter
579 2838 631 2859 va.
660 2825 794 2871 ἐνέργεια
819 2827 864 2862 fh,
891 2836 952 2856 om.
980 2828 1000 2856 i.
1028 2828 1119 2857 alter.
1173 2828 1228 2866 13)
1254 2836 1326 2865 gen.
1352 2829 1523 2856 metrorum
1554 2824 1748 2863 principalia
1786 2824 1871 2863 enim,
1909 2834 1967 2854 om.
2005 2825 2088 2854 Nam

258 2895 377 2924 genera
413 2889 598 2923 metrorum,
634 2885 724 2914 vafh.
788 2884 843 2923 16)
870 2883 1027 2922 placemus
1053 2883 1116 2913 afh.
1145 2884 1172 2919 Q
1210 2884 1325 2914 ‘locum
1362 2884 1431 2912 sine
1467 2882 1564 2911 dubio
1588 2881 1785 2911 lacunosum'
1816 2881 1913 2911 dixit.
1939 2881 2086 2916 Minime3

259 2952 395 2980 namque
421 2952 461 2972 ne
486 2942 533 2972 Ἰοῖ
557 2943 608 2971 εεε’
635 2942 765 2980 quidem
791 2949 909 2979 ponere
935 2949 1013 2979 opus
1040 2944 1088 2970 est
1114 2941 1202 2970 inter
1237 2939 1349 2971 circum
1379 2943 1540 2978 spectemus
1576 2942 1609 2969 et
1644 2939 1800 2968 scholion.
1867 2939 1922 2977 18)
1948 2937 2023 2968 lucii
2044 2936 2085 2966 M.

259 2999 327 3028 liuii
352 2999 388 3028 R..
417 2999 514 3028 lucilli
540 3009 570 3028 v.
597 2999 730 3036 antiquo
754 3008 774 3026 v
800 2996 938 3036 (lucilli)
965 3007 994 3026 a.
1021 3001 1053 3027 ct
1079 3006 1138 3028 om.
1166 2998 1210 3027 fh.
1274 2997 1329 3036 19)
1357 3006 1425 3027 uae.
1463 3005 1540 3026 rom.
1572 2995 1669 3034 poetis
1693 2995 1822 3025 deditam
1845 2995 1959 3024 latinis
1983 2994 2017 3024 id.
2041 2996 2087 3023 est

259 3060 433 3086 uacantem
459 3056 627 3093 (uacantes
652 3055 693 3094 R)
718 3054 833 3085 MR2G
858 3064 914 3093 pro
940 3064 1007 3085 uae.
1035 3063 1080 3084 ro.
1108 3059 1166 3084 nat.
1193 3054 1305 3085 aedem.
1363 3053 1420 3093 20)
1447 3053 1479 3082 in
1504 3061 1596 3091 quam
1618 3051 1688 3081 MR.
1745 3052 1802 3091 21)
1828 3054 2020 3083 consuerant
2042 3049 2084 3080 M.

261 3112 411 3142 atthidum
436 3112 480 3141 M.
531 3113 587 3151 22)
615 3121 749 3142 uacuam
775 3111 921 3142 orationis
944 3111 982 3141 R.
