2148 3412
129 976 165 1007 10

132 1344 168 1374 l.)

121 2076 162 2106 25

191 176 276 216 470
823 184 929 217 ACR.
955 184 1015 216 ΕΤ
1041 183 1207 217 PORPH.
1233 183 1382 217 COMM.

304 310 369 349 35.
404 307 659 363 Principibus
677 308 891 363 placuisse.
952 306 995 347 A
1015 307 1173 348 maiore
1195 307 1249 348 ad
1269 307 1419 348 minus.
1478 305 1568 357 Ait,
1599 306 1734 349 simile
1753 306 1906 349 uideri:
1940 321 2014 362 ge-

192 395 283 422 rere
314 394 381 422 res
411 379 598 430 bellicas,
631 386 670 421 et
700 380 932 435 promereri
962 379 1177 435 principes
1207 379 1402 421 ciuitatis.

303 454 368 494 36.
402 453 493 495 Non
525 454 656 495 cuiuis
687 453 839 495 homini
866 455 1056 508 continyit
1086 453 1201 495 adire
1236 453 1484 495 Corinthum.
1556 452 1615 494 Et
1656 453 1735 495 hoc
1779 453 2016 508 exemplum

190 535 251 568 est
282 541 306 566 a
337 525 629 567 similitudine.

304 601 370 641 37.
403 600 524 641 Sedit.
584 598 700 641 Bene
723 600 836 642 sedit.
897 598 994 652 Quo
1025 599 1157 642 uerbo
1187 599 1398 656 significat.
1429 599 1666 656 segnitiam,
1697 599 1808 642 unde
1839 606 1879 641 et
1908 599 2018 642 sedes

190 672 358 727 requies
388 672 659 728 intellegitur.

303 748 373 801 qui
400 747 544 788 timuit.
622 744 737 802 [Non
768 745 803 787 si
834 745 1085 806 contempsit
1115 745 1224 788 male
1254 746 1451 796 uoluisse,
1498 745 1532 788 si
1563 745 1743 802 laudes]
1822 744 1946 788 Nunc
1975 740 2019 788 se

191 819 441 873 contempsit
471 819 618 861 nolens
648 833 798 874 parere
830 818 912 860 sibi
938 818 1095 861 laudes.

305 893 370 934 38.
408 894 529 943 Quid,
563 895 633 949 qui
653 893 868 948 peruenit,'
885 893 1027 946 fecitne
1057 892 1263 935 uiriliter?
1291 901 1416 948 atque.
1476 892 1574 935 Hoc
1604 907 1681 949 per
1710 891 2019 948 interrogatio-

190 979 298 1006 nem.
359 964 563 1018 Quicum
584 966 685 1022 agit,
718 965 785 1007 uel
805 965 1044 1021 respondet,
1076 965 1145 1007 uel
1174 965 1345 1007 inuertit
1374 965 1619 1017 orationem,
1656 965 1724 1007 uel
1753 971 1874 1007 tacet.
1933 963 2020 1006 Hic

192 1053 294 1094 ergo
325 1039 526 1081 dicendo:
560 1040 685 1096 atqui,
717 1039 795 1081 Hic
827 1047 895 1091 est,
925 1047 994 1080 aut
1022 1053 1236 1096 nusquam,
1268 1040 1374 1095 quod
1395 1041 1635 1095 quaerimus,
1668 1038 1788 1094 quasi
1808 1038 2015 1095 tergiuer-

190 1118 351 1153 santem
382 1120 535 1168 urguet
564 1112 618 1153 ad
650 1110 1004 1167 respondendum.

303 1186 369 1226 39.
402 1187 463 1227 lm'c
496 1201 596 1228 onus
625 1186 774 1228 lzorret.
851 1184 939 1227 Hic
969 1184 1209 1240 eloquitur,
1237 1185 1349 1240 quod
1380 1185 1424 1226 in
1453 1185 1534 1226 fine
1565 1184 1646 1227 sibi
1676 1184 1807 1227 uoluit
1843 1198 2019 1239 respon-

190 1258 294 1308 deri,
325 1258 443 1300 illum
476 1274 566 1300 esse
597 1258 804 1309 timidum,
837 1258 909 1313 qui
940 1258 1124 1300 officium
1154 1258 1289 1314 fugiat
1319 1258 1438 1300 illum
1467 1259 1631 1309 fortem,
1664 1258 1736 1313 qui
1757 1257 1903 1300 subeat
1922 1271 2019 1312 per-

154 1345 164 1360 ,-
195 1333 398 1386 feratque,
430 1347 479 1373 ac
509 1346 585 1386 per
614 1332 694 1374 hoc
724 1333 838 1373 hunc
868 1331 1140 1381 laudandum,
1172 1331 1292 1372 illum
1323 1331 1662 1387 uituperandum.

301 1407 368 1446 41.
402 1415 472 1447 auc
501 1408 633 1448 uirtus
663 1420 806 1447 nomen
837 1407 956 1447 inane
987 1413 1055 1447 est.
1128 1403 1293 1446 Nomen
1324 1404 1449 1446 inane
1479 1418 1719 1458 uanumque
1758 1418 1848 1446 esse
1887 1403 2019 1445 uirtu-

189 1487 286 1529 tem,
317 1477 532 1533 Epicurus
562 1478 682 1528 dixit,
701 1480 795 1534 (et)
828 1478 882 1520 ad
912 1478 1173 1533 uoluptatem
1204 1478 1352 1519 referri
1379 1478 1594 1528 uniuersa,
1627 1492 1737 1532 quae
1766 1477 1956 1520 facimus.
2019 1492 2022 1495 ’

301 1554 367 1592 42.
400 1552 483 1594 Aut
515 1553 634 1594 decus
666 1561 698 1594 et
725 1553 911 1607 pretium.
987 1550 1085 1593 Hoc
1117 1549 1251 1593 Stoici
1282 1551 1456 1602 dicunt„
1486 1551 1539 1592 ad
1568 1550 1830 1593 honestatem
1860 1557 1898 1593 et
1929 1564 2019 1593 rec-

189 1631 276 1666 tum
307 1625 346 1666 h.
378 1640 412 1667 e.
445 1625 500 1666 ad
529 1626 728 1667 uirtutem
759 1624 901 1667 omnia
932 1630 1191 1666 reuoca-ntes.

302 1700 369 1740 43.
406 1699 551 1741 Coram
573 1714 665 1754 reqe
685 1714 770 1741 suo.
831 1698 922 1739 Iam
952 1698 1170 1754 praecepit
1200 1696 1358 1748 dicens,
1389 1697 1674 1740 uerecundum
1704 1697 1799 1753 plus
1819 1697 2019 1752 prodesse

189 1771 303 1826 apud
332 1772 513 1814 maiores
543 1772 702 1814 amicos
733 1786 859 1826 quam
890 1785 1112 1825 procacem
1143 1770 1446 1826 inpudentiam,
1478 1771 1727 1827 praesertim
1760 1785 1855 1813 cum
1875 1777 2017 1813 tacen-

187 1844 299 1887 tibus
329 1846 465 1901 magis
498 1860 624 1900 quam
654 1844 926 1900 poscentibus
956 1844 1207 1900 largiantur.
1954 1831 1957 1833 .

301 1920 367 1960 46.
402 1919 588 1960 Indotata
618 1919 715 1960 milii
743 1932 860 1960 soror
891 1926 957 1960 est.
1019 1915 1197 1972 Μίμησις
1217 1917 1368 1974 figura,
1401 1918 1480 1960 hoc
1501 1925 1576 1969 est,
1608 1918 1786 1960 imitatio
1808 1918 2019 1974 poscentis

188 1991 364 2046 aliquid.

301 2066 368 2106 48.
402 2066 569 2106 clamat:
606 2065 760 2106 uictum
791 2065 892 2106 date.
938 2063 1051 2106 >Hoc
1081 2070 1154 2114 est,
1201 2064 1425 2107 mendicat.
1484 2066 1653 2107 succinit
1682 2065 1795 2108 alter.
1858 2063 2016 2108 Subse-

188 2220 217 2247 2.
243 2218 325 2248 conf.
350 2217 421 2261 sz:
448 2219 509 2247 ‘res
529 2227 646 2258 geo-ere.
675 2219 695 2247 i.
720 2227 770 2248 res
795 2227 928 2256 magnas
954 2220 974 2248 i.
1001 2218 1110 2249 bella.‘
1126 2228 1246 2249 ——cum
1268 2219 1307 2249 sit
1330 2228 1449 2250 cessare
1472 2229 1526 2251 nec
1550 2229 1580 2250 u.
1599 2221 1631 2250 h.
1658 2230 1684 2251 c.
1712 2231 1736 2251 s.
1762 2230 1851 2252 cons.
1877 2223 1910 2251 et
1933 2221 2018 2260 pigri

187 2274 226 2311 Q,
251 2275 425 2305 confitens:
454 2275 546 2313 ‘quae
571 2278 719 2313 corrupta
743 2284 819 2304 num
843 2275 1053 2313 probabiliter
1077 2275 1215 2305 sanarim
1241 2279 1274 2306 et
1299 2276 1369 2315 ipse
1394 2276 1636 2316 dubitoffreqere
1660 2280 1692 2307 et
1715 2277 1782 2315 uig.
1807 2276 1881 2307 MR.

300 2331 332 2370 1)
357 2331 408 2361 Aa
429 2332 580 2362 maiorem
603 2332 645 2361 ad
669 2341 709 2361 m.
736 2331 773 2361 R.
799 2350 841 2353 —
866 2331 934 2361 ueri
957 2332 1060 2362 simile
1085 2330 1211 2362 MR2G.
1236 2333 1307 2365 rell.
1339 2332 1383 2362 ait
1406 2333 1521 2363 simile.
1587 2333 1622 2372 2)
1649 2334 1824 2372 promereri
1855 2334 2016 2372 principes

186 2387 300 2428 2G(Q)
328 2392 359 2418 et
382 2392 447 2418 uet.
473 2389 543 2418 cod.
570 2389 610 2418 ΙΙ.
637 2388 794 2427 Stephani
820 2389 923 2421 Emm.
950 2399 980 2428 p.
1010 2390 1080 2420 165.
1115 2399 1214 2428 prom.
1239 2389 1396 2428 principis
1419 2389 1490 2419 MR.
1516 2390 1586 2420 rell.
1614 2390 1785 2428 promoueri
1809 2400 1830 2419 a
1846 2389 2014 2428 princibus.

186 2445 266 2475 conf.
293 2445 362 2488 Βφ;
405 2444 451 2474 ‘Si
476 2455 539 2476 non
564 2449 657 2484 potes
682 2454 816 2483 magnas
841 2455 890 2475 res
919 2454 1030 2484 gerere
1067 2445 1176 2476 saltim
1212 2446 1411 2484 principibus
1448 2446 1587 2484 placeas.
1627 2450 1658 2476 et
1694 2450 1744 2476 est
1780 2446 1961 2485 exemplum
1998 2455 2016 2475 a

184 2502 302 2531 maiore
329 2502 369 2531 ad
394 2502 521 2531 minus.’
572 2502 607 2541 5)
633 2511 694 2540 quo
718 2502 815 2531 uerbo
840 2501 990 2541 siynitiam
1007 2501 1070 2540 (sic
1090 2506 1123 2532 et,
1134 2502 1240 2532 Halm.
1268 2512 1432 2542 perperam
1457 2503 1500 2539 Q:
1538 2502 1782 2543 siqnifi'ynitiam).
1800 2503 1885 2532 unde
1911 2506 1942 2533 et
1967 2512 2015 2533 se-

184 2558 240 2587 ‹les
264 2557 389 2596 requicio
415 2557 494 2597 (sic)
518 2557 562 2587 M.
589 2568 619 2596 q.
647 2568 677 2588 u.
714 2557 879 2597 segnitiam.
918 2559 1001 2588 unde
1027 2562 1060 2588 et
1085 2559 1175 2589 sedes
1200 2560 1339 2597 requitio
1365 2559 1399 2589 R.
1426 2570 1455 2598 q.
1482 2569 1511 2589 u.
1547 2559 1693 2599 sayatiem
1721 2559 1906 2589 demonstrat
1926 2562 1961 2589 ut
1984 2562 2016 2589 et

184 2615 274 2644 sedes
299 2614 452 2653 requietio
479 2615 508 2644 2.
535 2625 564 2653 q.
589 2625 618 2644 u.
646 2615 811 2653 significat
823 2614 899 2653 finit
921 2619 957 2645 ut
982 2620 1013 2645 ct
1037 2616 1139 2645 sedes.
1166 2617 1325 2655 requiram
1348 2627 1369 2645 v
1395 2616 1577 2656 (requirem)
1601 2616 1666 2645 afh.
1707 2616 1876 2645 Fabricius
1900 2623 2013 2645 uersus

182 2676 303 2709 partem
323 2672 484 2701 sublatere
502 2671 639 2710 putauit,
674 2672 729 2701 sed
755 2672 933 2710 simplicius
959 2672 1087 2702 uidetur
1111 2673 1266 2702 scribere:
1293 2672 1376 2702 unde
1402 2676 1434 2703 et
1449 2671 1532 2702 sedes
1549 2673 1692 2711 requiem
1709 2671 1917 2711 (significat),
1942 2672 2013 2701 uel:

184 2729 308 2766 requies
335 2728 546 2766 intellegitur.
588 2727 616 2763 Q
632 2736 719 2758 more
744 2737 800 2758 suo
825 2728 972 2758 lacunam
998 2729 1153 2767 signauit.
1180 2729 1261 2758 conf.
1278 2729 1349 2771 Βφε
1374 2729 1458 2758 sedit.
1484 2729 1594 2767 segnis
1619 2729 1752 2759 mansit.
1779 2726 1820 2758 C:
1847 2728 2013 2757 remansit.

183 2786 334 2814 cessauit.
384 2783 418 2823 7)
442 2784 518 2814 male
542 2784 683 2814 noluisse
709 2784 822 2820 2G‚va.
848 2784 925 2814 male
948 2784 1086 2814 voluisse
1111 2784 1177 2820 th
1203 2785 1289 2824 (‘hoc
1314 2785 1412 2814 schol.
1440 2794 1502 2815 non
1527 2784 1727 2823 intelligo.’).
1744 2793 1789 2813 me
1812 2784 1957 2814 noluisse
1969 2783 2015 2820 M,

181 2849 226 2868 me
249 2840 389 2870 voluisse
414 2840 449 2869 R.
491 2840 622 2877 Locum,
659 2849 720 2879 quo
746 2841 825 2870 nihil
851 2844 959 2878 potest
985 2841 1165 2879 excogitari
1190 2842 1381 2879 corruptius,
1420 2842 1552 2871 liberius
1577 2840 1746 2871 emendare
1771 2844 1905 2870 conatus
1931 2848 2011 2869 sum.

185 2896 224 2924 Se
259 2900 484 2934 contempnere
520 2906 576 2934 pro
609 2905 668 2926 non
703 2896 850 2935 confidere
880 2896 985 2928 Plaut.
1023 2897 1112 2926 Trin.
1138 2897 1178 2935 ΙΙ,
1207 2897 1237 2934 2,
1263 2898 1316 2926 42.
1345 2896 1415 2927 Mil.
1443 2897 1497 2934 lv,
1524 2898 1554 2934 6,
1582 2897 1634 2926 21.
1662 2895 1729 2926 Cic.
1756 2895 1840 2925 Phil.
1865 2895 1956 2933 XIII,
1984 2896 2011 2924 7.

183 2951 337 2985 Att.XI1‚
355 2954 404 2981 21.
455 2953 489 2991 9)
518 2952 677 2992 Quidquid
699 2952 772 2983 MG.
800 2954 963 2992 quicquam
987 2952 1022 2982 R.
1048 2953 1193 2992 quicquid
1214 2962 1266 2984 va.
1304 2952 1390 2988 Quid
1413 2953 1466 2992 qui
1488 2963 1548 2983 om.
1573 2953 1620 2983 fh.
1647 2952 1703 2991 qui
1725 2951 1823 2991 coquit
1846 2952 1874 2982 2.
1889 2955 2011 2989 ——atq3

185 3021 227 3035 z
242 3011 329 3045 atque
347 3008 440 3037 MR2.
459 3010 528 3038 rell.
547 3010 648 3048 atqui.
668 3010 750 3040 conf.
768 3010 838 3052 Βφ;
865 3014 897 3039 at
919 3009 978 3048 qui.
1004 3012 1101 3038 certe.
1128 3010 1295 3047 respondit
1320 3010 1398 3047 ipse.
1450 3010 1505 3048 12)
1529 3013 1638 3047 urguet
1660 3007 1792 3047 M(Q)2.
1819 3007 1888 3037 rell.
1913 3010 2012 3045 urget.

189 3064 243 3101 13)
272 3064 410 3101 loquitur
429 3066 457 3093 2.
508 3066 564 3103 14)
591 3065 762 3096 timendum
789 3066 820 3096 h.
874 3066 929 3105 17)
955 3070 983 3095 et
998 3065 1038 3095 ad
1056 3066 1119 3096 uol.
1140 3067 1166 3095 2.
1194 3066 1235 3095 ad
1252 3066 1507 3103 uoluptatemque
1522 3064 1610 3094 vafh.
1662 3064 1717 3103 19)
1741 3072 1893 3094 reuocans
1908 3061 2010 3092 MRG.

186 3124 356 3149 reuocante
380 3130 411 3150 v.
461 3121 518 3159 21)
544 3122 759 3159 procacitatem
785 3122 994 3161 impudentem
1019 3123 1050 3152 2.
1075 3122 1144 3151 rell.
1171 3130 1331 3160 procacem
1355 3122 1589 3160 impudentiam
1615 3119 1699 3162 (inp.
1724 3119 1784 3159 M).
1849 3119 1908 3158 23)
1934 3114 2010 3159 Μιμ.

186 3176 239 3214 sig.
266 3185 326 3205 om.
354 3176 383 3205 2.
411 3175 536 3207 Mimos.
565 3177 617 3216 fig.
646 3177 725 3217 (sie)
752 3178 794 3208 M.

2110 1884 2114 1904 .

2107 1922 2115 1961 l

2102 2014 2114 2137 g
