2148 3412
189 926 224 956 10

187 1291 225 1322 15

187 1656 228 1687 20

249 121 302 160 5Ο
880 122 984 155 ACR.
1010 121 1070 152 ET
1095 119 1261 151 PORPH.
1287 117 1433 150 COMM.

360 254 396 293 2.
428 251 569 305 royate'.
629 246 772 289 Etiam
802 245 952 301 rogati.

358 326 396 366 3.
428 324 598 366 Sardus.
659 321 838 363 Sardum
867 318 984 368 dixit,
1017 316 1129 372 quod
1158 315 1201 356 in
1234 312 1433 356 Sardinia
1463 313 1514 355 sit
1544 319 1665 353 natus
1676 328 1686 361 3
1730 310 1930 353 Sardinia
1959 309 2072 352 enim

246 398 384 440 insula
415 404 489 438 cst.

359 472 396 511 4.
430 471 493 510 ille
529 470 564 510 T
563 468 721 523 e'qellt'us
752 467 836 508 ltoc.
898 463 1032 517 Quasi
1064 463 1115 504 de
1145 469 1242 503 noto
1273 461 1380 502 dixit
1407 461 1484 502 ille.
1547 460 1644 501 Hoc.
1675 458 1803 511 Quod
1833 458 1940 499 dico.

366 544 527 585 Caesar.
586 539 817 595 Augustus,
851 538 926 580 sub
959 552 1040 592 quo
1071 535 1289 578 Horatius.

356 618 501 672 patris.
563 612 611 654 C.
646 611 857 654 Caesaris.

362 689 581 744 Proficere't.
641 686 891 741 Inpetraret‚
923 683 1207 740 persuaderet.

362 765 398 803 (ἱ.
431 764 468 802 7.
499 763 534 803 si
563 761 650 802 coll.
680 761 726 801 ab
750 774 837 801 ouo.
861 759 990 813 Usque
1012 757 1065 798 ad
1084 756 1190 797 mala
1218 780 1257 785 —
1288 756 1435 795 citaret.
1494 751 1565 794 Ab
1596 752 1716 794 initio
1747 751 1917 808 prandii
1945 766 2078 806 usque
2132 769 2135 807 ζ

250 836 304 877 ad
334 836 471 876 finem.
532 834 666 875 Ouum
697 832 808 874 enim
839 831 1004 872 initium
1026 843 1180 871 caenae
1201 834 1302 878 erat,
1340 826 1497 882 quippe
1520 826 1633 881 quod
1653 826 1696 866 in
1718 840 1890 882 egressu
1913 824 2075 882 [gustu]
2131 840 2141 878 ς,

251 909 388 951 statim
419 923 444 948 a
473 906 636 948 balneis
667 905 938 952 offerebatur3
970 904 1081 945 mala
1111 908 1250 943 antem
1271 901 1315 941 in
1336 899 1530 942 secundis
1551 899 1866 941 mensiserant.
1933 899 2081 941 Cz'taret
2132 936 2135 944 ,

251 989 388 1023 autem
409 981 434 1022 i.
458 995 491 1022 e.
523 980 764 1021 clamitaret.
830 979 958 1020 Citari
985 977 1194 1025 dicuntur,
1227 974 1298 1030 qui
1328 988 1432 1015 uoce
1463 973 1576 1014 clara
1608 972 1799 1014 citantur.
2134 1026 2138 1032 ,

364 1057 400 1095 7.
433 1056 470 1096 8.
503 1068 672 1095 summa.
732 1050 1003 1100 Acutissima,
1051 1063 1156 1104 quae
1188 1048 1232 1089 in
1262 1062 1425 1089 summa
1455 1052 1574 1102 parte
1604 1046 1754 1101 organi
1786 1052 1845 1088 est
1877 1052 1915 1087 et
1947 1045 2075 1101 ὑπάτη
2134 1047 2135 1051 ’

251 1127 416 1170 dicitur.

362 1201 477 1242 modo
508 1200 595 1241 hac.
654 1197 706 1239 Id
736 1204 810 1247 est,
842 1204 985 1238 tenera
1014 1210 1131 1245 uoce,
1164 1195 1269 1237 sicut
1301 1194 1551 1235 chordarum
1582 1192 1811 1235 nouissima
1831 1192 2083 1234 teneriorem
2134 1199 2136 1202 ’

252 1289 399 1316 sonum
429 1272 592 1322 emittit,
625 1285 731 1326 quae
762 1271 805 1311 in
835 1269 1101 1311 tetrachordo
1133 1269 1218 1309 ima
1249 1276 1320 1309 est.
1396 1266 1518 1309 Haec
1549 1267 1696 1308 eadem
1727 1267 1824 1322 νήτη
1858 1281 1882 1308 a
1912 1265 2083 1309 musicis

256 1347 423 1390 dicitur.
2136 1331 2139 1344 ’

365 1428 556 1476 quattuor
585 1419 674 1460 ima.
735 1416 786 1458 Id
816 1424 895 1458 est:
928 1423 1023 1471 post
1053 1420 1261 1470 quattuor,
1293 1429 1342 1456 ac
1372 1428 1449 1469 per
1478 1414 1557 1455 hoc
1588 1413 1745 1468 quinta.

368 1494 432 1534 10.
463 1493 523 1534 m‘l
551 1507 630 1548 aeq.
652 1491 688 1532 lz.
710 1492 739 1546 s.
761 1492 785 1532 τ’.
811 1491 996 1546 Aequale.
1055 1488 1287 1530 Mediocre.
1320 1487 1382 1529 Ut
1412 1487 1578 1529 Sallust.
1610 1487 1661 1528 de
1694 1485 1879 1529 Catilina
1910 1487 1966 1542 (c.
1990 1487 2082 1541 15):
2130 1500 2131 1503 ’

255 1569 354 1608 citus
385 1566 510 1614 moda
556 1565 671 1606 modo
704 1565 846 1606 tardm
875 1565 1055 1605 'mcessus
1088 1561 1228 1619 [erat]
1288 1561 1339 1601 In
1370 1561 1564 1603 omnibus
1594 1560 1776 1603 ostendit
1805 1560 2082 1616 inaequalem.

368 1654 483 1694 saepe
513 1638 622 1680 uelut
651 1639 728 1693 qui.
790 1635 911 1678 Ordo
942 1643 1021 1677 est:
1062 1633 1202 1691 Saepe
1233 1634 1425 1676 currebat
1456 1635 1571 1676 uelut
1600 1635 1768 1691 fugiens
1797 1635 1970 1677 hostem.

367 1713 432 1751 11.
460 1725 648 1767 persaepe
678 1726 717 1751 u.
749 1725 781 1765 q.
814 1710 985 1751 J'emont‘s
1015 1724 1138 1751 sacra
1167 1709 1304 1763 ferret.
1374 1707 1614 1764 Κανηφόροι
1645 1709 1758 1764 apud
1789 1707 1979 1749 Athenas
2009 1708 2084 1750 ho-

253 1785 403 1839 dieque
420 1784 626 1833 dicuntur,
650 1797 755 1838 quae
773 1797 892 1824 sacra
908 1783 949 1823 in
972 1782 1108 1837 capite
1129 1789 1295 1837 portant
1312 1791 1349 1823 et
1368 1783 1521 1824 sensim
1538 1783 1738 1824 incedunt
1754 1790 1793 1824 et
1808 1783 1920 1824 lento
1936 1783 2084 1839 gradu.

369 1860 431 1898 12.
463 1859 578 1899 'modo
600 1873 681 1913 req.
705 1867 781 1913 atq.
802 1857 1037 1899 tetrarchas.
1098 1854 1254 1898 Subest
1283 1856 1537 1898 imitabatur.
1603 1857 1847 1899 Tetrarchae
1877 1857 2085 1907 dicuntur,

255 1931 326 1986 qui
357 1938 548 1986 quartam
580 1938 743 1986 partem
775 1930 895 1985 regni
928 1929 1195 1985 imperatoris
1224 1928 1392 1970 liabent.

371 2048 403 2085 1)
430 2047 538 2076 Etiam
563 2048 670 2084 rogati
694 2057 721 2089 γ.
748 2047 817 2075 rell.
844 2056 905 2076 om.
932 2046 974 2075 Et
1000 2047 1059 2076 hoc
1085 2046 1184 2075 schol.
1211 2055 1272 2075 om.
1300 2044 1456 2082 XG‚mva.
1491 2044 1627 2076 Sardum
1658 2064 1695 2066 —
1721 2050 1814 2077 natus
1839 2056 1866 2088 γ.
1893 2046 2012 2077 Sardus
2036 2047 2088 2087 qui

256 2103 348 2142 (quia
366 2103 408 2142 Q)
436 2105 468 2133 in
486 2104 636 2133 Sardinia
662 2107 704 2132 est
727 2107 832 2132 natus,
859 2102 1079 2132 Sardiniensis
1105 2103 1190 2131 enim
1215 2101 1312 2131 incola
1338 2106 1387 2131 est
1411 2101 1487 2137 th.
1512 2103 1590 2141 quod
1613 2107 1685 2132 esset
1709 2104 1742 2132 in
1761 2103 1911 2134 Sardinia
1934 2109 2030 2134 natus
2049 2104 2084 2135 C.

255 2159 427 2190 Sardtensz's
452 2164 500 2189 est
524 2159 623 2189 insula
639 2169 665 2201 γ.
681 2169 739 2189 om.
757 2158 793 2189 C.
821 2160 913 2197 posui
934 2158 1089 2188 Sardium.
1115 2159 1199 2188 Plin.
1226 2158 1281 2195 ΙΙΙ,
1303 2159 1330 2187 7.
1356 2158 1442 2188 Mela
1458 2158 1499 2196 ΙΙ,
1520 2161 1549 2188 7.
1576 2159 1716 2189 Martial.
1741 2160 1796 2196 IV,
1823 2161 1875 2198 60,
1896 2162 1913 2190 6
1932 2165 1963 2191 et
1988 2161 2087 2192 insula

255 2226 310 2254 pro
335 2216 543 2246 Sardiniens‘z's
566 2216 675 2253 incola,
708 2218 791 2254 qnod
817 2217 847 2244 h.
874 2216 893 2244 l.
921 2217 1065 2254 ineptum
1092 2219 1152 2245 est.
1200 2215 1250 2245 De
1275 2216 1457 2245 hominibus
1484 2219 1514 2245 et
1538 2217 1632 2245 rebus
1659 2216 1747 2255 (niel.
1773 2217 1850 2246 Hor.
1875 2218 1913 2247 A.
1950 2227 1980 2255 p.
2005 2217 2086 2258 375)

255 2273 379 2310 Sardus,
406 2274 445 2302 de
462 2274 556 2302 rebus
574 2277 703 2303 tantum
721 2272 853 2302 Sardoas
870 2273 1044 2308 dicebatur,
1072 2276 1104 2301 ut
1122 2281 1209 2301 mare
1227 2270 1379 2301 Sardoum
1403 2272 1487 2301 Plin.
1505 2272 1562 2310 ΙΙΙ,
1583 2274 1611 2302 5.
1636 2282 1736 2311 regna
1762 2272 1859 2304 Ouid.
1877 2274 1912 2304 F.
1932 2274 1987 2312 IV,
2008 2276 2084 2306 289.

257 2329 373 2359 Glossa
399 2330 438 2359 de
464 2329 615 2359 Sardinia
640 2329 744 2358 insula
770 2329 842 2358 ideo
868 2329 1022 2358 adiuncta
1047 2329 1186 2365 uidetur,
1224 2329 1308 2366 quod
1335 2328 1464 2357 Samius
1495 2329 1661 2359 dicebatur
1694 2331 1798 2360 incola
1828 2332 1916 2361 urbis
1950 2331 2084 2371 Lydiae.

255 2386 334 2415 Hor.
360 2386 395 2415 E.
422 2386 448 2421 I,
479 2387 526 2417 11,
555 2386 591 2415 2;
626 2384 726 2414 Croesi
750 2385 835 2424 reyz'a
861 2385 980 2414 Sardis.
1011 2402 1050 2404 w
1077 2384 1238 2414 Desistant.
1266 2389 1395 2414 cantare
1421 2386 1465 2422 gl.
1491 2395 1518 2427 γ.
1567 2387 1601 2425 4)
1629 2386 1759 2416 dixisset
1773 2396 1800 2429 γ,
1831 2406 1864 2408 α-
1895 2388 1988 2423 Quod
2014 2390 2085 2419 dico

254 2451 281 2482 γ.
306 2442 374 2470 rell.
401 2452 462 2471 om.
512 2443 547 2480 5)
573 2445 600 2470 et
623 2442 701 2471 Hor.
728 2451 754 2483 γ.
805 2443 838 2479 7)
864 2441 1039 2470 proficeret
1111 2440 1388 2483 persuaderet-(C.
1409 2442 1478 2471 rell.
1498 2452 1558 2471 om.
1607 2443 1642 2481 8)
1663 2443 1795 2481 prandii
1818 2453 1844 2485 γ.
1872 2445 1941 2475 rell.
1967 2454 2083 2475 coenae.

256 2500 374 2537 quippe
399 2509 465 2528 cum
489 2498 571 2541 γΒφ,
610 2504 645 2528 ut
670 2498 782 2536 Porph.
849 2498 883 2535 9)
909 2497 990 2526 emim
1015 2497 1051 2527 C.
1077 2499 1146 2526 rell.
1170 2502 1267 2537 yttsttt.
1295 2498 1506 2528 Scribeudum
1533 2504 1580 2530 est
1606 2500 1637 2529 in
1661 2510 1789 2540 eyressu.
1820 2501 1869 2531 eff.
1895 2502 1975 2546 γΒερ.
2028 2503 2084 2542 10)

255 2561 351 2586 autem
375 2557 457 2598 γΒςρ,
483 2556 554 2585 rell.
581 2564 661 2584 nero.
688 2554 784 2584 Mala.
820 2554 984 2584 Secundae
1018 2564 1146 2584 mensae
1178 2555 1266 2584 cibos
1299 2555 1341 2592 gl.
1375 2565 1401 2596 γ.
1434 2556 1549 2585 citaret.
1580 2557 1734 2587 clamaret
1758 2568 1775 2600 γ
1801 2559 1843 2596 gl.
1910 2560 1964 2597 12)
1990 2559 2084 2588 Acut.

255 2613 369 2642 chorda
392 2622 467 2651 quae
491 2622 630 2650 suprema
662 2615 709 2640 est
734 2616 763 2640 et
789 2608 867 2653 νήτη
893 2611 1014 2641 dicitur
1029 2610 1064 2640 C.
1157 2611 1316 2649 kipateqae
1341 2621 1367 2652 γ.
1419 2614 1473 2650 14)
1498 2614 1664 2643 cordarum
1690 2616 1765 2656 ffih,
1790 2620 1825 2644 ut
1850 2616 1979 2653 plurimi
2003 2619 2084 2646 uett.

256 2669 336 2699 codd
372 2669 515 2699 Horatii.
544 2668 614 2697 rell.
641 2667 840 2697 chordarum.
895 2667 948 2705 16)
977 2669 1098 2697 dicitur
1121 2668 1161 2697 al.
1189 2669 1302 2705 quinta
1328 2669 1426 2698 corda
1443 2673 1516 2699 nete
1533 2671 1651 2700 dicitur
1674 2681 1700 2713 γ.
1728 2671 1755 2701 G
1774 2672 1872 2701 schol.
1900 2673 1946 2702 sic
1970 2673 2082 2702 habet:

255 2725 348 2755 Modo
375 2726 405 2754 h.
433 2735 461 2763 q.
492 2734 518 2753 c.
545 2735 574 2762 q.
604 2725 630 2753 i:
661 2724 780 2757 Quarta
805 2725 923 2754 chorda
948 2728 1021 2753 nete
1047 2724 1174 2754 dicitur.
1200 2735 1270 2754 mv:
1308 2726 1410 2764 quinta
1435 2726 1553 2755 chorda
1576 2736 1612 2756 ne
1636 2731 1662 2756 te
1687 2728 1814 2758 dicitur.
1842 2729 2003 2758 Mediocre
2028 2727 2083 2771 ΥΟ.

256 2782 324 2811 rell.
353 2791 411 2810 om.
464 2781 519 2818 18)
547 2780 658 2810 salust.
684 2791 711 2823 γ.
739 2781 822 2811 citus
849 2781 942 2810 modo
968 2791 1009 2810 m.
1036 2785 1059 2810 t.
1086 2780 1141 2822 γΟ.
1169 2781 1236 2810 rell.
1263 2783 1353 2811 modo
1379 2784 1462 2812 citus
1488 2793 1528 2813 m.
1554 2788 1577 2813 t.
1645 2784 1700 2822 19)
1729 2788 1794 2814 erat
1821 2795 1881 2814 om.
1908 2795 1933 2826 γ.
1959 2786 2084 2815 incessu
2132 2807 2133 2821 ,

256 2848 319 2867 mv.
347 2837 375 2866 in
404 2838 528 2867 incessu
554 2838 678 2867 mollior
705 2837 802 2867 Ouid.
830 2837 872 2866 M.
899 2837 953 2873 XI.
981 2838 1056 2866 (536.
1094 2838 1234 2867 incessus
1258 2848 1349 2868 rarus
1375 2849 1432 2869 nec
1458 2841 1504 2869 ita
1529 2841 1644 2878 longus
1673 2840 1742 2870 Cic.
1770 2841 1858 2871 Orat.
1887 2843 1937 2871 18.
1963 2842 2083 2872 fractus
2131 2832 2133 2854 ³

257 2894 393 2929 Quintil.
420 2894 457 2931 V,
484 2895 513 2923 9.
543 2898 666 2924 erectus
692 2895 767 2926 Tac.
794 2894 835 2924 H.
862 2895 886 2932 Ι,
914 2895 965 2924 53.
1017 2894 1073 2932 21)
1101 2894 1265 2924 caneforae
1295 2905 1322 2937 γ.
1350 2896 1431 2926 conf.
1457 2896 1573 2935 Porph.
1599 2897 1715 2926 Verba.
1742 2895 1817 2928 Καν.
1843 2899 1994 2928 dicuntur
2019 2908 2080 2928 om.

258 2950 383 2986 (ἔμηνε.
433 2951 489 2988 22)
516 2960 593 2988 quae
617 2951 668 2994 Βφ
694 2955 725 2981 et
752 2961 792 2980 ex
818 2951 933 2988 Porph.
961 2950 988 2985 Q
1014 2954 1110 2987 recte,
1142 2960 1214 2980 nam
1246 2952 1390 2990 uirgines
1423 2957 1523 2983 erant.
1558 2954 1640 2983 Plin.
1672 2954 1817 2992 XXXVI,
1845 2956 1874 2985 5.
1901 2954 1966 2984 Cic.
1993 2955 2082 2985 Verr.
2130 2962 2131 2965 ’

256 3006 310 3043 IV,
338 3007 367 3035 3.
394 3016 477 3036 omn.
504 3007 577 3036 libri
603 3007 676 3036 Aer.
701 3007 760 3046 qai.
787 3025 828 3028 -ffl
854 3007 885 3036 in
912 3017 972 3037 om.
998 3016 1024 3048 γ.
1044 3025 1078 3027 —
1098 3011 1129 3036 et
1153 3008 1273 3037 sensim
1299 3009 1359 3038 inc.
1385 3015 1416 3039 et
1442 3011 1481 3040 le.
1508 3019 1555 3048 gr.
1580 3019 1607 3052 γ.
1637 3012 1757 3041 sensim
1783 3011 1991 3049 progrediens
2016 3010 2082 3041 Cic.

258 3063 350 3093 Tusc.
376 3063 434 3100 ΙΙΙ,
462 3064 512 3092 22.
539 3065 606 3095 rell.
633 3069 663 3094 et
690 3065 774 3095 lento
799 3065 899 3103 gradu
924 3065 1087 3101 incedunt,
1125 3074 1185 3094 om.
1214 3066 1343 3095 sensim.
1376 3076 1468 3096 sacra
1484 3066 1594 3106 ferret.
1628 3068 1675 3097 ita
1708 3069 1825 3097 sensim
1860 3068 2031 3098 incedebat
2054 3076 2080 3110 γ.

259 3120 317 3159 23)
345 3119 409 3150 Sur)
436 3121 515 3150 imit.
542 3131 567 3163 γ.
594 3122 662 3152 rell.
689 3132 750 3152 om.
802 3122 858 3160 24)
884 3124 974 3159 regni
1001 3131 1061 3152 om.
1086 3131 1113 3163 γ.
1144 3122 1345 3160 imperatoris
1371 3134 1432 3154 om.
1458 3123 1492 3156 C.
