2148 3412
124 594 141 624 25!

120 962 160 994 10

190 157 272 198 390
825 165 930 198 Aen.
956 166 1016 198 ΕΤ
1042 165 1209 199 1011111.
1237 165 1385 199 eoMM.

191 290 312 343 Quae
344 290 492 332 ciuitas
528 304 612 331 non
648 290 774 346 longe
819 289 897 331 fuit
942 289 994 330 ab
1039 288 1156 339 urbe,
1205 288 1326 346 [quo]
1361 303 1467 345 quae
1498 289 1622 332 modo
1653 304 1738 332 non
1768 297 1841 331 est.
1902 288 2022 331 Haec

190 366 296 418 reqio
332 365 489 406 Pedana
518 363 627 405 inter
657 363 793 405 Tibur
823 370 863 404 et
882 361 1112 404 Praeneste
1143 369 1216 413 est,
1249 377 1273 403 a
1300 361 1474 405 Pedano
1506 363 1702 418 quodam,
1734 362 1852 405 cuius
1883 363 2022 405 adhuc

188 443 503 478 monumentum
535 444 699 478 exstare
731 436 898 478 dicitur.

302 512 338 551 3.
376 510 491 552 Cassi
522 511 769 553 Parmensis.
830 508 917 552 Hic
938 508 1179 564 Epicureus
1209 508 1301 559 fuit,
1335 516 1375 550 et
1395 516 1531 564 poeta.
1592 510 1837 551 Parmensis.
1867 508 2023 551 Parma

192 583 476 640 (Parmensis)
523 583 672 626 ciuitas
704 590 766 625 est
795 583 944 624 Italiae
978 582 1008 638 [‚
1040 589 1110 623 aut
1141 581 1486 639 Hispaniarum]
1546 584 1753 639 opuscula.
1812 581 1926 635 Quia
1958 598 2024 624 sa-

187 656 290 698 tiras
322 657 502 712 scripsit.
525 659 543 712 Η
569 657 730 699 Cassius
763 657 995 698 Parmensis
1026 655 1186 710 aliquot
1218 655 1446 711 generibus
1477 656 1617 698 stilum
1648 656 1848 698 exercuit.
1907 655 2024 698 Inter

187 745 294 785 quae
333 745 462 786 opera
500 730 668 786 ‘Elegia
705 736 745 771 et
780 729 1118 785 Epigrammata’
1156 729 1245 770 eius
1282 728 1519 771 laudantur.
1556 731 1573 784 Η
1608 741 1794 771 ALITER:
1841 729 1928 771 Hic
1964 737 2025 772 est

189 801 378 854 Cassius,
427 804 496 859 qui
543 804 586 845 in
617 803 810 860 partibus
842 801 1005 858 (Cassii
1035 803 1095 857 et)
1125 800 1250 843 Bruti
1282 817 1376 844 cum
1407 801 1588 844 Horatio
1619 802 1813 845 tribunus
1843 803 2023 846 militum

186 877 395 928 militauit,
428 877 539 919 uicto
570 876 703 918 Bruto
737 875 911 930 (quibus
940 875 1084 931 uictis)
1116 873 1309 917 Athenas
1340 890 1383 919 se
1415 875 1601 918 contulit.
1677 877 1852 928 Quintus
1891 877 2025 919 Varus

189 950 378 1007 [Varius]
402 950 454 992 ab
472 949 669 1007 Augusto
690 950 854 1000 missus,
885 956 930 991 ut
951 964 1048 991 eum
1078 949 1345 1000 interficeret,
1378 949 1613 991 studentem
1634 950 1822 1006 repperit
1843 957 1895 1001 et,
1927 964 2025 1005 per-

186 1032 327 1080 empto
358 1039 420 1074 eo,
467 1024 670 1066 scrinium
702 1039 796 1065 cum
828 1023 949 1065 libris
979 1022 1084 1064 tulit.
1118 1024 1136 1077 Η
1170 1022 1298 1065 Unde
1329 1023 1451 1065 multi
1482 1024 1764 1075 crediderunt,
1810 1024 2025 1080 Thyesten

188 1096 328 1140 Cassii
348 1097 594 1140 Parmensis
615 1098 755 1140 fuisse.
769 1097 783 1153 Η
799 1095 1041 1153 Scripserat
1061 1097 1174 1139 enim
1194 1097 1348 1140 multas
1372 1096 1516 1156 [alias]
1541 1098 1782 1154 tragoedias
1806 1096 1992 1141 Cassius.
2011 1099 2026 1155 ΙΙ

185 1305 278 1344 Pedo,
312 1306 397 1344 quod
424 1315 488 1335 non
515 1306 611 1344 longe
635 1306 700 1335 fuit
725 1305 765 1334 ab
791 1305 878 1341 urbe,
904 1301 969 1345 Jsed
992 1304 1085 1334 modo
1110 1313 1173 1333 11011
1200 1305 1270 1334 est.⁷
1311 1305 1348 1334 In
1371 1306 1487 1344 Porph.
1519 1306 1657 1344 legitur:
1693 1316 1771 1336 nunc
1796 1316 1860 1337 non
1885 1310 1943 1336 est.
1969 1306 2024 1348 -sb2

185 1372 241 1401 quo
266 1363 359 1392 modo
385 1372 448 1392 non
475 1367 532 1392 est.
560 1364 653 1401 posui
679 1372 764 1401 quae.
792 1362 863 1391 rell.
890 1372 950 1391 om.
976 1361 1099 1397 Pedum,
1126 1360 1214 1390 Latii
1238 1362 1323 1398 urbs,
1350 1363 1472 1400 pluries
1497 1363 1584 1401 apud
1600 1363 1730 1394 Liuium
1754 1363 1794 1399 II,
1815 1364 1855 1393 39
1882 1367 1913 1392 et
1938 1363 2025 1400 VIII,

190 1420 239 1449 12.
270 1421 308 1449 13
335 1420 483 1456 occurrit,
509 1419 636 1455 Pedani,
663 1429 681 1448 a
704 1418 813 1448 Plinio
838 1417 896 1455 III,
925 1418 941 1447 5
970 1421 1001 1447 et
1025 1418 1065 1447 ab
1092 1418 1202 1447 eodem
1227 1417 1321 1449 Liuio
1346 1418 1431 1455 VIII,
1453 1420 1493 1448 14
1517 1424 1745 1450 memorantur.
1795 1420 1885 1450 Duos
1911 1421 1944 1449 in
1969 1419 2026 1449 illa

187 1478 320 1516 regione
347 1477 465 1507 offendi
491 1478 591 1515 uicos,
618 1486 753 1516 quorum
778 1476 861 1505 alter
887 1476 1057 1513 Zagarola‚
1084 1476 1167 1505 alter
1192 1474 1363 1506 Gallicano
1388 1475 1480 1505 hodie
1505 1480 1719 1516 nuncupatur.
1746 1477 1826 1508 conf.
1844 1477 2025 1515 Westphal.

186 1534 276 1564 Rom.
307 1533 418 1572 Camp.
446 1544 476 1572 p.
506 1535 579 1563 101.
609 1534 681 1563 102.
710 1532 840 1571 Gruppe
864 1532 955 1562 R'om.
982 1532 1076 1571 Eleg.
1104 1541 1134 1570 p.
1163 1532 1239 1564 257.

322 1591 358 1629 4)
384 1590 444 1620 Hic
469 1591 616 1628 epicurus
642 1590 705 1620 fnit
731 1594 761 1620 et
787 1593 883 1628 poeta
907 1599 924 1631 γ
949 1593 979 1619 01
1005 1589 1101 1618 Fran.
1128 1592 1213 1618 teste
1237 1589 1347 1619 Burm.
1382 1591 1422 1619 ad
1446 1590 1548 1620 Anth.
1575 1589 1646 1620 Lat.
1672 1590 1741 1620 Vol.
1766 1591 1780 1620 I
1806 1600 1836 1629 p.
1864 1592 1916 1620 98.
1944 1589 2025 1620 conf.

185 1647 361 1677 Weichert.
388 1652 452 1677 not.
479 1648 519 1676 ad
546 1646 637 1677 Cass.
663 1647 768 1677 Parm.
796 1656 825 1684 p.
854 1647 928 1676 227.
955 1646 991 1675 b:
1020 1646 1084 1676 ‘hic
1110 1646 1256 1684 epicurus
1281 1645 1344 1676 fuit
1369 1646 1443 1685 quia
1469 1648 1573 1677 satira
1603 1647 1743 1685 scripsit.
1782 1651 1878 1686 poeta
1914 1656 2026 1685 parma

186 1705 305 1734 ciuitas
331 1705 423 1734 italie
448 1708 503 1734 aut
528 1704 773 1742 hispaniarum.’
812 1704 881 1734 rell.
907 1713 967 1734 om.
1025 1703 1059 1741 5)
1087 1703 1273 1732 Parmensis
1298 1704 1359 1732 ciu.
1387 1721 1428 1724 ἡ
1455 1704 1679 1742 hispaniarum
1703 1705 1740 1745 Tb
1766 1703 1923 1742 (Parma).
1956 1704 2024 1733 rell.

184 1771 244 1791 0111.
271 1761 326 1799 qui
350 1762 479 1791 satiram
505 1761 639 1798 scripsit
664 1770 692 1802 γ.
719 1761 811 1799 posui
839 1760 954 1790 satiras
978 1760 1120 1798 scripsit.
1163 1759 1290 1790 Satiras
1315 1761 1438 1799 accipio
1464 1761 1710 1800 Epigrammata
1736 1762 1768 1790 in
1801 1761 2024 1799 sequentibus.
2045 1762 2054 1764 ‘

184 1818 215 1849 S.
244 1818 407 1849 Obbarius
434 1820 488 1857 qui
514 1829 544 1857 p.
574 1819 637 1848 232
663 1819 754 1848 uaria
779 1818 901 1848 iudicia
926 1817 1073 1848 Aliorum
1099 1822 1248 1847 accurate
1284 1822 1316 1847 et
1351 1818 1513 1856 copiosius
1550 1822 1712 1848 recenset:
1753 1817 1917 1856 ‘Opuscula
1955 1818 2025 1847 sine

185 1877 282 1906 dubio
308 1876 535 1914 intelliguntur
561 1876 683 1914 elegiae
704 1885 823 1914 eaeque
852 1875 1052 1905 amatoriae.’
1079 1874 1162 1905 conf.
1180 1874 1354 1905 Weichert.
1381 1884 1410 1912 p.
1430 1875 1620 1904 239—-243.
1645 1875 1696 1904 De
1713 1874 1898 1905 confusione
1917 1873 2026 1904 Cassii

184 1933 359 1963 Parmensis
396 1943 465 1962 cum
505 1932 620 1963 Cassio
644 1934 775 1963 Etrusco
813 1933 888 1962 uide
914 1942 1010 1970 supra
1036 1942 1065 1970 p.
1096 1934 1169 1962 177.
1195 1932 1271 1962 Acr.
1298 1932 1338 1960 ad
1364 1931 1395 1961 S.
1421 1931 1446 1969 1,
1476 1932 1526 1968 10,
1553 1932 1606 1960 61.
1633 1931 1674 1961 62
1701 1936 1733 1961 et
1768 1931 1925 1962 Welcker.
1963 1930 2025 1960 Die

185 1991 306 2029 griech,
333 1990 429 2028 Trag.
455 2000 484 2028 p.
504 1990 735 2019 1403-1405.
786 1989 820 2028 6)
850 1988 982 2019 Cassius
1012 1988 1132 2027 (casius
1158 1989 1194 2028 b)
1220 1989 1403 2018 Parmensis
1427 1989 1475 2030 γ1).
1503 1988 1571 2018 1011.
1592 1998 1653 2018 0111.
1680 1988 1738 2018 Hic
1762 1988 2025 2027 aliq—stylum

185 2047 281 2077 ath.
345 2048 377 2086 7)
405 2048 510 2085 elegia
534 2056 561 2088 γ.
590 2046 694 2084 elogia
719 2048 750 2075 b.
777 2046 939 2084 aeleglaca
965 2050 996 2074 01
1022 2046 1221 2084 epigramata
1245 2055 1275 2074 v.
1303 2045 1440 2084 eleyiaca
1465 2044 1558 2080 ath.
1586 2043 1670 2074 conf.
1699 2044 1742 2074 C:
1769 2062 1811 2065 ——
1836 2046 1921 2074 inter
1947 2053 2026 2082 quae

185 2113 291 2142 opera,
318 2103 408 2143 elegi,
437 2109 469 2133 et
495 2104 597 2141 epigr.
625 2103 702 2140 (om.
729 2101 815 2141 eius)
841 2102 1035 2132 laudantur!
1063 2120 1104 2122 —
1129 2102 1185 2131 A’t.
1211 2112 1238 2144 γ.
1257 2102 1326 2132 1011.
1345 2111 1406 2131 om.
1433 2100 1586 2131 Scholion
1611 2101 1680 2130 ‘Hic
1706 2105 1747 2130 est
1773 2100 1891 2131 Cassius
1918 2101 1965 2143 (ί)
1984 2118 2025 2121 -

184 2160 356 2200 tragoedias
381 2160 505 2190 cassius'
534 2161 633 2189 etiam
646 2159 879 2198 Porphyrionis
907 2163 965 2195 est,
994 2168 1069 2197 ergo
1094 2163 1149 2189 aut
1175 2159 1249 2188 inde
1274 2159 1476 2194 translatum,
1502 2163 1558 2188 aut
1583 2167 1625 2187 ex
1642 2158 1752 2188 eodem
1770 2157 1859 2188 fonte
1876 2159 2024 2197 petitum.

185 2218 242 2247 Iste
268 2222 318 2247 est
343 2217 446 2247 casius
473 2218 528 2255 qui
554 2218 587 2246 in
613 2220 706 2255 parte
730 2216 824 2246 Bruti
852 2216 928 2255 (om.
957 2215 1062 2245 Cassii
1089 2216 1135 2255 et)
1173 2220 1284 2246 contra
1320 2226 1393 2255 aug.
1432 2225 1502 2245 cum
1540 2215 1645 2245 oracio
1680 2215 1826 2245 militant
1863 2215 1941 2255 (sic)
1978 2218 2026 2244 set

184 2274 283 2304 iuncto
309 2273 386 2312 (sic)
414 2275 509 2303 bruto
534 2282 693 2303 asenasen
720 2273 783 2311 (310
808 2283 866 2311 pro
892 2272 1023 2303 Athenas
1047 2273 1129 2311 con-)
1143 2272 1232 2312 fuyit
1254 2274 1283 2302 b.
1349 2272 1384 2311 8)
1411 2281 1482 2302 cum
1507 2272 1631 2302 horatio
1655 2281 1681 2313 γ.
1709 2271 1792 2302 conf.
1819 2273 1850 2301 b.
1900 2271 1934 2310 9)
1961 2271 2024 2310 qui-

185 2330 237 2360 bus
260 2330 348 2361 uictis
373 2340 457 2361 omn.
483 2331 560 2360 libri
587 2334 618 2360 et
634 2330 770 2360 Acronis
797 2329 941 2368 (praeter
959 2330 994 2368 b)
1016 2333 1047 2359 01
1064 2329 1307 2369 Porphyrionis.
1324 2347 1363 2350 ——
1384 2338 1475 2358 naras
1499 2329 1536 2370 *sb
1565 2329 1679 2367 (uars),
1704 2339 1735 2358 v.
1762 2327 1904 2364 Quintus
1930 2331 2025 2357 autem

184 2388 287 2417 Varus
313 2387 351 2417 C.
374 2388 499 2417 Varrus
524 2396 551 2416 a.
580 2387 681 2416 Varus
707 2386 735 2422 Q
759 2387 793 2416 in
818 2386 956 2424 Acrone,
982 2387 1094 2416 Varius
1120 2388 1152 2416 in
1177 2387 1293 2425 Porph.
1320 2386 1430 2416 Varius
1455 2386 1500 2416 fh.
1526 2385 1678 2416 VARVM
1702 2396 1773 2416 cum
1797 2385 1930 2415 VARIo
1956 2394 2024 2414 esse

186 2444 354 2474 confusum
380 2444 463 2483 (scil.
482 2454 500 2474 a
525 2443 697 2483 Fabricio),
724 2448 760 2473 ut
785 2444 824 2472 ab
842 2443 917 2473 Acr.
945 2448 975 2474 et
1000 2444 1119 2482 Porph.
1137 2431 1285 2474 Cassium
1302 2444 1476 2474 Etruscum
1502 2453 1574 2473 cum
1590 2443 1767 2481 Parmensi,
1786 2444 1850 2473 iam
1874 2452 1968 2481 supra
1985 2442 2024 2472 ad

186 2500 218 2530 S.
246 2501 270 2538 I,
302 2503 351 2539 10,
380 2501 511 2530 61—‹2‘3
538 2510 568 2538 p.
598 2501 659 2529 177
689 2501 849 2530 monitum
875 2505 933 2530 est.
968 2501 1050 2530 conf.
1079 2505 1205 2539 praeter
1229 2500 1400 2530 Ruhnken.
1426 2500 1465 2529 ad
1491 2500 1572 2529 Vell.
1599 2500 1670 2529 Pat.
1688 2500 1728 2538 ΙΙ,
1749 2501 1801 2537 88,
1831 2501 1884 2538 qui
1910 2500 2023 2529 Varum

186 2558 343 2594 restituit,
370 2557 529 2587 Welcker.
552 2555 609 2588 Gr.
630 2557 726 2595 Trag.
744 2566 774 2595 p.
797 2557 879 2586 1405
908 2562 938 2588 et
959 2559 1054 2593 1408,
1081 2559 1134 2596 qui
1153 2558 1251 2588 etiam
1268 2548 1300 2587 in
1317 2557 1438 2587 Donat.
1455 2557 1526 2586 uita
1541 2557 1677 2595 Vergilii
1695 2567 1722 2586 c.
1743 2557 1783 2587 20
1800 2557 1886 2586 Varo
1903 2557 2024 2595 primus

186 2614 268 2651 legit
293 2623 349 2651 pro
374 2613 472 2643 Vario
499 2618 530 2644 et
555 2615 586 2643 in
611 2617 721 2644 nostro
748 2614 870 2644 scholio
896 2615 994 2644 uerba
1018 2614 1122 2653 quibus
1146 2613 1234 2644 uictis
1272 2614 1347 2653 (ego
1374 2614 1467 2652 posui
1493 2614 1573 2643 duce
1598 2614 1667 2644 cod.
1692 2614 1784 2644 Barc.
1809 2613 1888 2644 uicto
1911 2613 2023 2652 Bruto)

185 2671 309 2700 uitiosa
334 2671 453 2709 arguit,
491 2675 588 2709 atque
614 2671 764 2708 inprimis
791 2671 919 2701 doctam
946 2672 1211 2709 explanationem
1235 2671 1412 2701 VVeicherti
1443 2671 1474 2700 in
1500 2669 1681 2702 Comment.
1716 2671 1755 2700 de
1780 2669 1894 2701 Cassio
1919 2670 2022 2700 Parm.

186 2737 217 2765 p.
245 2728 309 2757 227
336 2732 367 2757 et
392 2728 431 2757 de
455 2727 492 2757 L.
519 2728 616 2758 Vario
642 2727 660 2766 ξ
689 2728 728 2757 13
755 2737 786 2766 p.
816 2729 856 2757 77
883 2733 914 2758 et
937 2728 1115 2759 Drumann.
1143 2728 1259 2759 Gesch.
1286 2728 1394 2758 Roms.
1420 2727 1478 2763 ΙΙΙ,
1503 2726 1579 2766 §71
1606 2737 1637 2766 p.
1658 2728 1718 2756 711
1747 2726 1870 2766 et§72
1897 2736 1927 2765 p.
1949 2726 2021 2756 132.

189 2784 244 2822 11)
274 2784 427 2813 scrinium
453 2783 514 2813 eius
538 2785 568 2813 b.
665 2785 762 2813 ‘tulin
806 2785 860 2813 ubi
885 2785 1006 2814 multae
1031 2786 1200 2823 tragediae
1225 2786 1377 2815 inuentae
1402 2789 1477 2814 sunt
1504 2785 1590 2813 inter
1615 2793 1692 2822 quas
1717 2783 1841 2813 horestis
1864 2787 1892 2812 et
1914 2781 2023 2812 thiestis

186 2841 273 2869 unde
310 2841 404 2870 multi
431 2841 579 2870 credide?
605 2840 776 2880 trayediam
800 2840 837 2870 ab
862 2850 894 2870 eo
908 2840 1032 2880 factam
1057 2851 1138 2880 quae
1165 2842 1282 2871 orestis
1309 2841 1373 2880 (sic
1398 2841 1429 2870 h.
1457 2840 1495 2878 1.)
1523 2839 1733 2869 inscribitur.’
1759 2840 1790 2869 b.
1827 2839 1896 2869 Hae
1921 2847 2023 2869 nouae

187 2906 238 2926 res
257 2898 380 2927 codicis
400 2897 658 2928 Barcellonensis
684 2901 770 2927 certe
796 2897 1014 2935 suspicionem
1038 2899 1131 2928 nobis
1156 2908 1285 2929 mouere
1302 2902 1447 2936 possunt,
1473 2897 1563 2934 uulg.
1583 2896 1729 2926 scholion
1752 2895 1835 2925 Unde
1851 2913 1888 2916 —
1907 2894 2023 2925 Cassius

189 2957 245 2982 aut
270 2957 375 2983 totum
400 2958 455 2983 aut
481 2955 657 2984 maximam
683 2958 807 2992 partem
833 2954 976 2984 incertae
1002 2955 1075 2984 fidei
1115 2964 1184 2985 esse
1220 2960 1315 2994 atque
1351 2953 1569 2984 auctoritatis.
1606 2953 1767 2982 Notitiam
1805 2952 1842 2981 de
1879 2951 2022 2991 Thyesta

187 3008 293 3039 Cassii
318 3009 502 3040 Parmensis
528 3020 648 3040 uanam
673 3014 770 3049 atque
795 3011 924 3040 inanem
951 3011 1041 3041 dixit
1064 3010 1239 3042 Weichert.
1266 3011 1326 3043 1.1.
1353 3020 1382 3049 p.
1404 3010 1478 3047 225,
1504 3009 1709 3039 adsentiente
1732 3008 1912 3039 Welckero.
1938 3007 2021 3043 Quo-
2083 3011 2086 3029 ⁵

188 3066 273 3094 circa
309 3076 339 3094 u.
378 3065 456 3095 salias
494 3068 586 3096 uncis
623 3067 754 3096 inclusi.
782 3085 821 3087 —
849 3065 983 3096 thiescen
1007 3075 1034 3108 γ.
1066 3066 1198 3097 Thieste
1223 3078 1253 3097 v.
1279 3067 1349 3097 rell.
1380 3066 1549 3105 Thyestem
1576 3064 1624 3104 (te
1647 3064 1691 3103 a).
1757 3064 1813 3103 12)
1840 3063 1971 3095 Cassius
1994 3072 2020 3104 γ.

188 3122 268 3150 conf.
295 3121 413 3159 Porph.
441 3123 508 3151 rell.
528 3133 588 3152 0111.
616 3121 799 3161 Scripserat.
827 3139 865 3143 -u
893 3122 1026 3153 Cassius
1052 3131 1112 3153 om.
1138 3123 1167 3153 b.

2088 2548 2103 2662 1,

2109 1293 2114 1365 5
