2148 3412
777 109 826 142 IN
850 110 995 143 EPIST.
1020 111 1065 150 11,
1094 114 1120 143 1.
1783 99 1864 141 527

41 231 111 288 qui
141 229 300 273 art-ibus
330 230 451 273 bonis
482 238 667 274 caeteros
695 233 840 284 uincit,
869 234 942 275 sed
973 234 1200 289 requiritur
1237 241 1377 277 tamen
1416 242 1457 277 et
1495 235 1757 278 desideratur
1796 249 1868 276 ex-

40 304 231 353 stinctus3
263 304 348 345 urit
369 304 479 346 enim
501 305 737 360 splendore,
769 321 851 360 quo
873 307 1024 363 fulget3
1057 315 1097 349 et
1126 308 1232 350 bene
1262 311 1347 351 urit
1375 310 1429 350 ad
1458 310 1667 365 fulgorem
1696 308 1868 350 rettulit.

152 378 217 419 15.
245 380 459 434 praesenti.
518 377 692 420 Viuenti
703 395 712 428 3
748 380 820 420 sed
851 380 1113 434 splendidius
1142 382 1221 423 hoe
1253 389 1325 432 est,
1359 383 1478 436 quasi
1511 382 1838 438 glossematicos.

151 458 344 493 maturos.
418 449 696 493 Adceleratos
740 452 808 493 uel
853 460 1114 508 opportunos
1159 455 1319 496 meritis
1364 455 1445 497 tuis
1489 462 1614 510 atque
1673 464 1866 498 maturos.

40 523 97 566 Et
126 530 258 574 reete3
290 524 384 566 aliis
416 525 529 566 enim
559 540 643 567 non
673 526 827 567 maturi
859 527 932 567 sed
961 527 1043 568 seri
1072 528 1253 569 honores
1283 528 1370 568 dati
1401 536 1507 571 sunt.

152 599 218 638 16.
249 598 543 654 Iuraudasque.
603 597 670 640 Ae
701 614 777 654 per
806 599 883 641 hoe
916 599 1081 641 diuinos
1112 600 1189 642 tibi
1219 601 1398 643 honores
1430 602 1707 644 decernimus.

151 672 215 713 17.
249 672 319 714 Nil
349 673 551 713 oriturum
583 672 696 714 alias.
756 671 814 713 Et
842 672 922 713 hoe
953 673 1227 728 splendidius,
1275 689 1400 729 quam
1446 675 1481 716 si
1524 677 1641 717 nasci·
1680 675 1866 726 haberet,

37 743 104 786 uel
133 751 274 786 uatum
305 759 384 786 esse
415 745 601 787 dixisset.
664 746 809 787 Oritur
839 746 952 787 enim
984 748 1055 797 sol,
1088 754 1129 788 et
1158 749 1263 789 oriri
1291 749 1367 789 lux
1399 747 1562 789 dieitur.

152 819 216 860 18.
249 818 328 860 Sed
357 826 450 860 tuus
481 819 542 860 bic
565 820 757 875 populus.
817 819 867 860 In
897 819 976 861 hae
1007 835 1051 861 re
1083 820 1170 861 sola
1201 821 1322 876 sapit,
1356 821 1468 876 quod
1498 821 1691 863 omnibus
1722 829 1761 863 te
1792 837 1867 863 an-

38 891 177 941 tefert3
210 891 254 932 in
285 892 461 934 caeteris
491 898 630 933 autem
661 898 820 947 peceat,
867 893 966 947 quia
1000 893 1107 935 nihil
1137 894 1343 949 optimum
1373 895 1454 937 nisi
1486 895 1703 950 antiquum
1747 902 1866 951 putat

40 971 78 1007 et
108 964 171 1007 sui
201 965 403 1021 temporis
433 965 629 1007 uniuersa
660 966 931 1021 contempnit.

154 1041 220 1081 21.
256 1040 373 1080 terris
404 1049 550 1081 semota
580 1041 750 1095 suisque.
809 1039 967 1082 Vetera
998 1055 1047 1081 ae
1078 1041 1308 1083 demortua.

153 1113 218 1154 21.
253 1113 318 1153 22.
351 1114 508 1169 suisque
543 1114 799 1170 Temporibus
831 1114 1025 1167 defuncta.
1086 1113 1209 1166 Quae
1241 1130 1314 1156 sua
1345 1121 1535 1170 tempora
1580 1115 1870 1171 eonpleuerint

38 1199 87 1227 ac
114 1184 310 1227 finierint.

148 1260 302 1314 fastidit
332 1267 369 1301 et
398 1261 490 1302 odit.
550 1258 755 1310 Auxesis3
787 1260 881 1316 plus
912 1260 1024 1301 enim
1055 1267 1117 1301 est
1147 1262 1229 1303 odit
1259 1275 1385 1314 quam
1414 1263 1578 1316 fastidit.

150 1334 216 1374 23.
249 1332 315 1375 Sic
345 1334 486 1387 fautor
516 1341 710 1375 ueterum..
779 1332 902 1375 Adeo
933 1334 1147 1375 ueteribus
1177 1334 1337 1385 fauens,
1369 1341 1414 1375 ut
1444 1335 1569 1376 etiam
1600 1335 1745 1392 legum
1775 1336 1871 1378 XII

40 1405 202 1448 tabulas
233 1422 257 1447 a
288 1406 539 1448 decemuiris
571 1407 749 1462 scriptas
780 1413 819 1447 et
848 1407 1020 1448 foedera
1052 1407 1129 1449 sub
1175 1407 1348 1463 regibus
1393 1408 1519 1459 faeta,
1566 1423 1672 1464 quae
1711 1409 1872 1451 ieerunt

39 1479 217 1522 Romani
247 1480 317 1521 uel
348 1495 444 1522 eum
477 1479 650 1522 Sabinis
669 1478 891 1535 (GabiiSP)
913 1480 981 1522 uel
1012 1496 1107 1522 oum
1130 1479 1387 1523 Sabinorum
1407 1481 1744 1538 Latinorumque
1766 1499 1870 1540 gen-

39 1553 161 1604 tibus,
207 1553 260 1595 ob
291 1560 502 1596 austeram
533 1561 573 1595 et
602 1554 821 1596 rancidam
852 1560 1101 1595 uetustatem
1130 1555 1189 1596 ita
1229 1555 1452 1610 pulchrum
1484 1562 1524 1597 et
1554 1556 1796 1598 distinctum
1826 1557 1870 1599 in

39 1625 208 1669 Albano
248 1635 388 1670 monte
433 1628 701 1682 loquentibus
732 1628 844 1669 dieat
875 1643 963 1670 esse
994 1643 1071 1683 pro
1101 1628 1270 1679 Latino,
1317 1635 1361 1670 ut
1391 1644 1475 1671 non
1505 1629 1588 1670 iam
1620 1630 1871 1673 disertorum

39 1701 253 1744 hominum
284 1701 357 1743 sed
387 1701 608 1743 Musarum
640 1703 765 1743 etiam
796 1702 1004 1743 iudicetur
1033 1702 1178 1743 oratio.

152 1776 217 1817 26.
253 1776 487 1831 Pontificum
519 1776 652 1818 libros.
712 1775 867 1818 Utrum
899 1775 1084 1825 annales,
1117 1790 1171 1816 an
1202 1775 1441 1830 pontificale
1471 1775 1536 1817 ius
1567 1776 1805 1831 signifieat?

152 1864 307 1892 annosa
339 1850 545 1892 uolumina
576 1858 728 1892 uatum.
790 1848 967 1891 Veteres
1014 1848 1145 1891 libros
1175 1848 1315 1891 Marci
1360 1849 1468 1891 uatis
1514 1848 1786 1905 Sybillaeque
1834 1857 1874 1892 et

42 1921 251 1964 similium.

156 2040 189 2078 1)
215 2040 291 2078 quia
315 2039 361 2069 fh.
388 2057 427 2060 ——
455 2043 482 2068 et
505 2040 572 2069 des.
597 2039 631 2068 M
657 2039 757 2078 (negl.
785 2039 828 2078 Q)
856 2041 885 2069 2.
912 2040 981 2069 rell.
1008 2049 1044 2069 ac
1070 2040 1135 2069 des.
1193 2039 1227 2078 2)
1254 2040 1382 2069 eminet.
1409 2040 1493 2069 libri.
1520 2039 1657 2079 Futyore.
1685 2039 1872 2078 Splendore‚

43 2104 102 2126 om.
128 2097 192 2126 urit
218 2097 316 2133 enim,
341 2096 386 2125 fh.
414 2113 453 2117 ——
480 2095 640 2134 fulgorem
663 2106 726 2126 rem
750 2097 857 2126 retulit
882 2096 954 2125 MR.
1004 2097 1037 2135 3)
1064 2096 1198 2126 uiuendi
1214 2095 1288 2127 MG.
1314 2097 1426 2126 uiuere
1449 2096 1478 2125 εἰ
1501 2097 1623 2134 splend.
1648 2096 1685 2125 P..
1716 2114 1756 2117 —
1783 2107 1874 2135 quam

43 2152 141 2191 gloss.
167 2152 211 2181 M.
238 2153 423 2192 splendidus
447 2153 506 2182 hoe
532 2157 579 2182 est
600 2154 680 2193 {gh
710 2163 737 2182 v.
758 2153 830 2182 rell.
849 2154 952 2191 quasi.
1001 2153 1035 2191 4)
1062 2152 1137 2182 Ado.
1163 2153 1225 2182 uel.
1251 2157 1353 2191 oport.
1381 2153 1425 2183 M.
1449 2153 1519 2182 rell.
1548 2163 1612 2183 ace.
1639 2153 1691 2182 uel
1716 2163 1787 2191 opp.
1837 2153 1871 2191 6)

44 2209 176 2239 honores
201 2218 261 2239 om.
282 2209 319 2244 Q.
371 2210 404 2249 7)
430 2208 517 2248 quasi
539 2210 629 2239 nasci
655 2209 771 2238 deberet
793 2210 878 2239 vafh.
905 2210 1024 2239 habere
1039 2209 1074 2238 M
1087 2209 1166 2249 (non
1191 2210 1332 2247 haberet,
1361 2213 1396 2238 ut
1421 2210 1478 2239 ref.
1505 2210 1546 2248 Q)
1573 2210 1608 2239 R.
1637 2210 1706 2239 rell.
1735 2210 1874 2240 haberet.

45 2266 79 2305 8)
106 2267 234 2297 Emoriri
260 2267 380 2296 dicitur
404 2266 465 2296 dux
491 2266 568 2304 (sie)
595 2275 648 2296 va.
676 2266 808 2295 Exoriri
833 2266 952 2295 dicitur
977 2265 1039 2295 dies
1063 2266 1111 2295 fh.
1160 2267 1195 2305 8)
1220 2266 1316 2296 Posui
1353 2266 1431 2304 quod
1465 2267 1613 2296 omuibus
1649 2270 1683 2296 te
1719 2266 1874 2296 antefert.

43 2322 154 2353 MRG:
193 2324 275 2362 quod
303 2322 373 2361 (qui
398 2323 438 2362 R)
465 2326 542 2352 ante
567 2323 662 2352 ridet.
690 2323 724 2351 2:
764 2322 847 2360 quod
872 2324 923 2352 offi
947 2322 1041 2351 ridet.
1069 2331 1107 2352 v:
1146 2323 1231 2360 quod
1267 2326 1300 2352 te
1337 2323 1481 2352 omnibus
1513 2323 1606 2361 ponit.
1643 2323 1716 2353 afh:
1743 2333 1772 2361 q.
1798 2327 1821 2352 t.
1847 2333 1874 2353 o.

38 2381 219 2419 praeponit.
247 2380 273 2415 Q
301 2380 423 2410 uoluit:
462 2380 546 2418 quod
572 2382 605 2409 te
630 2379 752 2408 anteire
779 2378 895 2418 (omn.)
923 2379 1013 2408 dicit.
1081 2379 1136 2417 12)
1162 2379 1255 2408 terris
1279 2383 1388 2408 emotas
1413 2379 1446 2408 M
1479 2379 1597 2417 (totum
1623 2379 1765 2418 lemma).
1817 2380 1872 2418 13)

44 2435 112 2467 Hoc
137 2437 234 2467 schol.
261 2447 331 2466 eum
358 2437 568 2475 subsequenti
608 2437 641 2465 in
678 2435 825 2465 MR?G.v
854 2436 960 2464 sedem
986 2436 1134 2465 mutauit.
1187 2435 1242 2475 15)
1271 2437 1340 2465 odit
1366 2440 1413 2466 est
1439 2437 1468 2465 2.
1495 2439 1543 2465 est
1569 2446 1629 2466 om.
1656 2435 1758 2465 MRG.
1786 2436 1874 2474 (une.

45 2494 118 2524 incl.
146 2493 201 2532 Q),
226 2504 256 2524 v.
277 2497 327 2523 est
345 2494 411 2523 afh.
463 2494 518 2533 16)
546 2494 654 2522 faueas
677 2503 708 2522 v.
735 2494 819 2522 fauet
842 2492 887 2522 fh.
917 2493 1051 2521 duodeC.
1077 2493 1140 2531 leg.
1167 2492 1212 2522 fh.
1264 2494 1319 2531 17)
1347 2493 1431 2522 facta
1457 2501 1532 2531 quae
1555 2502 1633 2522 nuuc
1650 2492 1772 2522 romani
1793 2492 1875 2522 MR2

46 2549 147 2590 (tune)
175 2549 213 2581 G.
240 2552 354 2589 uulgo:
393 2551 477 2580 facta
501 2554 575 2579 tune
600 2549 759 2580 Romanis,
828 2549 882 2588 18)
908 2550 961 2578 uel
988 2559 1056 2578 eum
1083 2548 1213 2579 Sabinis
1238 2551 1290 2579 uel
1316 2550 1450 2579 Albanis
1474 2559 1524 2579 va.
1550 2550 1602 2578 uel
1628 2559 1654 2579 c.
1683 2549 1714 2579 S.
1742 2550 1792 2578 uel
1817 2549 1876 2578 Al-

45 2606 127 2637 binis
152 2606 196 2637 fh.
227 2624 265 2627 ——
292 2607 343 2636 uel
368 2617 433 2636 cum
458 2607 594 2636 Albanis
622 2606 659 2641 Q.
686 2607 748 2635 ‘uel
775 2616 844 2635 cum
871 2606 993 2635 sabinis
1020 2604 1082 2643 (sic
1108 2616 1163 2644 pro
1193 2606 1311 2644 Gabiis)
1350 2607 1401 2635 uel
1428 2616 1497 2636 cum
1525 2606 1711 2635 sabinorum
1737 2606 1876 2635 latinum

48 2672 114 2693 esse
137 2664 287 2693 uideatur
312 2664 351 2693 ob
376 2662 517 2704 auferam
543 2662 622 2701 (sic)
649 2666 680 2692 et.
706 2663 869 2692 rancidam
895 2666 1095 2692 uetustatem
1121 2664 1168 2692 ita
1193 2663 1361 2701 pulchrum
1394 2666 1423 2692 et
1461 2663 1628 2692 emtinrtam
1666 2662 1725 2700 (M.
1753 2663 1877 2691 exstin-

46 2723 126 2750 etam
137 2720 203 2759 R2)
231 2721 265 2749 in
291 2721 394 2749 albam
418 2729 502 2749 nune
518 2729 578 2748 non
595 2721 627 2758 2)
654 2724 685 2749 te
712 2719 919 2757 loquentibus
948 2719 1044 2757 (eloq.
1060 2718 1127 2758 2G)
1156 2720 1244 2750 dieat
1268 2729 1325 2757 pro
1345 2729 1415 2749 esse
1434 2718 1535 2757 (quod
1551 2719 1584 2757 2)
1603 2718 1727 2755 Latino⁷
1754 2722 1789 2747 ut
1814 2728 1877 2749 non

47 2776 109 2806 iam
134 2778 325 2807 disertorum
350 2777 516 2806 hominum
543 2776 599 2805 sed
625 2785 788 2805 musarum
815 2776 911 2806 etiam
938 2777 971 2805 in
996 2777 1146 2805 uideatur
1171 2777 1285 2806 oratio’
1326 2776 1383 2814 (M.
1410 2777 1558 2805 horatius
1583 2772 1702 2812 RQG.)
1729 2774 1878 2805 Pei-diffi-

48 2833 106 2863 cile
129 2834 190 2863 hoe
215 2834 368 2870 scholion,
395 2834 485 2863 cuius
510 2834 721 2870 posteriorem
748 2836 869 2870 partem
896 2832 970 2861 inde
988 2842 1007 2862 a
1031 2843 1061 2862 u.
1085 2836 1259 2862 uetustatem
1282 2832 1359 2862 vassi
1385 2833 1570 2868 omiserunt,
1597 2835 1751 2870 quantum
1776 2833 1877 2869 potui,

49 2891 225 2920 emendaui.
251 2890 368 2920 Editor
392 2890 568 2928 Pragensis
594 2899 679 2919 more
707 2899 762 2919 suo
788 2890 1000 2927 inpotentiam
1026 2891 1196 2926 profitetur
1221 2890 1350 2919 dicens:
1379 2889 1482 2924 ‘Quae
1506 2892 1541 2917 ut
1566 2889 1779 2925 probabiliter
1804 2898 1878 2919 eno—

49 2947 155 2977 darem
181 2957 251 2977 cum
274 2955 339 2976 non
365 2947 538 2985 contigerit
563 2947 710 2975 lacunam
750 2946 970 2984 signauimus!
1036 2946 1094 2985 22)
1120 2946 1301 2984 pontificale
1338 2945 1528 2985 MR2G(Q>.
1568 2946 1751 2983 pontificum
1786 2945 1878 2983 vafh‚

49 3013 110 3034 non
133 3003 340 3042 pontificium,
369 3007 405 3033 ut
430 3003 488 3033 ref.
510 3004 546 3039 Q.
609 3003 666 3041 ⁶23)
693 3002 805 3032 cmzae‘ssa
830 3001 932 3032 MRG.
959 3002 1028 3032 rell.
1055 3012 1180 3032 annosa.
1203 3003 1350 3032 —libros
1376 3001 1423 3031 fh.
1451 3002 1519 3031 rell.
1546 3011 1605 3031 om.
1633 3001 1746 3031 marcii
1769 3011 1819 3031 ua.
1847 3006 1879 3032 et

51 3060 237 3099 sibillaeque
261 3061 303 3094 M,
330 3059 425 3089 Nauii
446 3070 496 3090 ua.
522 3064 574 3090 aut
598 3059 742 3099 sybillae
766 3060 810 3089 fh.
850 3059 954 3089 mai-tiz·
976 3060 1078 3089 uaties
1104 3059 1183 3098 (sie)
1210 3059 1347 3098 sybillae
1372 3062 1489 3088 monte.
1515 3068 1545 3087 v.
1573 3058 1681 3088 Martii
1703 3058 1799 3088 uatis.
1827 3058 1878 3088 Βί-

49 3116 153 3158 byllae
177 3117 286 3148 Monte
305 3126 332 3147 a.
384 3116 443 3159 24)
471 3121 502 3148 et
518 3117 671 3147 similium
689 3126 749 3146 om.
768 3117 856 3146 vath.
905 3116 939 3157 *)
954 3126 1024 3147 uere
1037 3117 1108 3148 Lat.
1120 3115 1135 3146 ¹?
1152 3116 1242 3146 Aen:
1259 3126 1314 3154 pro
1327 3125 1410 3146 uera.
1432 3114 1467 3145 O.
1481 3115 1600 3145 Herm:
1616 3115 1738 3154 prolata
1752 3115 1877 3146 Latine.

1915 537 1934 568 5

1892 904 1933 936 10

1893 1270 1936 1302 15

1896 1636 1939 1670 20
