2148 3412
128 964 166 996 lO

124 1336 163 1366 15

122 1702 164 1733 20

215 159 301 200 310
830 169 935 201 ACR.
961 169 1021 200 ET
1046 168 1214 200 PORPH.
1242 168 1389 200 COMM.

192 293 332 343 coluit,
364 306 446 347 quo
467 292 616 333 merito
637 291 878 333 thesaurum
900 291 1100 347 repperit.
1161 293 1298 333 amico.
1359 290 1584 347 Prospero,
1621 292 1806 348 propitio
1828 291 2026 341 Hercule,

192 368 291 422 quia
323 366 413 420 ipse
445 365 600 406 dicitur
630 379 826 420 praeesse
857 365 1077 407 thesauris.

306 440 370 480 13.
402 440 508 494 quod
539 440 660 481 adest.
724 438 851 491 Quod
872 454 984 481 nunc
1005 438 1208 495 possides.
1273 439 1461 481 Hercule.
1520 437 1557 480 F
1560 453 1624 489 ae,
1656 445 1714 489 ut,
1751 452 1859 493 quae
1879 439 2027 490 habeo,

191 514 275 555 sint
305 519 524 568 perpetua,
558 512 593 554 si
624 513 806 568 amplius
836 528 919 555 non
952 513 1158 555 desidero.

308 588 372 627 14.
408 588 578 629 donu'uo.
636 585 688 627 Id
720 594 793 637 θεῖ,
826 586 942 628 mihi.

305 669 340 702 el
372 669 542 705 caetera.
605 659 656 701 Id
686 667 760 710 est,
792 668 956 716 segetes
986 667 1026 701 et
1055 660 1211 710 uineta,
1244 666 1284 701 et
1314 659 1349 701 si
1381 673 1465 714 qua
1495 666 1591 701 sunt
1621 660 1788 702 similia.

305 736 369 775 14.
405 736 468 776 15.
495 743 660 791 praeter
691 735 916 789 bulonium.
979 733 1104 786 Quod
1147 748 1334 775 erassum
1377 740 1520 783 noeet3
1567 734 1731 775 animus
1776 734 1888 775 enim
1935 733 2029 775 cibo

190 808 418 864 pinguiore
451 808 669 864 (pinguiP)
702 808 877 850 stolidus
909 808 1101 850 efficitur.

308 885 372 925 15.
406 890 537 924 eustos
568 883 669 924 mihi
694 883 898 923 maximus
936 883 1054 923 adsis.
1128 881 1369 923 Mercurius
1416 881 1527 922 enim
1574 882 1728 923 dicitur
1772 882 1893 923 dator
1939 896 2029 923 csse

192 971 334 1011 opum,
378 955 588 997 Hercules
621 954 761 1012 [uero]
787 961 937 1004 custos,
969 955 1036 996 uel
1068 955 1168 1010 quia
1197 955 1241 996 in
1261 954 1476 1010 Philippis
1507 970 1603 996 eum
1633 955 1841 997 liberauit.
1900 954 1958 996 Et
1987 955 2028 996 in

193 1027 443 1071 Carminum
474 1029 595 1070 libris
626 1030 696 1079 ait,
731 1028 807 1084 (II,
833 1031 869 1079 7,
895 1030 980 1082 13),
1017 1028 1224 1071 Mercurii
1245 1043 1288 1071 se
1309 1043 1388 1084 ope
1412 1036 1637 1080 seruatum,
1671 1044 1765 1070 cum
1787 1028 2028 1071 Mercurius

190 1103 309 1144 illum
340 1110 567 1159 pauentem
599 1103 765 1145 sustulit
794 1103 837 1144 in
870 1106 1021 1144 aerem.

305 1178 370 1218 16.
402 1178 483 1219 ubi.
513 1176 757 1231 Postquam.
820 1191 967 1218 urcem.
1012 1175 1103 1217 Aut
1131 1176 1276 1217 uillam
1307 1176 1350 1217 in
1382 1183 1522 1218 monte
1553 1176 1748 1231 positam,
1795 1183 1865 1218 aut
1911 1176 2029 1231 quasi

189 1250 352 1306 regiam
384 1266 534 1301 meam,
567 1258 611 1291 ut
644 1251 780 1306 (Verq.
813 1249 864 1291 E.
896 1250 931 1300 Ι,
965 1252 1061 1305 6ἑ));
1093 1265 1179 1292 meu
1211 1265 1334 1305 regma
1365 1252 1519 1299 uidens,
1551 1257 1621 1291 aut
1652 1265 1795 1298 arcem,
1829 1265 1934 1304 quae
1965 1265 2031 1291 me

190 1325 243 1365 ab
273 1324 448 1366 urbanis
479 1325 683 1366 molestiis
713 1323 1037 1380 uindic[aret]at
1068 1331 1108 1365 et
1138 1331 1265 1374 arcet,
1311 1331 1381 1366 aut
1413 1324 1466 1377 inx
1486 1324 1645 1374 uillam,
1695 1324 1807 1379 quod
1852 1330 1913 1365 est
1944 1338 2030 1364 lne-

188 1397 284 1449 lius,
318 1413 425 1453 quae
457 1399 579 1453 quasi
610 1394 685 1439 arx
716 1404 777 1439 est
808 1397 977 1439 rustico.

305 1473 415 1513 urbe.
450 1471 600 1513 Roma.

304 1547 368 1586 17.
407 1546 515 1596 Quid
539 1547 660 1602 prius
692 1546 918 1587 inlustrem.
979 1544 1106 1587 Prius
1137 1559 1263 1599 quam
1311 1545 1461 1587 satiras
1508 1552 1547 1586 et
1578 1543 1749 1586 Musam
1793 1545 2030 1600 pedestrem

189 1618 453 1669 inluminem‚
486 1633 706 1674 exsequar.

303 1694 502 1749 Musaque
529 1695 715 1750 pedestri.
777 1692 901 1746 Quae
926 1693 1099 1749 pedibus
1131 1699 1207 1734 stet
1239 1699 1277 1733 et
1310 1700 1450 1734 currat
1480 1693 1629 1742 metris,
1662 1699 1803 1734 satura
1833 1693 2031 1747 pedestri,

188 1766 337 1807 humili
359 1774 484 1822 atque
508 1766 732 1808 communi.
792 1768 1015 1808 inlustrem.
1046 1765 1251 1808 Lustrare
1271 1767 1455 1808 facerem
1475 1767 1708 1822 (faciamP).
1769 1768 1916 1808 satiris.
1947 1765 2032 1807 Pro

188 1841 231 1882 iu
264 1840 434 1882 satirico
466 1840 666 1882 carmine.
689 1842 705 1894 Η
730 1841 929 1896 Musaque
956 1841 1047 1896 ped.
1109 1838 1232 1896 Opus
1265 1840 1530 1882 Sermonum.
1555 1842 1572 1895 Η

304 1916 369 1955 18.
402 1916 573 1956 ambitio.
637 1913 856 1970 [Visitatio
887 1914 1153 1973 amicorum]
1215 1913 1446 1956 Discursus
1478 1914 1590 1956 eirca
1621 1914 1790 1956 amicos.

304 1988 389 2030 Nec
420 1988 529 2029 mala
560 2003 620 2029 me
652 1988 753 2029 amb.
815 1987 990 2030 Scilicet
1020 1988 1120 2029 dum
1150 1989 1195 2028 in
1227 2003 1332 2044 agro
1363 2004 1467 2030 sum.

302 2062 525 2115 plumbeus.
588 2060 784 2117 [Noxius,
816 2062 1050 2120 pestilens]
1114 2060 1272 2104 Grauis
1303 2069 1502 2104 autumno
1533 2062 1729 2103 maxime.

307 2136 371 2175 19.
405 2137 688 2176 Autumnusue
717 2137 873 2189 grauis.
950 2134 1084 2191 [Quia
1129 2150 1205 2190 per
1243 2143 1502 2187 autumnum,
1549 2151 1631 2191 quo
1676 2135 1814 2191 pomis
1859 2135 2031 2176 arbores

192 2207 529 2265 adgrauantur,].
604 2208 689 2250 Per
718 2216 964 2251 autumnum
995 2210 1133 2265 pomis
1163 2209 1388 2266 adgrauati
1417 2209 1591 2265 plurimi
1621 2210 1868 2252 moriuntur.
1931 2208 2028 2261 Quo

311 2446 344 2484 1)
369 2445 475 2475 αφηὶοο.
504 2445 660 2484 Prospero
688 2463 726 2466 —
754 2446 903 2476 desidero
929 2455 953 2487 γ.
981 2446 1051 2475 rell.
1078 2456 1140 2476 om.
1190 2447 1224 2485 3)
1251 2447 1329 2486 quod
1352 2446 1444 2476 adest.
1476 2446 1558 2485 quod
1586 2446 1733 2484 possides
1759 2445 1796 2476 C.
1862 2447 1896 2486 5)
1922 2446 1958 2476 Id
1985 2449 2032 2476 est

192 2503 273 2532 mihi
290 2502 355 2544 -(,C.
405 2503 439 2541 G)
466 2503 502 2532 Id
523 2507 573 2533 est
591 2512 657 2541 seg.
677 2512 704 2544 γ.
722 2504 795 2533 rell.
814 2513 874 2533 oin>
927 2504 960 2541 7)
989 2503 1203 2538 Quodsseibi
1218 2513 1277 2542 pro
1293 2503 1412 2543 iuyuz'or
1431 2504 1503 2533 stol.
1523 2503 1573 2533 eff.
1592 2512 1618 2545 γ.
1645 2503 1742 2533 Posui
1760 2504 1829 2533 cibo
1843 2504 2031 2541 pingui0re;

192 2561 300 2596 potuit
338 2560 435 2589 etiam
473 2560 554 2597 legi:
594 2559 659 2589 cibi
694 2559 818 2598 pingui.
849 2559 930 2589 conf.
958 2560 1074 2598 pingue
1099 2559 1170 2590 Liu.
1196 2560 1251 2598 XI,
1279 2561 1332 2590 37.
1360 2560 1473 2598 pingui
1496 2560 1591 2598 Verg.
1620 2559 1657 2589 G.
1685 2560 1744 2597 ΙΙΙ,
1774 2561 1846 2589 124.
1874 2559 1964 2595 Quod
1991 2577 2033 2580 —-

191 2616 267 2645 cibis
291 2616 425 2655 oppletus
457 2617 531 2646 stol.
566 2616 615 2645 eff.
644 2615 679 2645 C.
707 2617 776 2646 rell.
804 2626 864 2646 om.
931 2615 967 2655 9)
993 2617 1083 2646 (lator
1109 2626 1178 2646 esse
1209 2627 1236 2659 γ.
1262 2618 1332 2647 rell.
1360 2626 1429 2647 esse
1455 2618 1557 2647 dator.
1626 2617 1681 2655 10)
1708 2627 1785 2647 uere
1810 2626 1871 2646 oni.
1897 2626 1925 2658 γ.
1977 2616 2031 2654 11)

192 2683 264 2703 cum
291 2684 350 2703 om.
377 2683 404 2715 γ.
456 2673 513 2712 12)
542 2673 644 2703 denso
669 2681 740 2710 pau.
759 2683 785 2715 γ.
804 2674 875 2703 rell.
902 2673 987 2703 illum¹
1011 2682 1082 2712 pau.
1150 2674 1205 2713 13)
1232 2678 1401 2712 postquam
1426 2683 1452 2715 γ.
1478 2674 1548 2703 rell.
1575 2683 1635 2704 om.
1662 2683 1766 2703 arcem
1794 2691 1831 2694 —
1860 2674 1981 2703 rustico
2006 2682 2032 2714 γ.

190 2731 258 2759 rell.
288 2741 349 2760 oni.
377 2730 462 2760 conf.
489 2730 531 2760 C:
563 2730 605 2760 ‘iu
630 2730 752 2759 mouccz's
776 2730 808 2759 iu
833 2740 946 2760 urcem.
973 2731 1006 2759 in
1032 2731 1145 2760 uillam
1172 2732 1206 2760 iu
1231 2734 1341 2761 monte
1366 2731 1517 2769 positam,
1545 2739 1626 2768 quae
1644 2731 1736 2769 quasi
1756 2740 1816 2760 arx
1835 2734 1882 2760 est
1900 2730 2031 2766 rustico,

190 2788 275 2825 quod
301 2788 339 2816 ab
366 2789 500 2818 urbanis
525 2788 688 2817 molestiis
715 2791 746 2817 et
771 2788 854 2816 curis
879 2791 986 2816 (arceat
1009 2787 1202 2826 uindicetque.
1231 2788 1366 2824 Qualem
1392 2788 1505 2817 uillam
1531 2788 1631 2817 etiam
1655 2787 1835 2817 Meliboeus
1859 2796 1916 2816 sua
1939 2796 2033 2826 reyua

192 2844 295 2873 um-at'
325 2849 383 2874 otc.
426 2845 488 2875 Pro
514 2845 697 2874 uindicaret
721 2854 737 2886 γ
762 2845 852 2882 posui
878 2845 1023 2874 uindicat
1046 2848 1073 2873 ct
1095 2849 1187 2874 arcet.
1255 2844 1313 2884 17)
1337 2844 1419 2874 urbe.
1446 2845 1545 2874 Roma
1570 2854 1598 2886 γ,
1626 2845 1696 2874 rell.
1725 2854 1783 2874 om.
1815 2854 1851 2874 eu·
1882 2843 1953 2873 urbe
1984 2852 2019 2872 re

190 2901 277 2929 mnus.
308 2901 405 2930 Roma
430 2902 549 2931 recessi
568 2901 604 2931 C.
657 2901 712 2939 18)
743 2901 823 2934 Quid
852 2920 887 2921 w
913 2910 1047 2940 eamquar
1071 2910 1098 2943 γ,
1126 2902 1194 2931 rell.
1221 2912 1281 2931 om.
1309 2902 1369 2931 Pro
1393 2912 1412 2931 u
1437 2901 1546 2931 lumine
1568 2911 1585 2943 γ
1611 2902 1701 2939 posui
1728 2901 1921 2930 inlumiuem.
1948 2898 2031 2929 conf.

193 2955 235 2985 C:
273 2957 345 2994 quid
365 2968 414 2995 [w.
442 2959 597 2988 illas—trem.
626 2959 826 2995 inliunineln,
865 2968 1008 2996 exequar
1032 2958 1172 2996 δηΐῳ-ἰὼ)
1199 2960 1349 2988 carmine.
1415 2958 1472 2996 2⁰)
1501 2960 1586 2993 Quae
1612 2959 1681 2995 ped.
1713 2962 1775 2987 stet
1802 2967 1828 2998 γ.
1856 2957 1927 2986 rell.
1957 2955 2034 2989 Quia

192 3022 221 3050 p.
250 3018 324 3042 stet.
351 3024 367 3055 γ
393 3015 502 3044 addit:
531 3020 562 3044 ct.
589 3019 695 3044 currat
722 3016 844 3044 metris.
871 3025 896 3056 γ.
924 3016 992 3044 rell.
1013 3025 1073 3044 oin.
1123 3015 1180 3053 L’l)
1209 3015 1325 3044 Satura
1353 3033 1390 3035 ⁷*—
1419 3024 1599 3044 scrmonum
1633 3024 1659 3055 γ.
1686 3015 1755 3044 rell.
1782 3024 1843 3043 mn.
1893 3014 1949 3052 23)
1976 3012 2032 3041 Vis

192 3070 284 3098 amic,
307 3081 368 3099 oni.
388 3071 620 3111 ⁴5¹((.}'.²Q,)‚n1va.
640 3072 787 3101 Discurs.
807 3082 833 3101 c.
853 3073 973 3101 amicos
998 3081 1024 3113 γ.
1044 3072 1113 3100 rell.
1132 3082 1192 3101 oni.
1243 3072 1300 3109 24)
1327 3072 1393 3100 Nec
1408 3090 1414 3091 ἡ
1432 3090 1445 3091 ἡ
1467 3081 1535 3100 suin
1561 3080 1587 3112 γ.
1616 3071 1684 3100 rell.
1711 3081 1770 3101 oin.
1820 3071 1878 3108 25)
1904 3069 2033 3099 Noxius

192 3130 275 3164 pest.
302 3136 362 3155 om.
389 3128 532 3168 ynnan.
560 3129 678 3157 Grauis
705 3138 756 3157 au.
784 3137 871 3157 max.
897 3137 923 3169 γ.
951 3129 1074 3165 grauis,
1112 3128 1243 3163 noxius,
1271 3128 1430 3165 pestilens
1458 3127 1495 3156 O.
1529 3127 1609 3157 conf.
1636 3127 1754 3165 Porph.
1820 3127 1877 3166 26)
1902 3127 2034 3155 Autum-

193 3191 290 3212 nusue
315 3182 548 3223 mvath(G?).
576 3185 814 3223 Autumnusque
839 3194 923 3215 omn.
951 3185 1017 3214 fere
1043 3184 1135 3213 codd.
1162 3185 1237 3213 Hor.
1265 3189 1296 3214 ct
1323 3183 1358 3213 C.
1392 3188 1645 3222 autumpnusquc
1676 3183 1771 3213 Rern.
1804 3183 1844 3212 D.
1877 3183 1962 3212 idem
1994 3181 2033 3211 ad
