2148 3412
108 934 146 966 10

172 129 253 169 43ss
808 136 912 168 Acn.
938 136 998 168 ET
1023 136 1190 168 rom‘n.
1217 136 1365 169 comm.

287 263 350 304 16.
383 276 479 316 quae
510 275 622 302 mare
660 268 899 317 compescant
936 275 1095 302 causae.
1154 258 1250 301 Hae
1295 260 1560 314 quaestiones
1606 267 1701 303 sunt
1743 261 1999 316 pertinentes

171 335 223 375 ad
255 334 474 390 physicam
506 333 798 388 philosophiae
830 339 1004 388 partem.

285 409 349 448 19.
383 421 516 448 rerum
549 407 765 448 concordia
796 407 960 448 discors.
1022 404 1269 460 Κακόζηλον
1303 406 1467 447 dicitur.
1527 406 1695 463 Tangit
1724 413 1861 448 autem
1900 422 1998 462 par-

172 488 253 522 tem
286 480 474 535 (mundi)
507 495 700 536 conpage
740 494 879 522 rerum
911 495 961 522 ex
997 479 1214 521 elementis
1238 479 1471 536 [quattuor]
1496 479 1674 522 diuersis
1704 487 1844 536 aptam
1877 487 2001 535 atque

174 568 419 596 connexam.

285 629 350 669 20.
384 627 619 669 Stertinium
643 628 785 669 deliret
807 641 986 668 (notamen.
1026 626 1295 681 Periphrasis
1316 633 1460 681 tropus
1481 626 1519 667 h.
1543 641 1575 668 e.
1598 625 1838 669 Stertinius.
1873 626 2002 669 Hunc

172 708 211 742 et
243 700 344 742 alibi
376 701 512 756 tangit
542 707 587 742 ut
619 699 822 750 Stoicum,
855 700 927 755 qui
958 699 1010 742 de
1041 699 1269 756 paradoxis
1299 699 1495 754 loquitur.

288 776 352 816 21.
386 775 576 816 trucidas.
638 773 872 829 Exprimis,
909 773 1031 815 elidis
1053 780 1091 814 et
1113 773 1314 828 proteris3
1348 773 1544 815 conuenit
1566 780 1704 815 autem
1725 774 1804 816 hoc
1824 774 2002 816 uerbum

173 847 413 890 huiusmodi
445 847 684 902 pulmentis.

288 924 353 962 22.
385 922 659 978 sz'quidpelet.
724 922 827 962 Petet
855 934 966 962 nunc
997 920 1109 961 ualet
1138 919 1257 970 idem,
1296 920 1407 975 quod
1440 919 1538 977 [ibi]
1572 922 1680 976 Verq.
1705 919 1780 976 (A.
1802 920 1885 971 IX,
1908 922 2001 975 94):

175 1004 246 1037 aut
277 996 372 1051 quid
395 997 497 1051 petis
528 997 647 1037 istis?
676 1020 727 1024 —-
758 995 869 1036 ultro
902 994 1024 1048 deser.
1063 992 1287 1046 Quomodo
1318 995 1455 1036 ultro?
1504 995 1613 1036 Vltro
1644 1009 1697 1035 an
1727 995 1867 1037 ultra?
1907 993 2004 1037 Hoc

174 1076 254 1111 est:
287 1069 381 1124 plus
412 1083 538 1123 quam
569 1068 694 1118 uolet,
725 1075 796 1109 aut
825 1081 1006 1121 aequum
1037 1066 1174 1109 dicat?

287 1144 351 1183 24.
392 1142 487 1183 1¹⁷2'l2's
519 1143 742 1184 amicorum
773 1150 829 1183 esc
859 1155 1036 1191 annona,
1069 1141 1190 1183 bonis.
1250 1140 1406 1195 Inquit,
1452 1147 1536 1181 tam
1567 1141 1651 1182 uile
1696 1156 1773 1196 pro
1819 1141 2005 1183 amicitia

173 1216 265 1257 dari
297 1222 448 1271 potest,
481 1230 608 1270 quam
639 1215 751 1270 quod
782 1215 900 1256 deest
929 1215 1021 1257 uiro
1051 1214 1161 1256 bono
1192 1214 1456 1264 obsecuturo,
1489 1214 1648 1256 scilicet
1679 1215 1714 1256 si
1744 1215 1787 1256 in
1817 1223 2005 1271 tempore

174 1289 397 1345 acceperit.
457 1288 575 1330 Nihil
607 1296 745 1330 autem
777 1289 945 1344 sapiens
976 1287 1247 1337 desiderabit,
1280 1303 1405 1342 quam
1437 1288 1549 1343 quod
1578 1288 1724 1344 magni
1754 1289 1878 1344 pretii
1908 1289 1972 1331 sit.

286 1365 351 1404 27.
383 1364 446 1405 ius
467 1364 752 1419 imperiumque
775 1364 982 1404 Phraates.
1042 1361 1182 1404 Docet
1213 1369 1253 1403 et
1282 1361 1326 1403 in
1356 1361 1526 1418 Lyricis
1547 1361 1618 1418 (C.
1634 1362 1691 1413 H,
1710 1365 1748 1413 2,
1774 1365 1865 1418 17);
1898 1364 2005 1405 Red-

174 1437 299 1478 ditum
335 1436 432 1492 Cyri
458 1437 553 1478 solio
587 1436 800 1477 Prahaten.

292 1510 475 1552 Caesaris
513 1512 669 1566 accepit
702 1511 867 1565 yenz'bus
904 1511 1044 1552 minor.
1123 1508 1344 1551 Subtiliter
1375 1509 1479 1551 dixit
1510 1510 1564 1551 ad
1595 1526 1734 1566 genua
1766 1509 2005 1567 (Caesaris)

174 1583 429 1626 deuolutum.

292 1784 324 1823 1)
352 1784 438 1814 Haec
456 1785 482 1821 Q
509 1795 579 1815 cum
607 1785 645 1815 G.
673 1786 743 1815 rell.
771 1789 866 1814 recte.
894 1785 969 1814 Hac.
1021 1784 1054 1822 3)
1083 1784 1252 1814 cacozelon
1269 1782 1344 1814 MG.
1371 1788 1454 1822 spat.
1482 1794 1548 1814 uac.
1575 1785 1667 1824 reliq.
1687 1785 1756 1822 ΒΝ.
1783 1786 1951 1816 cacocelon
1978 1788 2006 1816 2.

177 1838 364 1884 Κακόζηλος
389 1842 455 1872 afh.
486 1860 525 1863 w
552 1846 666 1880 partem
690 1841 816 1872 MR2G.
845 1846 931 1871 recte
957 1845 1081 1880 partem
1106 1840 1210 1871 mzmdi
1233 1841 1294 1883 Βφ.
1320 1841 1389 1871 rell.
1428 1851 1543 1880 parem.
1571 1852 1706 1883 conpage
1732 1844 1760 1872 2.
1787 1844 1856 1873 rell.
1894 1853 2007 1882 conpa-

179 1908 247 1937 gem
273 1899 336 1937 (M)
364 1904 395 1928 et
420 1908 611 1938 compagem.
637 1908 673 1928 ew
700 1900 789 1929 elem.
816 1898 1034 1937 MRAQGCQ).
1063 1898 1132 1928 rell.
1151 1908 1212 1928 om.
1261 1899 1296 1937 4)
1322 1902 1475 1936 quattuor
1500 1909 1560 1928 om.
1586 1899 1621 1935 R,
1648 1903 1684 1929 ut
1708 1900 1770 1943 Βφ.
1795 1899 1852 1929 ΙΙΙ.
1879 1900 1924 1929 Μ.
1972 1901 2007 1940 5)

177 1965 333 1986 conexam
358 1955 464 1994 M(Q).
493 1957 575 1986 conf.
602 1956 673 1999 Btp:
713 1959 910 1995 ‘compagem
934 1956 1037 1986 mundi
1062 1956 1229 1994 significat
1253 1964 1335 1994 quae
1359 1965 1487 1985 concors
1518 1959 1564 1984 est
1592 1965 1633 1985 ex
1660 1957 1798 1986 diuersis
1821 1957 2008 1987 aelementis

179 2023 336 2043 connexa.
384 2013 437 2042 Ex
463 2013 599 2052 quadam
625 2014 709 2043 enim
730 2018 821 2052 parte
845 2014 967 2044 discors
993 2017 1025 2043 et
1051 2014 1132 2042 sicut
1159 2022 1242 2051 aqua
1268 2016 1298 2041 et
1325 2013 1421 2050 ignis,
1459 2022 1500 2041 cx
1524 2013 1663 2050 quadam
1687 2023 1816 2043 concors
1842 2014 1917 2043 dum
1941 2024 2008 2043 mu-

180 2075 232 2100 tuo
258 2071 484 2109 configantur!
516 2070 666 2100 Scholion
693 2071 736 2100 sic
761 2072 974 2101 constitutum
1000 2080 1068 2100 esse
1095 2074 1124 2100 et
1149 2071 1280 2108 planum
1305 2069 1445 2098 uidetur.
1483 2069 1549 2098 Par
1574 2074 1603 2099 et
1626 2074 1716 2108 pater
1741 2079 1836 2108 saepe
1860 2071 1893 2100 in
1920 2071 2008 2100 codd.

180 2129 431 2159 confunduntur.
483 2128 517 2167 6)
543 2127 713 2168 perifrasis
738 2127 780 2157 M.
831 2128 866 2166 8)
894 2132 924 2157 et
949 2128 1085 2165 proteris
1103 2126 1294 2165 MR2G(Q).
1321 2126 1391 2155 rell.
1417 2136 1477 2155 om.
1528 2122 1563 2166 9)
1590 2127 1684 2155 huius
1708 2136 1767 2156 non
1792 2127 1824 2156 di
1841 2127 2008 2165 plumentis

178 2185 283 2216 MRG.
338 2185 392 2223 10)
423 2185 575 2215 Scholion
601 2185 821 2223 deprauatum.
851 2183 894 2219 Q:
922 2184 1023 2213 ‘Haec
1049 2193 1163 2213 sanare
1189 2193 1250 2213 non
1277 2184 1459 2221 potuimus3
1485 2192 1581 2221 quare
1598 2182 1789 2213 Fabriciana
1815 2184 1909 2214 inuiti
1934 2185 2008 2213 reli-

178 2244 307 2282 quimus
334 2243 478 2272 intacta'.
507 2241 587 2271 Cum
612 2246 666 2271 aut
688 2241 760 2280 qm'cl
776 2241 856 2280 petis
882 2240 945 2270 [stis
970 2250 1082 2270 uersus
1109 2240 1357 2279 recognoscendi
1385 2243 1503 2277 essent,
1533 2249 1592 2278 ope
1618 2240 1736 2269 codicis
1762 2240 1805 2278 M,
1832 2241 1886 2279 qui
1911 2241 2008 2270 habet
2062 2262 2063 2271 1

185 2302 282 2339 reo-y„
310 2299 386 2328 haec
411 2307 485 2337 pars
511 2298 607 2328 facile
634 2299 737 2327 sanari
764 2301 900 2335 poterat.
927 2298 1044 2327 Mirum
1069 2301 1176 2328 autem
1201 2301 1311 2328 exstat
1336 2297 1609 2326 additamentum:
1637 2298 1748 2336 uergil.
1768 2296 1946 2335 (Vergilius
1964 2297 2006 2336 R)
2061 2311 2063 2326 τ

180 2366 249 2386 aere
275 2355 445 2385 concubinis
469 2354 544 2392 MR,
571 2364 631 2385 om.
658 2359 711 2384 aut
732 2364 759 2393 q.
780 2365 813 2393 2).
840 2354 923 2384 istis?
961 2355 1011 2384 De
1036 2356 1125 2384 cuius
1151 2356 1278 2393 origine
1304 2355 1379 2392 quid
1404 2355 1554 2390 iudicem.
1582 2354 1725 2383 nondum
1749 2354 1861 2384 habeo.
1903 2353 2010 2384 Petere

180 2424 210 2442 n.
239 2423 268 2442 u.
298 2413 392 2449 idem,
431 2413 514 2450 quod
538 2411 587 2448 ibi,
625 2411 690 2440 Aut
715 2412 759 2441 fh.
786 2415 894 2449 petere
920 2421 1005 2441 nunc
1029 2412 1119 2441 ualet
1145 2435 1150 2440 .
1178 2436 1184 2442 .
1213 2435 1219 2440 .
1248 2435 1254 2440 .
1283 2411 1427 2450 (lacuna)
1457 2420 1531 2440 nam
1556 2410 1713 2448 quomodo
1739 2411 1824 2440 ultro
1849 2414 1902 2439 aut
1924 2411 2009 2440 ultra
2060 2401 2062 2413 ³

178 2480 229 2499 va.
283 2470 336 2507 11)
365 2469 521 2507 quomodo
547 2469 640 2499 ultro.
668 2468 753 2497 ultro
769 2467 842 2497 MR.
859 2468 927 2497 rell.
953 2478 1014 2497 om.
1042 2468 1098 2498 alt.
1124 2468 1212 2498 ultro.
1237 2468 1327 2497 ultra
1352 2471 1408 2497 aut
1433 2465 1535 2505 ultra]
1565 2471 1618 2496 aut
1645 2467 1731 2496 ultra
1756 2466 1789 2496 id
1812 2471 1862 2497 est
1886 2468 1957 2505 plus
1977 2467 2007 2496 2.
2060 2506 2061 2510 Ἰ

182 2527 237 2565 1-2)
266 2530 320 2554 aut
350 2534 482 2563 aequum
508 2524 547 2554 A.
574 2534 686 2562 equum
710 2524 745 2553 R.
773 2533 904 2562 acquam
928 2524 971 2553 M.
1011 2533 1123 2563 equam
1150 2526 1179 2554 2.
1216 2530 1271 2554 aut
1296 2534 1331 2554 ea
1355 2533 1429 2563 quae
1454 2524 1540 2553 dicat
1566 2524 1601 2553 F.
1629 2524 1665 2553 E.
1692 2524 1828 2560 Franke,
1865 2524 1951 2553 dicat
1975 2523 2009 2553 M

182 2584 286 2621 (negl.
314 2582 357 2621 Q)
395 2582 431 2611 R.
472 2582 540 2610 rell.
580 2580 663 2610 dicit.
731 2581 785 2618 13)
815 2580 899 2615 Quid
926 2581 1010 2610 enim
1036 2582 1141 2619 inquit
1167 2581 1231 2611 tale
1256 2582 1316 2611 uile
1342 2582 1371 2610 2.
1439 2582 1494 2619 15)
1520 2589 1614 2618 quam
1638 2590 1697 2610 om.
1723 2580 1812 2610 vasli.
1838 2581 1923 2618 quod
1948 2589 2007 2610 om.
2060 2574 2061 2577 ¹

178 2638 304 2668 MRQG.
332 2638 454 2676 praedii
482 2638 523 2666 M.
551 2637 652 2675 predii
679 2637 714 2666 R.
768 2638 822 2675 15)
849 2637 1006 2668 Phraates
1025 2656 1065 2658 m
1084 2638 1255 2667 Phraatem
1280 2638 1366 2668 vafh.
1393 2638 1551 2676 prahaten
1567 2637 1610 2667 M.
1636 2637 1738 2667 Docet
1765 2641 1795 2666 et
1820 2635 2008 2675 MR2G(Q).
2058 2680 2059 2685 1

180 2706 229 2725 νει.
256 2697 301 2725 De
326 2696 381 2726 (coc
407 2700 438 2725 et¹
462 2696 507 2724 fh.
557 2695 629 2724 Post
653 2694 819 2724 Prahacem
845 2696 965 2725 scholio
991 2696 1212 2734 adiunguntur
1237 2697 1271 2725 in
1297 2696 1387 2725 codd.
1412 2695 1474 2725 MR
1498 2695 1590 2724 hacc:
1621 2703 1720 2733 agens
1747 2695 1779 2724 iu
1803 2694 2009 2732 disciplinam
2058 2700 2059 2706 ¹

182 2755 213 2783 in
240 2754 300 2782 bea
327 2754 376 2791 (in
402 2754 479 2783 baca
504 2753 540 2781 R.
567 2753 678 2782 iubeas
705 2753 735 2782 2.
764 2753 795 2781 in
822 2753 896 2782 beos
924 2752 967 2791 G)
996 2762 1104 2783 sexus.
1132 2763 1160 2791 p.
1191 2752 1390 2792 (compend.)
1419 2753 1451 2781 in
1477 2753 1635 2781 lemmate.
1664 2752 1852 2789 prahantem
1877 2750 1913 2780 R.
1940 2759 2008 2788 pro·
2056 2758 2058 2762 ’

180 2810 304 2839 chatem
332 2811 359 2839 2.
412 2807 466 2849 19)
491 2810 625 2838 denotem
649 2808 715 2838 vfh.
743 2809 927 2839 deuolutum
954 2808 1164 2847 MRA2GG‘2>
1191 2814 1222 2839 et
1247 2819 1264 2838 a
1291 2808 1326 2839 C.
1354 2809 1548 2838 Prouolutus
1575 2808 1615 2837 ad
1640 2817 1746 2846 genua
1771 2807 1920 2837 Caesaris
1945 2806 2006 2850 Βφ.
2056 2838 2058 2843 .

183 2866 331 2896 Caesaris
357 2866 462 2909 Α2Βφ
488 2867 557 2895 rell.
582 2874 644 2896 om.
