2148 3412
128 960 166 992 10

130 1327 163 1357 1.

149 1338 166 1356 ί)

191 161 274 200 474
799 169 905 203 Aen.
954 169 1014 201 ET
1039 169 1208 202 PORPH.
1235 169 1383 203 coMM.

305 295 341 334 9.
381 294 516 334 Virtus
547 300 605 334 est
633 293 807 334 medium
837 294 906 334 uit.
984 291 1124 333 Verae
1153 292 1320 333 uirtutis
1350 299 1423 342 est,
1469 292 1542 346 qui
1572 292 1615 332 in
1653 292 1840 333 amicitia
1874 292 1933 333 ita
1969 306 2013 334 se

191 371 386 421 praestat,
416 372 462 406 ut
490 379 626 419 neque
656 365 849 406 adulator
879 379 1014 420 neque
1035 379 1160 420 asper
1181 365 1246 415 sit,
1278 365 1351 406 sed
1371 364 1425 406 ab
1445 371 1622 420 utroque
1644 372 1835 407 semotus.
1898 365 2013 421 [Vir-

191 446 269 489 tus,
300 439 450 493 inquit,
482 438 539 480 ita
570 438 694 480 debet
723 438 833 479 inter
864 438 1075 480 contraria
1102 438 1206 479 uitia
1236 438 1280 478 in
1309 438 1449 479 medio
1469 452 1559 480 esse
1579 438 1729 493 posita,
1759 444 1804 479 ut
1824 437 1877 480 ab
1898 444 2014 480 utro-

192 526 272 566 que
302 512 477 554 crimine
507 512 560 554 sit
590 518 762 561 remota,
795 512 838 553 id
869 519 943 562 est,
984 526 1062 554 nec
1091 511 1267 553 nimium
1298 511 1528 553 adulationi
1573 525 1651 553 nec
1695 525 1737 553 se
1783 510 2014 553 austeritati

192 585 429 642 adiungat]

306 659 371 700 10.
402 658 519 700 Alter
547 660 589 700 in
620 659 849 714 obsequium
860 658 957 715 plus
980 673 1101 715 aequo
1118 672 1288 714 pronus.
1350 657 1595 712 Descriptio
1624 657 1911 699 inmoderatae
1940 657 2016 699 ad-

192 731 448 774 sentationis.
522 731 641 773 Dicit
671 746 794 788 ergo:
842 731 941 786 quia
971 738 1067 773 sunt
1095 731 1281 786 quidam,
1328 730 1399 785 qui
1430 730 1524 785 plus
1556 730 1663 772 iusto
1693 730 1909 772 adulantes
1939 730 2016 772 do-

190 805 316 847 minis
348 805 433 847 suis
462 804 804 846 recumbentibus
834 804 879 845 in
908 804 1015 846 lecto
1046 811 1087 845 et
1121 804 1289 845 diuersa
1333 803 1586 845 iactantibus
1631 803 1829 844 simulant
1872 817 1916 845 se
1962 803 2016 845 ad

190 885 337 920 nutum
368 878 583 920 oculorum
614 878 746 932 ipsius
777 877 920 925 diuitis
950 877 1097 918 timere
1129 884 1168 918 et
1198 876 1242 917 id
1272 876 1424 931 ipsum,
1458 876 1570 930 quod
1602 876 1795 918 dominus
1814 876 2015 931 loquitur,

192 953 341 994 leuiter
370 951 581 994 adulando
612 951 672 993 sic
688 951 924 1001 adfirmare,
957 957 1003 991 ut
1033 950 1226 992 crederes
1247 950 1458 1004 quendam
1488 950 1697 991 notarium
1718 965 1780 1001 ea,
1813 964 1920 1004 quae
1943 964 2015 991 ex-

193 1026 318 1081 cepit,
350 1032 446 1066 ante
477 1024 722 1080 magistrum
751 1024 907 1080 legere,
952 1023 1019 1065 uel
1064 1023 1274 1078 quendam
1321 1022 1494 1064 mimum
1537 1023 1580 1064 in
1626 1030 1744 1078 parte
1789 1023 2016 1079 secunda*)

191 1098 436 1155 tragoediae
467 1112 567 1140 suae
596 1103 789 1139 tractare.

307 1173 371 1213 11.
403 1173 550 1213 horret.
609 1170 758 1226 Fingit
787 1170 971 1212 horrere.

307 1246 374 1286 12.
405 1245 530 1286 uerba
563 1244 649 1286 cad.
679 1244 791 1285 tollit.
850 1243 1029 1285 Temere
1060 1242 1224 1298 prolata
1255 1242 1429 1297 suscipit
1460 1256 1538 1297 pro
1568 1242 1785 1283 mirandis.

307 1319 370 1359 14.
399 1326 534 1374 partes
564 1320 732 1359 mimum
762 1326 878 1359 tract.
911 1318 1121 1358 secundas.
1181 1314 1322 1367 Quem
1340 1313 1498 1357 Graeci
1530 1315 1826 1370 δευτερολόγον
1860 1315 2017 1357 dicunt.

193 1390 485 1433 Secundarum
516 1391 629 1432 enim
672 1390 856 1446 partium
892 1397 1054 1431 actores
1091 1389 1232 1430 omnia
1269 1389 1474 1431 submisse
1510 1395 1642 1444 agunt
1679 1395 1719 1430 et
1757 1388 2017 1444 suppliciter.

190 1463 433 1507 Notandum
479 1471 632 1514 autem,
680 1464 780 1519 quia
809 1463 853 1504 in
883 1462 1103 1519 tragoedia
1132 1477 1216 1504 non
1247 1462 1401 1503 debent
1431 1462 1522 1503 fieri
1552 1461 1647 1518 plus
1677 1476 1803 1516 quam
1835 1462 2019 1518 quinque

191 1545 308 1580 actus
337 1552 555 1593 personae.
614 1537 734 1594 Ergo
765 1538 916 1579 mimus
947 1539 1047 1578 dum
1068 1536 1296 1579 secundam
1317 1542 1479 1590 partem
1500 1535 1744 1591 tragoediae
1765 1535 1867 1592 agit,
1899 1536 2018 1591 (sup-

191 1611 293 1666 plici
321 1618 361 1653 et
389 1610 480 1666 Βφ)
511 1610 660 1652 humili
690 1618 786 1652 actu
816 1625 908 1652 eam
938 1610 1050 1651 facit.

307 1685 371 1726 15.
404 1685 517 1726 Alter
548 1686 730 1727 rimatur.
790 1683 924 1724 Aliud
953 1683 1104 1724 uitium
1133 1682 1295 1724 inducit
1325 1682 1464 1738 asperi
1495 1681 1687 1724 hominis.

305 1759 403 1800 lana
434 1773 550 1814 saepe
581 1759 759 1814 caprina.
819 1756 889 1798 De
919 1771 964 1798 re
994 1756 1070 1797 uili
1099 1762 1139 1798 et
1168 1770 1303 1811 paene
1333 1755 1460 1797 nulla.
1520 1755 1800 1797 Prouerbium
1832 1763 1905 1797 est.

305 1832 370 1872 16.
402 1833 551 1873 scilicet
578 1840 625 1872 ut
652 1845 746 1873 non.
806 1829 952 1871 Verba
983 1830 1136 1885 asperi,
1169 1829 1358 1871 rixantis.
1440 1828 1522 1885 [Ut
1550 1844 1635 1871 non
1666 1829 1719 1870 sit
1747 1829 1850 1870 mihi
1881 1829 2019 1884 prima

191 1904 294 1945 fides
323 1911 364 1945 et
392 1910 439 1945 ut
467 1919 552 1945 non
582 1903 639 1953 id,
672 1903 785 1958 quod
804 1917 904 1944 uere
925 1902 1076 1957 placet,
1108 1902 1262 1945 acriter
1284 1903 1483 1945 elatrem‘?
1541 1902 1593 1944 Id
1623 1909 1702 1944 est:
1734 1917 1818 1945 non
1849 1917 2016 1957 possum

192 1991 259 2018 me
290 1977 366 2019 sub
397 1976 623 2019 clientibus
653 1976 758 2017 meis
790 1975 1048 2032 defendere]

306 2052 371 2092 18.
404 2050 561 2091 Acriter
592 2050 769 2091 elacrem.
828 2048 987 2090 Libere
1018 2048 1170 2089 dicam.

298 2125 476 2180 pretium
506 2138 542 2163 α.
575 2137 611 2163 a.
641 2122 787 2164 sordet.
845 2121 897 2162 Id
927 2128 1001 2172 est,
1033 2121 1077 2162 in
1107 2127 1267 2163 tantum
1298 2122 1515 2177 despectui
1545 2123 1756 2178 deputata.

305 2196 434 2237 altera
463 2202 586 2237 aetas.
646 2195 698 2235 Id
729 2201 803 2245 est,
834 2208 930 2236 mea
961 2201 1165 2237 senectus.

308 2316 340 2355 1)
366 2316 469 2346 Verae
495 2315 583 2354 (uere
606 2316 642 2355 1))
668 2333 710 2336 ἡ
736 2319 877 2346 semotus
902 2325 928 2357 γ.
955 2316 1024 2345 rell.
1051 2325 1111 2345 om.
1137 2315 1220 2346 conf.
1248 2315 1292 2346 C:
1320 2316 1431 2346 ‘Verae
1456 2317 1531 2347 uirt.
1559 2321 1608 2347 est
1634 2319 1680 2348 ita
1705 2318 1739 2347 in
1763 2327 1824 2348 am.
1850 2321 1944 2356 stare,
1980 2322 2016 2349 ut

191 2383 294 2412 neque
319 2374 462 2404 aduleris
487 2382 590 2412 neque
614 2382 682 2411 asp.
709 2374 761 2402 sis.
796 2374 851 2403 sed
877 2374 916 2402 ab
941 2383 976 2402 u.
1012 2374 1175 2403 semotuss
1241 2374 1276 2413 2)
1301 2373 1413 2403 Virtus
1440 2392 1480 2394 —
1506 2374 1665 2412 adiungat
1689 2373 1827 2410 vcath.
1860 2375 1927 2405 rell.
1954 2385 2014 2405 om.

192 2429 284 2461 Conf.
310 2431 330 2459 b
356 2431 395 2460 ab
421 2439 450 2459 u.
481 2431 536 2459 10:
563 2429 647 2459 Alter
670 2429 702 2459 in
725 2428 819 2468 obseq.
856 2429 1014 2468 Exponit,
1041 2430 1119 2468 quid
1145 2430 1259 2459 debeat
1285 2430 1380 2459 homo
1406 2431 1531 2460 sectari.
1565 2430 1678 2460 Virtus
1704 2448 1744 2453 -—
1770 2436 1901 2461 remota.
1927 2436 1954 2462 et
1976 2436 2018 2462 est

189 2496 302 2517 sensus.
330 2487 468 2517 Tantam
494 2486 727 2516 continentiam
753 2495 830 2524 erga
855 2487 991 2516 amicum
1016 2490 1127 2516 tenere
1154 2487 1261 2524 debes,
1296 2490 1331 2516 ut
1356 2495 1459 2525 neque
1484 2487 1586 2517 nimia
1602 2487 1788 2518 adulatione
1804 2492 1859 2518 tua
1876 2489 2015 2527 culperis

191 2552 293 2582 neque
329 2547 387 2573 tua
422 2543 613 2572 austeritate
648 2543 825 2580 repellaris
852 2543 1047 2581 Descriptio’
1074 2547 1133 2573 etc.
1198 2544 1231 2583 6)
1258 2543 1444 2581 Descriptio
1470 2561 1511 2564 —
1536 2547 1677 2573 tractare
1700 2545 1748 2586 yb.
1774 2544 1842 2574 rell.
1869 2555 1929 2575 om.
1980 2545 2013 2583 9)

191 2600 339 2630 dominus
364 2600 481 2629 leuiter
505 2599 578 2629 dicit
602 2599 757 2629 adolando
784 2600 829 2629 sic
854 2598 907 2629 aff.
933 2600 963 2629 b.
990 2599 1043 2628 aff.
1068 2600 1117 2642 γὶ).
1168 2600 1223 2637 10)
1250 2600 1395 2638 excoepit.
1419 2609 1445 2641 γ.
1499 2598 1554 2639 13)
1578 2600 1693 2638 Fingit
1717 2601 1801 2630 horr.
1819 2600 1896 2642 ‘fb‚C
1914 2601 2013 2641 (horr.

190 2665 220 2685 se
246 2657 366 2696 fingit).
392 2657 462 2687 rell.
481 2665 542 2686 om.
595 2656 649 2695 14)
675 2656 809 2686 Temere
828 2673 868 2676 ᾖ
885 2656 1042 2685 mirandis
1066 2655 1122 2698 γ,Ο
1150 2655 1331 2695 (excidentia
1355 2660 1383 2686 et
1405 2660 1523 2687 temere
1549 2656 1625 2695 ete.)
1679 2657 1733 2696 15)
1761 2657 1849 2693 Quae
1875 2657 1954 2697 (que
1976 2657 2013 2696 b)

190 2722 235 2751 gr.
262 2708 483 2752 AeyTePOAO
502 2707 582 2742 TON
602 2712 715 2741 dieunt
732 2713 781 2754 γ1).
800 2712 871 2741 rell.
890 2722 950 2742 om.
1004 2713 1058 2750 16)
1083 2713 1267 2751 suppliciter
1284 2714 1334 2754 Tb.
1352 2712 1417 2755 Βφ,
1438 2713 1504 2742 rell.
1536 2712 1732 2751 simpliciter.
1784 2714 1839 2752 17)
1865 2715 1941 2752 quia
1965 2715 2013 2755 Tb.

191 2768 254 2812 Βφ.
281 2770 350 2799 rell.
377 2769 472 2808 quod.
488 2787 527 2789 —
543 2778 607 2799 non
632 2768 749 2798 debent
776 2769 806 2798 fi.
832 2769 903 2806 plus
929 2778 1024 2807 quam
1050 2769 1188 2807 quinque
1213 2772 1304 2798 actus
1330 2778 1483 2807 personae
1506 2770 1556 2810 3‘b.
1583 2769 1645 2812 Βφ.
1660 2769 1730 2798 rell.
1749 2772 1829 2807 trag.
1855 2779 1918 2800 non
1942 2770 2014 2808 plus

193 2834 285 2863 quam
304 2827 444 2865 quinque
462 2834 668 2864 personarum
685 2829 776 2855 actus
794 2825 912 2855 debent
931 2825 1042 2863 (debet
1055 2823 1098 2863 Q)
1117 2825 1195 2854 fieri.
1262 2825 1317 2863 18)
1344 2829 1427 2863 trag.
1446 2825 1488 2855 ait
1504 2835 1530 2866 γ.
1549 2826 1602 2854 hu.
1622 2828 1696 2855 actu
1713 2834 1783 2855 eam
1800 2825 1862 2855 acii
1876 2827 1925 2868 γ1).
1942 2827 2012 2856 rell.

193 2882 245 2910 hu.
271 2886 343 2912 actu
367 2883 438 2923 assit.
463 2883 482 2912 b
509 2883 616 2921 pergit
640 2886 713 2920 post
726 2880 826 2921 facit:
856 2881 1031 2919 Postquain
1056 2882 1225 2920 descripsit
1250 2881 1489 2912 immoderatam
1513 2881 1738 2912 adolationem.
1764 2882 1920 2912 describit
1937 2891 2014 2921 qua-

192 2936 304 2967 litates
329 2938 492 2969 hominum
517 2939 571 2978 qui
597 2939 636 2968 de
654 2937 702 2976 (et
726 2939 760 2977 b)
780 2942 811 2967 et
835 2938 935 2967 nihilo
962 2938 1066 2967 solent
1092 2939 1283 2968 contendere
1308 2943 1340 2969 et
1364 2938 1547 2976 despiciunt
1568 2937 1681 2978 [sonos
1694 2937 1730 2977 b]
1751 2938 1895 2969 homines
1920 2947 2014 2969 senes

194 2996 225 3022 et
251 2994 332 3023 alios
350 3003 490 3033 quosque
516 2995 580 3024 nisi
606 2994 729 3024 fuerint
754 2994 815 3032 ipsi
844 2994 938 3023 etatis
963 2994 1053 3023 cuius
1080 2998 1112 3024 et
1137 2995 1210 3032 ipsI.
1237 2993 1337 3033 (sicut
1365 2995 1425 3033 ipsi
1452 2994 1531 3037 Βφ).
1596 2995 1653 3034 20)
1679 2995 1778 3024 Aliud
1804 3013 1847 3016 -κ
1871 2995 2013 3025 hominis

192 3048 240 3089 ⁴(b.
267 3048 367 3078 Aliud
390 3049 531 3080 iudicium
554 3052 585 3080 b.
636 3050 692 3088 21)
718 3050 885 3080 De-est
910 3051 948 3091 *sb
974 3049 1056 3080 conf.
1083 3049 1118 3079 C.
1169 3049 1225 3089 22)
1251 3050 1358 3080 Verba
1383 3060 1449 3088 asp.
1477 3052 1539 3080 rix.
1557 3052 1595 3091 γ1)
1621 3050 1810 3090 (rixantes).
1840 3051 1883 3081 C:
1908 3051 2013 3081 Verba

192 3111 258 3141 asp.
285 3103 409 3134 hmnz'nis
432 3107 495 3135 rix.
522 3106 590 3136 rell.
616 3116 678 3136 om.
696 3124 737 3127 —
754 3106 801 3136 Ut
816 3124 855 3127 —
875 3105 1048 3136 defendere
1073 3115 1132 3136 om.
1159 3107 1207 3148 «(1).
1269 3107 1328 3146 25)
1352 3107 1468 3137 Libere
1493 3107 1596 3137 dicam
1622 3106 1711 3148 vaC·
1735 3107 1804 3137 rell.
1829 3116 1890 3137 om.
1953 3107 2011 3146 26)

192 3156 230 3187 Id
255 3162 304 3190 est
329 3160 362 3190 in
386 3164 469 3191 tant.
496 3161 526 3192 d.
554 3161 583 3191 d.
609 3171 670 3192 om.
690 3161 738 3203 γῐ).
787 3162 845 3202 27)
871 3162 891 3192 ἰ.
909 3170 980 3194 mea
1003 3170 1070 3193 sen.
1096 3171 1158 3193 om.
1185 3163 1233 3203 «sb.
1282 3161 1316 3202 *)
1342 3166 1451 3202 partes
1477 3163 1632 3194 secundas
1651 3162 1760 3204 (Hor.)
1780 3162 1816 3195 C.
1835 3163 2011 3195 Hermann.

2079 2403 2082 2420 1

2078 2447 2082 2486 ι,
2140 2454 2144 2458 .

2070 3169 2138 3196 1³¹-
