2148 3412
159 135 162 138 ’
192 126 273 166 468
825 133 928 165 Acii.
954 133 1012 164 m*
1040 132 1203 164 ronrn.
1230 132 1376 164 001111.

307 258 369 299 13.
402 258 446 299 Si
471 258 695 313 pranderet
725 257 853 299 holus.
928 254 1026 298 Hoc
1072 255 1227 297 dictum
1268 253 1480 312 Diogenis
1512 253 1665 311 Cynici
1711 255 1920 312 significat
1962 255 2016 296 ad

194 330 459 386 Aristippum
493 330 756 386 Cyrenaicae
788 338 926 372 sectae
958 328 1267 385 philosophum.
1330 326 1488 370 Sensus
1519 336 1581 370 est
1611 335 1770 370 autem:
1805 327 1852 370 Si
1884 343 2017 383 aequo

191 405 331 446 animo
363 410 610 459 paupertate
640 411 820 454 utamur,
867 417 1095 457 numquam
1127 416 1202 443 nos
1233 401 1406 457 regibus
1441 401 1725 451 obsecuturos,
1771 401 1805 443 si
1845 401 2018 458 regibus

191 477 474 532 obsequimur,
513 492 739 532 numquam
772 476 1032 532 paupertatis
1064 475 1207 517 sordes
1237 489 1373 529 aequo
1405 474 1545 516 animo
1576 475 1824 516 toleraturos
1855 488 1957 515 esse.

308 552 485 592 14-16,
519 551 565 592 Si
591 553 710 592 sciret
731 551 893 605 ‘re-(libus
916 551 982 591 uti.
1045 548 1196 590 Astute
1228 555 1272 589 ut
1302 547 1551 603 dignitatem
1584 548 1681 589 huic
1711 554 1848 590 sectae
1880 547 2019 589 colen-

193 624 340 666 dorum
371 624 611 679 principum
644 624 774 674 daret,
821 624 1004 673 inuertit,
1053 621 1166 676 quod
1197 628 1283 662 erat
1315 620 1578 676 reciprocum
1608 620 1647 661 h.
1678 635 1712 661 e.
1750 620 1784 662 si
1814 620 2022 675 patienter

192 696 366 753 regibus
396 704 594 747 uteretur,
628 697 702 739 sed
732 697 767 738 si
799 696 968 738 maluit:
1001 698 1038 737 si
1064 696 1199 744 sciret,
1236 701 1280 735 ut
1310 693 1525 736 uideretur
1555 693 1599 734 in
1629 708 1700 736 ore
1731 693 1930 749 patiendo
1959 693 2021 736 10-

194 770 377 812 borasse.
436 770 485 811 In
518 769 691 826 regibus
722 769 907 811 ferendis
939 784 1006 810 ars
1042 775 1080 810 et
1111 767 1243 808 labor.

308 845 371 885 15.
406 846 536 886 utrius
566 845 721 886 horum.
781 842 1006 899 Diogenis,
1037 856 1091 883 an
1121 840 1347 895 Aristippi.

131 931 168 961 10
310 918 374 958 16.
408 918 471 959 uel
498 919 634 959 viunior
666 918 774 959 audi.
853 914 998 968 Quare
1029 915 1153 956 audi?
1210 911 1324 966 Quia
1354 915 1508 960 2'uu.2'or‚·
1540 920 1581 954 et
1610 913 1689 955 hoc
1719 913 1912 963 ostendit,
1951 927 2025 955 cur

194 1005 319 1046 supra
351 994 409 1045 (u.
442 991 487 1044 3)
519 990 690 1031 dixerit:
723 990 844 1031 Disce
874 989 1076 1030 docendus
1108 988 1252 1029 adhuc.

309 1065 373 1106 18.
406 1065 640 1107 Mordacem
675 1065 878 1119 Cynicum..
940 1061 1095 1103 Facete
1126 1061 1354 1102 mordacem
1375 1058 1494 1110 dixit,
1525 1059 1604 1101 hoc
1625 1073 1725 1102 uere
1746 1059 1790 1100 in
1813 1057 2022 1115 Cynicum

195 1137 360 1179 dicitur.

310 1212 499 1253 eludebat.
564 1209 615 1251 Et
646 1210 725 1252 hoc
757 1209 876 1259 bene,
910 1208 1029 1264 quasi
1060 1207 1270 1262 iamque*)
1303 1220 1553 1247 morsui-um.

133 1296 169 1326 15
312 1285 375 1325 19.
409 1284 592 1326 Scurror
624 1299 691 1338 eqo
721 1285 802 1340 ipse
830 1282 938 1325 mz'lu'.
1010 1281 1192 1335 Propter
1221 1294 1288 1321 me
1319 1293 1499 1329 scurror,
1545 1278 1777 1321 scurriliter
1806 1279 2026 1335 obsequor.

196 1357 251 1399 Et
282 1359 385 1399 haec
418 1357 548 1399 uerba
581 1363 677 1400 sunt
707 1356 922 1411 Aristippi
957 1355 1010 1397 ad
1041 1353 1295 1409 Diogenem.

311 1432 375 1472 20.
409 1432 474 1472 21.
508 1445 631 1487 equus
661 1439 704 1472 uc
735 1445 794 1471 me
809 1437 957 1486 portet,
990 1429 1074 1470 alat
1094 1443 1181 1470 rex.
1241 1425 1357 1467 Hinc
1388 1425 1605 1480 παροιμία;
1638 1424 1781 1471 Ἵππος
1812 1442 1862 1481 με
1895 1426 2028 1482 φέρει,

199 1505 390 1560 βασιλεύς
423 1520 472 1558 με
504 1504 657 1559 τρέφει.
718 1503 978 1559 Diogenian.
1008 1500 1063 1551 V,
1095 1502 1161 1541 31.
1192 1499 1357 1541 Erasin.
1390 1513 1430 1554 p.
1464 1499 1556 1540 235.

312 1580 377 1619 21.
414 1578 602 1633 Officium
622 1578 741 1631 facio.
800 1575 933 1617 Modo
954 1576 1126 1617 honeste
1147 1572 1266 1622 dixit,
1300 1571 1412 1626 quod
1433 1586 1562 1627 supra
1583 1571 1813 1614 humiliter:
1846 1588 2028 1616 scurror.

133 1663 173 1693 20
314 1652 378 1692 22.
410 1665 549 1692 rerum
572 1652 702 1692 Dante
722 1652 866 1691 minor.
927 1646 1224 1701 Quantumuis‚
1256 1644 1404 1700 inquit,
1437 1644 1551 1699 quod
1583 1645 1743 1701 accipis
1763 1661 1944 1701 paruum
1965 1648 2030 1698 sit,

200 1724 406 1766 minorem
439 1731 477 1765 te
507 1724 613 1766 facis
644 1730 785 1764 tamen
817 1737 880 1773 eo,
913 1721 985 1775 qui
1007 1720 1083 1762 tibi
1105 1719 1298 1776 porrigit.
1360 1717 1487 1771 Quod
1519 1719 1553 1760 si
1584 1726 1658 1770 est,
1690 1734 1774 1761 non
1804 1734 1847 1762 es
1877 1720 2032 1764 nullius

201 1812 343 1854 egens,
375 1804 418 1839 ut
449 1797 540 1852 ipse
572 1797 623 1838 de
654 1803 694 1839 te
724 1796 865 1837 iactas.

314 1871 378 1911 23.
414 1870 554 1912 Omnis
587 1871 847 1926 Aristippum.
907 1866 1081 1917 Dicunt,
1113 1865 1335 1908 Platonem
1366 1866 1443 1908 hoc
1475 1866 1529 1907 ad
1559 1865 1830 1923 Aristippum
1861 1868 2031 1920 dixisse,

203 1958 296 1985 cum
327 1942 445 1983 illum
476 1943 729 1997 naufragum
746 1940 933 2003 *uidisset
964 1940 1008 1981 in
1038 1939 1213 1996 pannis:
1247 1939 1278 1979 ὦ
1311 1939 1543 1995 Αρίστιππε,
1575 1941 1703 1981 πάντα
1735 1956 1798 1981 σοι
1829 1941 1985 1996 πρέπει.

319 2059 352 2097 1)
378 2056 510 2096 prandet
531 2056 614 2086 holus
639 2057 682 2087 M.
700 2056 812 2093 —fuit
835 2057 875 2086 ad
901 2057 988 2087 vafh.
1014 2057 1084 2086 rell.
1113 2056 1278 2094 significat
1304 2055 1354 2085 ad.
1405 2054 1439 2095 2)
1463 2055 1507 2086 sic
1532 2056 1559 2085 si
1577 2055 1613 2086 R.
1640 2057 1680 2086 sic
1702 2058 1729 2087 si
1753 2056 1797 2086 M.
1845 2058 1880 2098 3)
1905 2061 2033 2089 utamur

202 2126 262 2146 om.
290 2116 364 2145 libri
392 2116 622 2154 (paupertatem
646 2112 706 2153 M).
735 2117 894 2144 uteremur
920 2113 956 2149 Q.
1022 2112 1057 2151 4)
1085 2112 1289 2151 obsequimur
1312 2112 1444 2142 uerimus
1468 2122 1641 2151 numquam
1665 2113 1708 2142 M.
1747 2114 1955 2153 obsequemur
1978 2124 2032 2145 ue-

202 2173 301 2202 rimur
325 2171 359 2199 R.
396 2169 600 2208 obsequimur
625 2172 654 2199 2.
682 2171 750 2200 rell.
791 2171 1048 2209 obsequeremur.
1078 2169 1109 2199 in
1146 2178 1240 2207 paup.
1278 2168 1350 2198 MR.
1415 2170 1449 2208 5)
1478 2170 1551 2199 huic
1576 2173 1682 2200 sectae
1708 2171 1796 2209 dign.
1823 2172 1852 2201 2.
1918 2171 1953 2210 7)
1979 2170 2033 2202 Sic

204 2227 372 2257 emendare
398 2230 429 2256 et
455 2227 653 2257 constituere
679 2228 837 2265 temptaui
864 2227 921 2256 hoc
947 2226 1141 2265 perdifficile
1167 2226 1321 2262 scholion,
1361 2226 1442 2265 quod
1470 2227 1501 2257 in
1528 2227 1617 2256 codd.
1646 2230 1676 2257 et
1700 2228 1773 2257 edd.
1802 2228 2034 2259 miserabiliter

202 2284 355 2322 seriptum
382 2288 413 2313 et
439 2287 619 2322 corruptum
646 2289 703 2314 est.
730 2294 812 2314 more
836 2283 981 2322 patiendi
1005 2284 1068 2313 lab.
1096 2285 1127 2312 in
1154 2292 1217 2321 reg.
1244 2284 1283 2313 fe.
1309 2281 1430 2318 vath.
1467 2293 1554 2314 more
1574 2283 1713 2322 patiendi
1736 2294 1792 2322 pro
1816 2295 1857 2314 m.
1884 2284 2034 2323 patientis
2079 2283 2083 2324 Ῑ

203 2349 266 2371 non
302 2343 408 2378 potest
444 2340 519 2370 dici.
556 2340 658 2370 modus
681 2341 729 2370 uel
750 2345 864 2370 natura
883 2340 1021 2379 patiendi
1044 2340 1274 2379 grammaticae
1311 2342 1387 2369 sunt
1413 2340 1572 2370 dictiones
1597 2341 1681 2378 apud
1707 2340 1842 2376 Quintil.
1868 2341 1893 2379 Ι,
1922 2343 1952 2378 6,
1982 2343 2032 2372 10.
2079 2328 2082 2382 J
2138 2353 2141 2356 ’

205 2397 256 2426 26.
282 2396 314 2426 in
337 2406 389 2426 ore
415 2398 564 2435 patiendo
588 2397 621 2426 M
647 2397 750 2436 (negl.
777 2397 819 2437 Q)
846 2397 936 2429 AR2.
965 2401 1050 2427 recte
1074 2407 1131 2435 pro
1156 2397 1277 2435 lingua,
1311 2405 1467 2433 sermone,
1493 2384 1735 2427 consuetudine.
1761 2407 1801 2428 cm
1824 2398 1863 2428 sit
1885 2399 1977 2428 labor
2002 2398 2032 2436 2,
2078 2386 2081 2438 l
2143 2398 2148 2416 ῑ

204 2453 290 2483 vafh.
317 2453 393 2483 arsit
415 2452 516 2484 MRG.
544 2454 636 2492 posui
661 2463 715 2483 (crs
739 2458 767 2483 et
790 2454 889 2490 labor,
916 2464 976 2493 quo
1001 2458 1183 2493 utrumque,
1209 2453 1301 2484 sciret
1325 2457 1355 2482 et
1378 2452 1539 2491 laborasse,
1567 2454 1707 2492 simplici
1732 2455 1825 2484 modo
1842 2455 2032 2493 explicatur.
2077 2453 2080 2488 Ι

203 2515 231 2541 et
255 2512 364 2541 arsisse
388 2512 495 2540 labore
521 2510 558 2546 Q.
599 2510 685 2546 Quid
711 2511 773 2540 sibi
800 2511 877 2541 uelit
905 2512 935 2540 h.
963 2512 983 2540 l.
1010 2511 1130 2547 arsisse,
1173 2521 1237 2542 non
1262 2511 1428 2548 adsequor.
1497 2508 1552 2549 11)
1577 2510 1655 2549 quod
1678 2520 1775 2549 supra
1799 2511 1879 2541 diaez'c
1902 2510 2031 2549 G,vafh.
2076 2489 2080 2551 f

204 2578 270 2598 cum
294 2578 339 2597 su.
367 2567 487 2597 dixerit
508 2567 551 2596 M.
578 2568 647 2597 rell.
674 2577 729 2597 cur
754 2576 799 2597 su.
827 2568 960 2597 dixerit.
1012 2568 1067 2606 12)
1093 2567 1262 2598 Facete—-
1279 2568 1398 2597 dicitur
1415 2576 1474 2596 om.
1494 2567 1582 2596 vafh.
1635 2568 1690 2606 14)
1718 2577 1792 2598 caue
1815 2577 1928 2598 morsu.
1956 2577 2033 2598 cane
2076 2593 2078 2596 ,
2135 2559 2148 2587 .ss

205 2635 339 2656 morsum
363 2625 428 2654 afh.
455 2624 522 2653 rell.
548 2623 665 2663 iamque
688 2634 873 2655 morsuram.
901 2625 984 2654 conf.
1010 2624 1079 2668 sz:
1105 2625 1283 2656 mordacem.
1311 2625 1479 2662 diogenem
1505 2624 1643 2653 cinicum
1667 2628 1760 2654 uocat
1786 2625 1917 2662 pulchre
1942 2625 2032 2663 quasi
2074 2598 2078 2659 l
2136 2628 2139 2629 ⁷

206 2681 355 2712 caninum.
408 2680 463 2719 15)
488 2680 663 2710 scurriliter
688 2680 857 2724 B<p‚C(Q).
886 2682 968 2711 conf.
993 2681 1065 2711 Aer.
1093 2692 1147 2711 cur
1171 2682 1267 2712 aliter
1293 2681 1337 2711 M.
1367 2680 1531 2710 curialiter
1555 2680 1590 2710 R.
1615 2690 1671 2710 cur
1695 2681 1786 2711 alteri
1810 2680 1868 2711 2G.
1895 2691 1962 2711 cum
1986 2682 2032 2711 al·
2135 2696 2145 2701 >s

205 2739 264 2769 teri
289 2738 378 2768 vafh.
430 2738 486 2776 17)
512 2746 598 2776 equos
622 2746 672 2767 me
696 2737 769 2775 MR,
795 2747 854 2767 om.
881 2742 925 2767 ut.
952 2756 991 2759 »ψ
1018 2738 1103 2768 Hinc
1140 2738 1243 2768 MRA.
1281 2738 1334 2767 hic
1368 2747 1417 2769 va,
1456 2737 1563 2767 uerbis
1591 2736 1722 2767 Graecis
1759 2738 1906 2768 lacunam
1941 2738 2031 2777 reliq.
2073 2759 2076 2774 ,

206 2793 294 2824 RGv.
346 2794 400 2832 19)
428 2803 534 2824 scurro
558 2794 595 2824 R.
645 2794 702 2833 20)
727 2803 853 2824 uero-um
880 2794 956 2832 (sic)
984 2795 1093 2831 dante,
1120 2805 1181 2824 om.
1208 2804 1248 2831 es,
1273 2794 1316 2824 M.
1341 2803 1449 2824 uerum
1475 2794 1571 2823 dante
1583 2793 1619 2823 R.
1647 2803 1680 2823 es
1706 2804 1766 2824 om.
1801 2795 1899 2824 etiam
1922 2794 2031 2824 Ambr.
2072 2793 2076 2851 1
2134 2809 2143 2814 -

209 2855 239 2880 et
263 2860 289 2892 γ,
317 2851 370 2889 qui
397 2851 494 2880 habet
520 2841 630 2881 slei-um
656 2861 735 2881 corr.
762 2861 780 2879 a
807 2851 824 2880 2
851 2861 891 2880 m.
930 2851 987 2880 ΗΡ
1024 2850 1114 2881 Sorb.
1151 2851 1230 2881 uilia
1267 2861 1371 2889 lje-rum
1402 2860 1513 2880 uerum
1537 2850 1558 2880 S
1584 2850 1726 2891 (expu.).
1757 2860 1862 2881 rerum
1886 2861 1963 2890 pure
1999 2851 2034 2881 in

210 2906 295 2936 Parr.
327 2908 374 2936 10.
406 2908 454 2936 12.
484 2908 534 2937 17.
562 2918 673 2938 uerum
699 2907 734 2946 (u
760 2909 792 2937 in
817 2908 942 2947 rasura)
968 2907 1058 2937 Harl.
1087 2908 1183 2937 2724.
1211 2917 1242 2938 es
1267 2908 1387 2938 habent
1413 2907 1495 2950 ΕΒφ
1526 2907 1592 2946 (est
1621 2909 1636 2936 1
1662 2907 1720 2945 m.)
1753 2906 1880 2938 AJIOR
1910 2906 2031 2937 Genou.

210 2963 339 3001 aliique.
370 2981 406 2983 m
431 2963 578 2997 Quamuis
603 2965 639 2994 R.
668 2969 814 3003 parluum
837 2962 961 2994 MR2G.
988 2965 1056 2994 rell.
1095 2974 1238 3002 paruum.
1304 2964 1361 3002 21)
1387 2968 1498 2994 tamen
1521 2963 1559 2993 ab
1584 2973 1619 2994 eo
1642 2963 1766 2994 MR2G.
1814 2963 1937 3000 Quodsi
1962 2968 2035 2994 esset

211 3029 272 3049 non
298 3024 345 3048 est
371 3019 495 3049 MR2G.
522 3022 590 3050 rell.
617 3032 646 3059 q.
673 3026 725 3058 est,
752 3031 814 3051 non
841 3030 879 3050 es.
945 3021 1003 3059 23)
1030 3021 1068 3050 ad
1095 3031 1155 3051 om.
1181 3020 1285 3050 MRG.
1311 3031 1332 3050 v
1356 3021 1453 3050 habet
1478 3024 1550 3058 post
1575 3020 1627 3050 hoc
1651 3021 1810 3057 lacunam,
1836 3030 1871 3050 a:
1910 3020 2033 3050 ‘dicunt

211 3075 376 3105 Platonem
397 3076 485 3113 (uide
502 3077 696 3117 Acr‹›nem).'
722 3079 768 3107 fh.
788 3078 841 3107 Di.
860 3077 940 3107 Plat.
966 3077 1023 3107 1100
1046 3077 1213 3116 Aristippo
1238 3078 1402 3107 tribuisse.
1430 3077 1476 3106 A:
1505 3077 1547 3106 ‘in
1572 3077 1630 3106 alt.
1648 3081 1713 3107 uet.
1733 3077 1800 3107 cod.
1827 3078 1872 3107 sic
1897 3077 2029 3116 legitur:

211 3132 252 3161 ud
275 3131 327 3161 Ar.
355 3132 491 3169 dixisse,
518 3143 587 3164 cum
614 3152 649 3155 m
679 3131 810 3175 πρέπει’.
837 3144 863 3164 ω
889 3142 1036 3176 ηριοπιηε
1060 3133 1103 3163 Μ.
1152 3133 1185 3173 *)
1211 3144 1241 3173 q.
1268 3143 1371 3164 canem
1396 3143 1473 3164 mor.
1500 3132 1535 3164 C.
1561 3133 1736 3163 Hermann.

2146 3202 2148 3205 .
2134 3091 2148 3099 .'
2139 3037 2148 3043 ι
2137 3024 2147 3032 *1
2138 2967 2148 2984 :-
2138 2923 2148 2930 .·
2144 2911 2145 2914 Α
2145 2902 2148 2906 1
2144 2870 2148 2871 .
