2148 3412
186 939 223 971 10

186 1672 228 1703 20

187 2039 227 2069 25

189 2402 230 2433 30

250 141 272 177 Ζ)
883 145 987 176 ΑΘΗ.
1016 144 1075 175 ET
1103 142 1266 175 PORI‘II.
1293 141 1440 174 COMM.

249 271 511 320 scholiorum,
544 268 692 310 Ambr.
732 267 773 319 Q
813 266 886 321 (Q.
920 269 984 308 75.
1025 281 1113 320 sup.
1146 265 1257 306 saee.
1292 263 1373 304 XI.
1413 263 1544 305 deser.
1586 263 1629 304 in
1670 264 1733 305 ed.
1771 263 1891 320 Lips.
1931 280 1971 320 p.
2012 265 2072 320 5),

250 344 397 385 Ambr.
431 346 453 385 5
494 342 568 395 (D.
602 343 693 382 114.
727 341 859 382 deser.
891 339 991 381 ibid.
1024 354 1064 393 p.
1098 340 1169 393 10)
1216 352 1322 379 saec.
1354 336 1444 377 XV
1476 336 1663 391 aliosque
1694 337 1881 379 eiusdem
1912 338 2072 389 aetatis,

249 424 291 459 ut
313 416 627 458 Norl'oleiamun
660 413 730 468 (N.
754 414 885 455 deser.
909 428 947 467 p.
972 413 1114 465 6<—7),
1145 410 1266 451 Rom.
1301 409 1392 451 Vat.
1415 411 1524 451 3316
1557 410 1684 466 (sign.
1717 426 1756 450 n.
1787 411 1919 452 deser.
1950 427 1991 467 p.
2015 413 2074 467 9),

249 490 356 531 Ven.
389 490 506 530 class.
539 487 666 528 XIII.
699 488 765 536 43,
798 486 905 542 sign.
937 485 989 526 V.
1022 484 1154 525 deser.
1187 498 1226 538 p.
1265 484 1330 532 10,
1361 481 1530 524 Menae.
1562 487 1678 524 eleet.
1711 485 1804 525 375.
1837 499 1944 525 saee.
1966 483 2073 534 XII,

183 575 200 601 5
251 564 357 618 sign.
390 562 437 603 M
469 562 521 602 ad
554 561 654 602 Aer.
687 561 819 601 deser.
850 575 890 614 p.
910 560 1025 599 6010.
1086 556 1233 610 Neque
1264 570 1314 596 ex
1345 555 1409 597 his
1440 570 1576 611 neque
1598 572 1648 597 ex
1671 557 1791 598 eodd.
1814 556 2073 599 Florentinis

252 636 382 678 Laur.
415 635 470 690 pl.
503 632 726 682 XXXIV,
762 634 796 673 1.
829 646 935 674 saec.
959 630 1041 680 XI,
1073 630 1202 671 Laur.
1235 629 1291 684 pl.
1323 628 1596 680 XXXVIII,
1621 632 1671 671 27
1705 637 1744 671 et
1764 630 1820 686 pl.
1843 628 1954 672 XCI
1985 646 2075 686 sup.

251 712 301 751 22
325 717 361 749 et
386 709 437 749 23
470 708 645 762 aliisque
682 706 811 747 multa
842 706 1006 746 adferre
1029 702 1249 758 angustiae
1268 702 1415 743 finium
1438 702 1641 744 sinebant.
1701 703 1751 744 In
1776 705 2082 747 Barcellonensi

250 782 387 824 satiris
405 780 562 822 scholia
578 795 661 820 non
680 786 772 821 sunt
790 779 897 819 data.
958 777 1026 818 Ex
1042 776 1109 831 Βφ
1128 775 1286 818 scholia
1303 775 1498 831 plurima,
1523 776 1718 831 inprimis
1735 777 1787 818 ad
1808 776 1842 828 I,
1863 779 1883 818 1
1902 784 1942 818 et
1957 777 2014 828 II,
2037 779 2076 828 3,

251 854 466 909 exscripsi,
499 859 640 908 utpote
678 867 782 906 quae
819 866 869 892 ex
889 857 986 891 uett.
1008 850 1297 904 interpretum,
1330 849 1593 904 potissimum
1615 849 1935 906 Porphyrionis,
1965 851 2078 893 fonte

248 929 448 985 profecta,
481 942 562 968 non
595 934 732 967 tamen
764 925 821 966 ita
852 930 1094 979 eomparata
1124 929 1230 972 sunt,
1262 929 1319 973 111,
1353 922 1464 977 quod
1495 923 1546 964 de
1568 923 1900 979 expositionibus
1921 923 2078 979 epistu-

248 1002 383 1044 larum
413 1000 540 1050 ualet,
581 1000 635 1040 ad
666 998 999 1040 emendationem
1030 996 1216 1038 loeorum
1246 1004 1492 1038 uexatorum
1522 997 1590 1038 uel
1622 997 1947 1053 deprauatorum
1978 1012 2101 1039 eon-“⁴

248 1075 430 1117 tribuere
451 1073 626 1115 multum
647 1073 819 1128 possint.
879 1070 961 1112 His
992 1070 1213 1125 aliquoties
1244 1069 1418 1111 adiunxi
1449 1070 1607 1111 seholia
1639 1085 1688 1111 ex
1720 1070 1817 1112 Par.
1857 1072 1965 1113 7978
2000 1070 2077 1126 (F)

250 1164 300 1191 ex
332 1163 437 1190 saec.
471 1146 562 1188 XII
592 1147 772 1195 ineunte,
813 1160 920 1200 quae
951 1158 1117 1199 semper
1146 1144 1231 1185 fere
1263 1158 1357 1185 eum
1388 1141 1541 1198 quCE
1571 1143 1742 1185 faciunt.
1801 1143 1888 1185 Hie
1920 1144 2010 1185 eod.
2041 1143 2078 1184 F

251 1223 400 1264 satirae
431 1221 630 1262 secundae
660 1219 757 1261 libri
778 1219 798 1260 I
830 1218 1000 1260 rubram
1046 1217 1163 1258 dedit
1191 1217 1528 1271 inscriptionem:
1578 1216 1765 1273 ‘Tigellii
1811 1216 2080 1274 hermogenis

208 1306 225 1334 5
251 1294 522 1338 modulatoris
550 1308 688 1335 mores
719 1292 930 1334 desei-ibit.
965 1293 1101 1347 eqloya
1126 1293 1277 1348 prima,
1324 1297 1363 1331 et
1395 1291 1447 1331 ad
1478 1306 1516 1331 u.
1558 1292 1609 1332 86
1650 1290 1860 1346 (Regibus
1901 1291 1999 1341 010.)
2036 1290 2080 1331 111

250 1369 441 1425 margine
462 1367 601 1423 posuit
630 1367 738 1408 hane
759 1380 890 1421 aeque
912 1365 1104 1407 rubram:
1138 1366 1305 1420 ‘Eyloya
1327 1365 1530 1407 secunda'.
1593 1362 1763 1406 Similes
1784 1364 2080 1420 inscriptiones

250 1442 375 1485 etiam
405 1442 448 1482 in
478 1441 571 1482 aliis
603 1439 818 1482 eodieibus
848 1438 1132 1488 inueniuntur,
1180 1453 1262 1493 qua
1297 1438 1348 1479 de
1385 1452 1429 1478 re
1468 1452 1541 1479 suo
1579 1437 1670 1479 loeo
1711 1437 1969 1493 disputatum
2007 1444 2080 1479 est.

250 1516 365 1557 Inter
395 1515 469 1556 hos
506 1522 566 1556 est
608 1514 731 1555 modo
772 1513 907 1554 dietus
947 1512 1097 1553 Ambr.
1141 1510 1195 1563 Q,
1243 1511 1286 1551 in
1327 1526 1409 1565 quo
1451 1511 1642 1567 singulae
1685 1511 1838 1553 satirae
1878 1518 2082 1553 uocantur

252 1589 443 1645 eelogae,
494 1595 555 1628 ut:
606 1585 834 1628 INCIPIT
880 1583 1145 1627 EGLOGA
1194 1579 1343 1626 TCIA
1391 1583 1687 1626 EIVSDEM.
1739 1592 1798 1626 et:
1852 1583 2081 1627 INCIPIT

253 1659 514 1704 EGLOGA
540 1658 808 1701 SEPTIMA
832 1657 918 1699 AD
940 1657 1335 1700 MECENATEM
1356 1665 1432 1700 ete.
1467 1657 1591 1700 Conf.
1612 1658 1742 1700 libros
1762 1658 2082 1714 Porphyrionis.

250 1734 384 1777 Liber
416 1733 665 1775 Sermonum
696 1732 843 1774 eodem
873 1732 998 1774 modo
1030 1748 1112 1787 quo
1142 1732 1186 1773 in
1207 1731 1357 1773 Ambr.
1391 1733 1427 1774 5.
1459 1733 1587 1787 (conf.
1619 1732 1683 1773 ed.
1705 1731 1825 1787 Lips.
1848 1747 1888 1787 p.
1914 1733 2000 1788 10),
2023 1732 2082 1774 ibi

250 1807 513 1850 inscribitur:
564 1803 833 1848 ACRONIS
886 1804 1290 1847 COMMENTVM
1340 1805 1402 1847 IN
1454 1804 1507 1858 Ω.
1557 1804 1821 1848 HORATII
1850 1803 2082 1854 FLACCI

253 1879 594 1924 SERMONES.
669 1879 838 1921 Primus
884 1894 1028 1920 eorum
1072 1879 1180 1921 liber
1225 1879 1459 1935 epigraphe
1499 1886 1632 1926 earet,
1680 1879 1785 1919 nihil
1822 1879 1941 1920 adest
1978 1879 2080 1921 nisi:

253 1949 465 1996 METRV
487 1948 764 1996 HEROICV
788 1952 874 1993 AD
891 1951 1298 1994 MECENATEM.
1322 1951 1471 1993 Ambr.
1494 1958 1531 1993 et
1554 1951 1602 1993 b:
1627 1951 1680 2004 Q.
1698 1952 1754 1993 H.
1772 1951 1821 1993 F.
1840 1951 2081 1995 EPISTO-

254 2028 472 2069 LARVM
504 2022 618 2068 LOE.
640 2027 696 2068 II.
729 2024 1039 2068 EXPLICIT.
1062 2023 1290 2066 INCIPIT
1315 2020 1611 2067 SERMONV
1632 2025 1819 2068 LIBER
1838 2026 2082 2068 PRIMVS.

253 2117 297 2156 3⁷:
330 2100 381 2154 Ω.
413 2099 674 2143 HORATII
703 2097 932 2141 FLACCI
962 2097 1148 2139 LIBER
1186 2097 1533 2141 SERMONVM
1570 2098 1800 2142 PRIMVS
1838 2098 2080 2142 INCIPIT.

252 2174 493 2217 Notandum
525 2181 662 2214 autem
695 2180 768 2223 est,
802 2173 946 2214 1111100
979 2172 1124 2214 00(1100
1145 2188 1242 2222 11011,
1275 2173 1381 2214 111111
1405 2172 1623 2215 Suecouat.
1656 2173 1752 2215 Vat.
1778 2175 1898 2215 1657.
1931 2173 2081 2215 Ambr.

254 2246 374 2287 Harl.
409 2245 564 2288 Graeu.
595 2246 721 2287 Fran.
754 2246 878 2288 Bare.
912 2246 1039 2288 Bern.
1071 2245 1124 2287 A.
1162 2246 1282 2288 Parr.
1318 2246 1428 2301 ΕΒφ
1467 2247 1643 2301 aliisque
1681 2254 1778 2288 uett.
1817 2247 1936 2289 codd.
1979 2247 2081 2289 Ho—

255 2320 365 2369 ratii,
415 2318 638 2361 Sermones
669 2328 899 2361 extremum
931 2335 1138 2376 occupare
1169 2320 1305 2362 loeum
1339 2321 1412 2362 sed
1442 2320 1649 2376 Epistulis
1681 2321 1877 2376 priorem.
1939 2320 2081 2362 Etiam

260 2393 310 2435 de
341 2394 419 2436 hae
450 2409 493 2435 re
525 2394 631 2435 alius
662 2394 739 2436 erit
769 2394 938 2436 uberius
969 2394 1214 2449 disputandi
1243 2394 1370 2435 loeus.

372 2612 716 2656 SERMONVM
747 2615 843 2655 libri
883 2615 978 2656 11100
1013 2615 1131 2667 dieti,
1178 2615 1276 2670 quia
1312 2615 1386 2656 uili
1428 2630 1618 2657 sermone
1664 2615 1802 2671 potius
1848 2632 1971 2671 quam
2018 2623 2082 2657 tu-
2146 2653 2148 2682 2

259 2687 400 2737 menti,
447 2688 534 2729 siue
581 2688 651 2742 qui
684 2687 820 2744 [quia]
854 2688 907 2729 ad
939 2696 1180 2743 praesentes
1212 2688 1462 2730 scribuntur.
1522 2688 1729 2743 Epistulis
1765 2689 1876 2730 enim
1914 2689 1967 2730 ad
2007 2689 2082 2731 ab-

191 2770 232 2800 35
259 2767 394 2801 sentes
425 2760 646 2815 loquimur,
680 2776 869 2803 sermone
892 2777 986 2803 eum
1008 2762 1310 2817 praesentibus.
1372 2762 1579 2815 Quamuis
1609 2763 1740 2819 igitur
1770 2763 1849 2805 hoe
1880 2778 1985 2819 opus
2007 2764 2082 2804 Sa-

259 2836 377 2875 lz'ram
414 2849 501 2875 esse
540 2834 742 2876 Horatius
782 2835 871 2890 ipse
910 2836 1164 2890 profiteatur,
1203 2852 1296 2878 eum
1334 2837 1389 2877 ait
1427 2835 1493 2892 (S.
1524 2836 1581 2887 II,
1617 2838 1652 2887 1,
1687 2838 1749 2891 1);
1798 2837 1901 2878 Sunt
1940 2838 2083 2894 quibus

372 2974 428 3009 333)
456 2973 510 3010 qui
534 2973 574 3001 ml
597 2983 646 3015 γη.
674 2978 768 3002 reete.
795 2975 863 3003 rell.
891 2975 963 3012 quia
989 2975 1030 3004 ar]
1053 2979 1113 3006 ort.
1143 2984 1184 3004 ex
1211 2977 1353 3014 praeced.
1381 2976 1465 3015 quia.
1493 2976 1544 3014 qui
1569 2981 1600 3006 et
1617 2976 1691 3015 quia
1717 2986 1776 3006 om.
1794 2976 1834 3005 N.
1860 2993 1900 2997 κ-
1929 2976 2084 3014 Epistolis

259 3031 341 3060 libri.
362 3029 541 3059 absentibus
558 3030 597 3067 X,
625 3030 718 3059 Cvca.
737 3031 778 3059 ad
795 3032 936 3061 absentes
953 3031 1061 3073 γ,111111.
1081 3042 1224 3062 sermone
1242 3043 1306 3063 cam
1324 3044 1369 3071 pr.
1388 3043 1413 3074 γ.
1443 3032 1632 3063 sermonibus
1650 3043 1695 3071 pr.
1713 3033 1752 3062 X.
1772 3042 1917 3063 sermone
1941 3042 2012 3062 uero
2037 3043 2082 3071 pr.

260 3086 294 3115 C.
314 3087 382 3115 rell.
410 3096 549 3115 sermome
575 3096 618 3123 pr.
668 3087 724 3125 35)
753 3087 853 3123 igitur
872 3097 931 3116 om.
950 3088 988 3118 X.
1015 3099 1065 3118 ore
1091 3090 1158 3127 ipse
1174 3090 1212 3118 X.
1232 3091 1398 3128 profitetur
1416 3101 1478 3120 mv.
1506 3092 1687 3129 profiteatur
1703 3100 1755 3133 γη,
1781 3089 1872 3120 Cafh.
1898 3091 2084 3120 confiteatur

259 3143 357 3172 tacite
383 3143 443 3172 inc.
471 3142 508 3177 Q.
536 3144 680 3181 Satyrum
708 3144 792 3174 libri.
819 3154 896 3181 opus
919 3153 1028 3183 yraece
1053 3145 1201 3184 Satyrum
1218 3146 1257 3175 X.
