2148 3412
167 266 231 306 23.
263 264 401 306 laudat
433 265 607 306 Brutum
638 265 748 306 laud.
785 264 993 306 cohortem.
1055 260 1284 305 Cohortem
1316 263 1488 305 comites
1518 262 1621 304 dicit
1640 260 1776 313 Bruti,
1809 261 1880 317 qui

58 341 101 382 in
131 337 304 380 consilio
335 337 424 379 eius
454 344 583 379 erant.
645 335 718 378 Sic
749 343 789 378 et
821 338 947 378 Lucil.
979 336 1036 377 ait
1072 335 1180 391 (rell.
1202 336 1283 378 inc.
1304 335 1377 378 lib.
1401 337 1466 387 62,
1491 334 1650 391 Gerl.):
1686 336 1735 377 Ut
1760 350 1880 391 prae-

21 400 24 465 ’ζ
58 414 152 456 toris
184 412 335 459 cohors,
366 418 411 452 ut
439 412 588 452 nostris
622 411 725 451 ducit
756 425 947 466 aruspeoe.

22 478 26 545 i
168 485 233 526 26.
266 498 400 526 canem
430 484 545 525 illum
576 484 759 525 Inuisum
790 485 913 537 aquc.
946 484 1019 524 sid.
1050 497 1140 524 uen-
1169 483 1324 524 ruebat.
1384 480 1648 538 Opportune,
1681 481 1883 536 quoniam

23 547 230 620 {laudans
260 556 439 598 Brutum
469 563 510 597 et
540 556 711 598 comites
751 556 840 597 eius
885 556 963 597 soli
1007 562 1047 597 et
1091 555 1222 597 stellis
1267 555 1507 597 salubribus
1552 570 1622 598 eos
1668 561 1882 610 conparat.
1930 563 1947 592 5

23 627 26 686 ξ
56 631 230 687 Regem,
261 644 385 685 quem
415 636 583 671 accusat
613 629 842 679 caniculae,
873 630 953 671 hoc
983 636 1045 671 est
1074 628 1284 684 pestilenti
1315 628 1440 670 sideri
1472 635 1790 684 conparauerat.

24 691 27 713 '
168 704 234 744 26.
265 704 330 744 27.
362 703 505 744 ruebat
536 703 705 744 Flumen
735 710 781 743 ut
809 703 882 744 kib.
914 704 943 757 s.
965 717 999 758 q.
1019 717 1119 743 rara
1140 704 1304 744 securis.
1362 701 1501 743 Tanto
1532 702 1701 757 impetu,
1732 701 1882 756 inquit,

26 779 29 830 ᾖ
58 776 266 831 eloquium
311 791 382 818 ore
430 775 727 833 [ef]fundebat,
773 782 929 830 quanta
959 776 1002 817 ui
1031 775 1187 817 flumen
1217 789 1268 817 ex
1298 775 1509 817 montibus
1540 775 1754 817 altissimis
1787 774 1882 816 ruit.

57 849 152 892 Hoc
182 849 293 891 enim
325 849 533 905 significat
564 851 698 904 fertur
729 864 804 905 quo
836 863 934 891 rara
964 851 1132 891 securis.
1210 847 1321 890 Nam
1351 848 1494 903 utique
1524 863 1608 890 non
1648 848 1771 890 facile
1801 848 1885 889 itur

58 923 102 965 in
131 937 180 964 ea
207 922 300 964 loca
329 922 383 963 ad
415 923 675 964 caedendum
705 923 882 979 lignum,
915 937 1024 978 quae
1054 922 1135 964 sint
1165 922 1292 964 nimis
1322 922 1407 963 alta
1437 928 1563 976 atque
1594 921 1786 976 abrupta.
1910 933 1947 964 10

169 996 348 1038 28-31,
384 998 485 1038 Tum
506 997 793 1038 Praenestinus
825 997 930 1038 salso
961 996 1161 1051 multoque
1189 996 1258 1052 flu.
1283 997 1412 1051 Expr.
1446 996 1610 1037 arbusto
1631 1009 1711 1050 req.
1735 996 1885 1037 conut'e.

61 1071 187 1112 durus
215 1069 387 1111 Vz'mlem.
420 1078 456 1111 et
485 1071 673 1112 irruimus.
732 1069 910 1112 Urbane
941 1084 989 1111 ac
1020 1069 1189 1124 copiose
1219 1069 1356 1124 inquit
1374 1069 1513 1111 locuto
1534 1068 1683 1111 Persio
1703 1068 1887 1110 inuicem

57 1142 251 1198 Rupilius
282 1142 470 1185 conuicia
499 1143 654 1199 regerit
683 1158 767 1185 non
797 1143 936 1184 minus
966 1142 1179 1193 ridiculus,
1227 1157 1353 1197 quam
1384 1142 1529 1184 rustici
1558 1142 1886 1184 uindemiatores

60 1216 190 1259 solent
219 1230 309 1258 esse
339 1216 382 1257 in
414 1231 484 1258 eos
513 1217 709 1267 uiatores,
742 1232 766 1258 a
788 1216 940 1271 quibus
961 1230 1038 1271 per
1059 1216 1245 1258 derisum
1267 1217 1420 1258 cuculli
1437 1216 1715 1271 adpellantur.
1774 1214 1885 1256 Nam

59 1289 191 1332 solent
218 1289 329 1330 leuia
363 1290 507 1331 rustici
550 1290 662 1332 circa
706 1290 820 1331 uiam
865 1289 1035 1332 arbusta
1080 1289 1389 1331 uindemiantes
1419 1305 1444 1330 a
1473 1289 1704 1332 uictoribus
1735 1289 1891 1331 cuculli
1912 1298 1952 1330 15

33 1362 276 1418 'appellarL
308 1377 403 1404 cum
434 1362 495 1403 illi
525 1363 744 1418 prouocati
774 1370 933 1404 tantam
963 1363 1189 1404 uerborum
1221 1363 1545 1404 amaritudinem
1576 1363 1620 1404 in
1651 1377 1721 1404 eos
1752 1361 1886 1403 effim-

33 1413 173 1500 {dunss
217 1442 262 1478 ut
294 1436 477 1478 uiatores
521 1436 604 1478 illis
649 1437 812 1486 cedant,
860 1436 1043 1478 contenti
1073 1442 1234 1477 tantum
1265 1451 1335 1478 eos
1367 1436 1551 1478 cucullos
1582 1436 1732 1477 iterum
1764 1442 1888 1490 atque

34 1509 207 1554 literum
238 1509 465 1565 appellare.
527 1508 651 1551 Salso
682 1524 784 1565 ergo
829 1510 1030 1566 multoque
1072 1510 1216 1565 fluenti
1256 1510 1418 1551 arbusto
1463 1509 1517 1550 ad
1561 1509 1888 1550 uindemiatores

35 1556 218 1640 {arbusti
247 1583 450 1625 relatione
480 1583 591 1625 facta
622 1583 779 1625 dictum
811 1597 901 1624 esse
930 1582 1176 1638 intellegere
1208 1582 1423 1633 debemus,
1469 1583 1540 1638 qui
1586 1582 1745 1625 scilicet
1790 1582 1889 1625 salsi

35 1644 150 1715 {loco
180 1656 382 1711 aliterque
412 1656 593 1698 uiatores
624 1657 881 1698 insectantur
910 1656 954 1697 in
986 1656 1048 1697 sui
1079 1656 1293 1697 ultionem.
1914 1666 1956 1698 20

37 1724 40 1742 '
171 1731 350 1772 32—35.
384 1732 436 1772 At
470 1730 652 1772 Graecus
679 1746 744 1787 po.
777 1739 832 1772 esc
866 1731 967 1771 Italo
1001 1731 1110 1786 pers.
1149 1739 1270 1770 aceto.
1330 1727 1612 1785 Allegoricos.
1658 1729 1889 1783 Postquam

37 1805 41 1860 ι
62 1809 134 1854 est,
164 1803 312 1858 inquit,
342 1803 515 1846 Persius
536 1804 674 1846 acrius
696 1803 898 1845 conuiciis
917 1803 1065 1858 Rupili
1086 1817 1181 1844 reus
1202 1817 1438 1857 percussus,
1469 1802 1642 1845 Persius
1664 1803 1888 1845 exclamat:

0 1912 2 1918 ,
38 1867 141 1935 {Per
166 1892 344 1932 maynos,
376 1878 513 1928 Brute,
545 1878 637 1919 deos
669 1886 703 1919 te
737 1878 834 1925 Oro,
880 1878 949 1932 que?
975 1891 1087 1931 requ
1118 1878 1327 1918 consueris
1359 1877 1506 1927 tollere,
1554 1892 1629 1919 cur
1659 1892 1739 1919 uon
1769 1878 1891 1920 Hunc

0 1968 3 1994 ε
39 1938 205 2012 {Reqem
242 1952 430 2006 iuqulas‘?
488 1951 811 1994 Urbanissimus
841 1951 980 2000 iocus3
1026 1965 1124 1991 nam
1156 1949 1254 2004 quia
1285 1949 1543 2004 Tarquinius
1578 1950 1784 2005 superbus
1814 1965 1887 1991 rex

2 2061 4 2067 ,
41 2017 347 2080 Romanorum
392 2039 469 2079 per
511 2024 680 2066 Iunium
710 2023 886 2066 Brutum
925 2024 969 2065 in
1000 2023 1173 2065 exilium
1204 2031 1321 2065 actus
1352 2032 1413 2064 est
1443 2030 1483 2064 et
1515 2022 1564 2065 C.
1599 2022 1771 2074 Caesar,
1818 2024 1889 2078 qui
1915 2034 1956 2065 25

64 2110 238 2153 regnum
268 2098 435 2140 uidetur
465 2098 710 2149 adfectasse,
741 2090 989 2153 per'Brutos
1019 2097 1064 2138 in
1095 2103 1241 2138 senatu
1271 2104 1332 2138 est
1353 2097 1530 2147 occisus,
1552 2097 1673 2151 quasi
1694 2097 1890 2138 infestum

64 2168 286 2212 Brutorum
317 2186 469 2213 nomen
500 2186 589 2213 esse
618 2171 788 2213 uidetur
817 2171 902 2212 iam
931 2170 1115 2227 regibus.
1175 2169 1294 2226 Ergo
1326 2170 1469 2212 iocans
1500 2170 1544 2210 in
1574 2185 1727 2211 nomen
1757 2169 1890 2226 Regis

0 2252 5 2270 “-
65 2241 209 2298 Rupili
239 2244 316 2285 ait:
350 2244 389 2286 O
412 2244 555 2296 Brute,
589 2259 762 2300 sequere
794 2245 962 2301 generis
992 2244 1052 2286 tui
1083 2244 1263 2300 gloriam
1294 2251 1334 2285 et
1354 2244 1465 2286 hunc
1486 2243 1705 2299 Rupilium
1727 2243 1889 2299 Regem

66 2316 272 2373 extingue.

17 59 21 80 Ι

17 81 21 112 ι

18 118 22 224 ἰ
806 141 856 173 IN
881 140 1017 173 snnM.
1043 140 1069 180 Ι,
1097 143 1127 172 7.
1798 127 1878 168 143

19 230 23 258 t

20 358 24 398 ι

176 2460 211 2501 2)
236 2466 393 2501 praetores
418 2462 463 2492 Μ.
490 2462 631 2501 R2G‚va.
658 2463 727 2492 rell.
754 2463 919 2501 praetoris.
984 2463 1019 2502 3)
1047 2467 1072 2492 el
1096 2463 1139 2492 M.
1165 2463 1234 2492 rell.
1254 2467 1299 2492 ut.
1325 2462 1445 2492 nostias
1469 2462 1512 2491 M.
1537 2463 1680 2492 ‘Nostius
1712 2460 1889 2500 (Hostius)'

0 2526 10 2556 j
67 2516 106 2547 A.
130 2519 225 2549 noscit
246 2519 281 2549 P..
307 2520 401 2550 nostis
427 2521 491 2557 2,v.
520 2520 638 2550 nostris
663 2519 837 2562 ath(G?).
865 2530 1028 2560 (czcruspex
1053 2521 1094 2551 M.
1154 2521 1189 2559 4)
1215 2524 1313 2558 oport.
1339 2520 1382 2548 M.
1410 2519 1558 2558 quoniam
1583 2518 1707 2547 MRAe.
1758 2516 1793 2556 6)
1818 2527 1891 2547 con-

0 2594 10 2613 ,3
68 2580 229 2612 parauerat
252 2576 345 2605 MRA
372 2576 489 2615 (comp.
513 2567 600 2616 RA).
627 2580 713 2606 recte
738 2581 868 2615 propter
892 2577 1018 2607 uenisse.
1046 2578 1116 2607 rell.
1143 2580 1315 2616 comparat.
1353 2576 1471 2614 Regem
1497 2593 1538 2595 —
1565 2578 1802 2613 comparauerat
1827 2584 1889 2604 om.

0 2650 9 2671 3·
67 2630 152 2663 vafh.
217 2632 250 2672 7)
276 2633 389 2671 inquid
410 2633 453 2663 M.
519 2634 553 2671 8)
580 2632 737 2663 fundebat
761 2633 805 2662 M.
832 2634 902 2663 rell.
929 2634 1122 2672 effundebat.
1148 2634 1256 2664 Tunto
1289 2652 1331 2654 -ἠ
1368 2633 1484 2662 securis
1511 2642 1570 2662 om.
1597 2631 1684 2661 vafh.
1749 2632 1782 2669 9)
1808 2631 1891 2660 Num

68 2688 177 2727 utique
200 2689 245 2719 fh.
312 2691 366 2728 10)
393 2691 457 2719 ced.
484 2690 557 2719 MP..
596 2708 637 2710 —
675 2690 739 2719 sint
765 2690 859 2727 M,f}1.
886 2691 956 2720 rell.
983 2695 1068 2720 sunt.
1095 2696 1191 2729 atque
1217 2700 1276 2720 om.
1304 2690 1347 2719 M.
1416 2690 1470 2729 12)
1497 2689 1608 2727 inquid
1633 2688 1674 2717 M.
1713 2688 1818 2726 inquit
1855 2697 1892 2717 ac

7 2756 9 2758 ’
70 2753 133 2783 cop.
160 2747 188 2775 2.
240 2747 294 2786 13)
320 2747 428 2785 regeri
450 2747 493 2776 M.
518 2764 563 2768 —
587 2747 674 2776 uind.
699 2746 826 2776 solantes
850 2756 881 2776 se
906 2749 940 2777 in
966 2759 984 2777 v
1011 2747 1193 2786 (perperam
1220 2747 1277 2776 ref.
1305 2746 1348 2785 Q)
1380 2746 1446 2775 afh.
1472 2746 1600 2774 solentes
1624 2744 1663 2773 A.
1690 2745 1757 2773 rell.
1785 2744 1892 2774 solent.

2 2813 13 2837 2¹
71 2809 145 2831 esse.
203 2804 257 2842 14)
284 2803 418 2833 cucullio
443 2804 555 2841 appell.
581 2804 623 2833 M.
651 2803 753 2833 cuculi
777 2805 838 2839 2,v.
866 2804 933 2834 rell.
959 2805 1077 2834 cululll.
1148 2805 1200 2843 15)
1228 2803 1340 2833 cuculli
1363 2803 1406 2832 M.
1472 2802 1526 2840 16)
1554 2811 1650 2830 amar.
1676 2802 1764 2830 uerb.
1793 2802 1823 2830 2.
1849 2818 1891 2821 V<

71 2857 234 2890 effundant
258 2859 324 2889 afh.
352 2859 546 2897 (effunclauit
569 2861 615 2900 v).
642 2861 711 2890 rell.
738 2860 916 2891 effundunt.
964 2862 1017 2900 17>
1043 2861 1179 2891 cucullos
1204 2860 1247 2889 M.
1300 2862 1353 2898 18)
1380 2859 1512 2897 (willare
1525 2858 1558 2887 M
1583 2857 1694 2896 (supra
1718 2858 1767 2887 bis
1791 2858 1889 2896 app)

9 2936 14 2953 g
72 2914 151 2944 salso
174 2915 263 2955 iyitur
286 2916 322 2946 R.
347 2934 390 2936 ——
415 2917 609 2955 multumque
633 2916 703 2954 R‚a.
731 2917 859 2946 arbusta
883 2916 953 2947 vfh.
1006 2918 1061 2956 19)
1088 2918 1254 2948 relationes
1278 2917 1322 2945 M.
1352 2933 1388 2937 —
1416 2915 1486 2953 quis
1512 2915 1579 2944 scil.
1603 2914 1646 2944 M.
1674 2913 1754 2944 salsi
1775 2914 1841 2944 loco
1858 2913 1892 2943 M

3 2991 14 3012 ,⁷
71 2968 175 3001 RA2G
200 2971 279 3010 (non
302 2982 331 3010 v,
357 2976 393 3002 ut
418 2974 533 3003 iterum
559 2982 724 3011 perperam
749 2972 807 3003 ref.
835 2973 889 3013 Q).
920 2975 1003 3004 salso
1027 2974 1094 3004 ioco
1122 2974 1159 3009 Q.
1186 2974 1240 3012 qui
1278 2991 1319 2993 ——
1356 2973 1513 3001 ultionem
1539 2981 1598 3001 om.
1625 2970 1712 3000 vassi.
1776 2971 1834 3009 20)
1859 2971 1891 2999 in

8 3067 10 3072 ‚
72 3034 128 3056 om.
152 3027 195 3057 M.
259 3029 315 3068 22)
340 3030 452 3067 inquid
476 3030 518 3059 M.
557 3047 596 3051 —
636 3039 780 3066 percuszcs
804 3029 848 3058 M.
874 3039 1091 3068 repercussus,
1118 3040 1178 3060 om.
1203 3038 1285 3066 reus,
1311 3028 1377 3058 afh.
1443 3028 1501 3066 23)
1528 3028 1691 3057 consuesti
1718 3027 1781 3056 afh.
1819 3036 1891 3056 eon-

73 3083 210 3114 sueueris
234 3094 265 3114 v.
326 3084 384 3123 25)
411 3087 528 3116 exilius
551 3086 594 3116 M.
623 3103 662 3107 -—
685 3086 773 3126 quius
798 3095 906 3116 caesar
931 3087 974 3116 M.
1040 3086 1097 3125 27)
1125 3087 1292 3117 brutorum
1316 3085 1420 3115 MRA.
1446 3085 1512 3114 rell.
1546 3085 1650 3114 bruto.
1681 3101 1723 3104 —
1760 3083 1890 3122 regibus

73 3136 192 3171 MRAz.
217 3150 327 3180 regum
353 3142 390 3179 Q.
416 3144 486 3173 rell.
512 3152 654 3182 regnum.
