2148 3412
175 944 215 975 lO

176 1312 216 1343 15

239 137 291 178 94
875 143 1063 177 ACR.ET
1089 141 1431 174 rossrfl.comrr

238 276 470 321 mouentur,
516 283 611 311 cum
644 266 871 323 opprobria
904 267 1083 309 aliorum
1127 264 1314 307 audiunt.
1391 265 1612 306 Eacam‘mat
1639 268 1777 304 autem
1807 275 1891 303 non
1921 260 2065 303 occidit

239 344 463 401 significat,
495 343 567 385 sed
599 340 820 384 conturbat
850 356 900 384 ac
929 341 1076 382 timere
1105 338 1218 381 facit.

353 418 446 459 129.
482 418 547 458 Eoe
575 417 660 458 hoc.
693 430 760 470 eqo
791 430 915 457 scmus
946 415 994 456 ab
1024 415 1119 463 illis,
1151 413 1308 454 Perm'c.
1345 425 1480 467 quaec.
1510 411 1561 464 se.
1634 407 1730 459 His,
1761 407 1910 463 inquit,
1941 421 2065 463 prae-

239 490 371 546 ceptis
401 490 533 545 patris
563 489 646 531 mei
677 488 867 530 effectum
899 494 972 538 est,
1003 493 1046 529 ut
1078 501 1102 527 a
1132 484 1380 541 perniciosis
1410 483 1525 525 uitiis
1555 489 1847 538 temperarem.

354 564 447 605 132.
481 563 582 604 liber
613 563 777 604 amicus.
845 561 897 602 Id
927 568 1002 611 est,
1046 559 1178 601 libere
1209 559 1427 615 proferens
1457 557 1571 613 apud
1601 571 1680 606 me,
1727 556 1762 598 si
1794 555 1887 611 quis
1917 554 1969 595 de
1998 568 2065 596 me
2118 535 2144 598 ἶ.

239 637 414 692 aequius
445 636 608 678 sentiat.

354 710 447 751 133.
478 724 563 765 neq.
595 711 707 759 enim,
742 723 831 751 cum
863 709 994 750 lectul.
1028 716 1100 749 aut
1129 722 1188 749 me
1211 707 1394 748 Porticus
1417 719 1501 747 exc.
1524 705 1561 746 d.
1583 719 1633 746 m.
1692 702 1896 744 Tractare
1926 715 2067 743 secum
2121 753 2123 760 .

240 783 299 824 ait
327 797 506 838 semper,
552 797 646 824 cum
678 783 789 825 solus
819 781 1071 831 deambulet,
1117 786 1188 821 aut
1217 780 1359 821 iacens
1395 778 1438 819 in
1474 778 1580 820 lecto
1624 776 1787 833 uigilet,
1832 776 1885 817 de
1929 773 2067 817 officio
2119 794 2122 822 1

240 856 341 900 boni
369 856 465 907 uiri,
497 863 621 912 atque
651 856 844 911 exempla
874 855 986 896 uitae
1007 854 1267 910 singulorum
1289 852 1370 894 sibi
1391 858 1697 907 proponentem
1718 863 1934 906 quaerere,
1966 847 2068 903 quid.
2118 847 2120 855 ’

240 930 332 986 ipse
362 930 480 985 sequi
509 930 749 985 imitarique
779 929 942 971 debeat.

358 1005 450 1045 138.
481 1005 552 1046 ubi
579 1004 675 1059 quid
705 1004 824 1045 datur
854 1004 911 1044 oli
936 1002 1121 1044 incumbo
1153 1001 1314 1042 chartis.
1375 998 1472 1040 Hoc
1503 1005 1577 1049 est,
1608 995 1892 1039 mediocribus
1912 994 1996 1037 illis
2017 1009 2069 1037 ex
2116 1010 2143 1036 ,1

241 1076 355 1119 uitiis
384 1092 525 1118 unum.
586 1076 882 1118 Urbanissime
914 1076 1064 1117 iterum
1095 1073 1282 1129 adponit,
1325 1072 1466 1129 [uitio]
1499 1078 1694 1127 poemata
1724 1069 1920 1113 scribere.
1982 1066 2069 1111 Sed
2116 1079 2120 1113 1

241 1160 282 1192 et
312 1156 489 1201 caetera,
521 1164 628 1205 quae
659 1149 846 1192 subiecta
876 1156 984 1199 sunt,
1020 1148 1167 1190 eadem
1197 1146 1436 1189 urbanitate
1466 1145 1673 1187 dicuntur.

934 1304 1210 1359 SATIRA
1250 1304 1290 1372 1,
1332 1306 1379 1358 5.

1060 1415 1249 1459 ACRON.

357 1520 393 1561 1.
432 1520 643 1574 Eqressum
672 1534 750 1561 ma.
782 1534 842 1561 me
874 1520 1027 1575 excepit
1055 1518 1196 1559 Aricia
1227 1517 1368 1559 Roma.
1441 1515 1527 1556 Iter
1557 1530 1677 1557 suum
1708 1513 1761 1555 ab
1798 1513 1903 1555 urbe
1932 1511 2068 1554 Roma

240 1591 515 1635 Brundisium
545 1607 677 1648 usqne
709 1592 920 1634 describit.
984 1593 1200 1647 Eqresszcm
1230 1591 1358 1632 Roma
1390 1590 1569 1631 dicimus
1591 1596 1630 1630 et
1654 1587 1875 1645 [cyrces-sus]
1900 1587 2069 1629 Romam

243 1681 454 1722 cyressum.
515 1668 664 1708 Aricia.
697 1667 837 1708 Aricia
869 1666 1030 1716 ciuitas,
1063 1679 1170 1720 quae
1201 1664 1319 1706 abest.
1349 1663 1402 1705 ab
1424 1663 1527 1705 urbe
1555 1663 1700 1704 decem
1721 1661 1838 1703 milia
1858 1675 2068 1717 passuum.
2116 1659 2118 1664 '

358 1794 390 1833 1)
417 1795 506 1832 obpr.
532 1793 694 1833 MQG(Q).
743 1794 778 1833 2)
804 1792 951 1822 tz’mefacit
976 1792 1093 1822 MA2G
1119 1791 1163 1830 (Q
1187 1791 1260 1822 fort.
1288 1792 1346 1821 hoc
1370 1791 1501 1821 uerbum
1526 1791 1718 1821 inusitatum
1742 1789 1948 1821 retinendum
1974 1785 2068 1827 erat).

240 1850 386 1886 Minime,
414 1860 488 1880 nam
513 1850 696 1889 tiniefacere
721 1860 785 1880 non
811 1849 964 1879 Latinum
992 1853 1051 1887 est,
1081 1848 1227 1887 timefieri
1257 1847 1388 1889 (partic.
1414 1848 1579 1878 timefacta
1611 1849 1746 1878 libertas
1780 1846 1847 1876 Cic.
1882 1845 1946 1876 Off.
1970 1844 2012 1882 ΙΙ,
2039 1845 2067 1874 7.

241 1906 325 1937 conf.
353 1907 445 1937 Luer.
472 1907 515 1945 ΙΙ,
541 1907 600 1945 43)
627 1916 691 1936 11011
715 1910 832 1937 tutum.
860 1906 1049 1944 Legendum
1075 1905 1145 1934 sine
1170 1905 1268 1935 dubio
1292 1906 1405 1934 timere
1429 1904 1508 1934 facit
1528 1905 1597 1944 (R),
1624 1914 1759 1943 quocum
1784 1903 1866 1933 conf.
1886 1901 1931 1933 C:
1958 1905 2069 1940 stupe·
2118 1939 2119 1943 Ἰ

241 1963 320 1994 facit
344 1963 463 2002 (Aen),
489 1964 671 2000 conturbat,
697 1962 866 2003 tremefacit
890 1962 1000 2002 (vasli)
1026 1967 1121 2001 atque
1146 1962 1292 1991 abstinere
1304 1962 1399 2001 facit.
1464 1964 1499 2001 3)
1525 1962 1691 2000 pernitiam
1729 1971 1815 2000 quem
1853 1969 1988 1999 cumque
2022 1958 2067 1988 M.

242 2020 278 2059 4)
306 2024 517 2058 temperarem
530 2018 799 2059 MR2(G?Q),afh
825 2019 855 2057 (f
870 2029 931 2049 non
958 2020 1054 2048 habet
1080 2024 1262 2057 temperem.
1288 2022 1322 2048 ut
1347 2018 1403 2048 ref.
1432 2018 1486 2057 Q).
1512 2023 1746 2058 temperaretv.
1764 2028 1781 2047 a
1798 2015 2069 2057 pernitiosissimis
2119 2005 2121 2021 ἶ

242 2081 351 2115 temp.‚
377 2086 436 2106 0111.
462 2077 566 2114 uitiis,
593 2076 626 2105 M
652 2076 802 2114 (Halm)
830 2076 898 2105 rell.
924 2085 942 2104 a
967 2075 1149 2113 pernitiosis
1171 2075 1252 2104 uitiis
1276 2079 1374 2113 temp.
1425 2076 1460 2114 ὃ)
1487 2075 1649 2114 preferens
1675 2075 1708 2104 M
1733 2075 1805 2114 (H).
1833 2075 1904 2105 rell.
1934 2073 2014 2112 prof.
2040 2073 2068 2103 si

242 2132 312 2171 quis
335 2132 369 2162 M
396 2133 468 2171 (H.)
495 2133 531 2162 R.
558 2133 628 2161 rell.
656 2133 683 2161 si
708 2132 793 2170 quid.
854 2132 887 2170 8)
914 2141 985 2161 cum
1011 2131 1086 2161 solet
1107 2131 1151 2160 M.
1212 2132 1246 2169 9)
1272 2132 1345 2161 uiri.
1371 2131 1477 2170 Atque
1502 2132 1635 2162 extrario
1658 2132 1789 2172 sinyulos
1814 2132 1877 2162 sibi
1901 2140 1992 2169 prop.
2017 2129 2066 2160 fh.

240 2188 345 2228 Atque
372 2193 464 2219 extra
487 2189 553 2219 iure
578 2189 704 2227 singulo
722 2188 893 2228 (singulos)
912 2189 974 2218 sibi
993 2198 1081 2226 prop.
1099 2198 1148 2218 va.
1168 2188 1231 2218 uiri
1250 2192 1347 2226 atque
1363 2188 1497 2227 exempla
1514 2188 1591 2218 uitae
1607 2189 1790 2229 sinyulorum
1807 2189 1870 2218 sibi
1886 2185 2066 2226 MR2G(Q)

241 2249 273 2276 et
297 2246 327 2275 A
352 2245 518 2284 (exempla
541 2245 599 2275 sibi
621 2246 708 2275 uitae
734 2246 815 2283 sing.
841 2247 959 2284 prop).
985 2254 1132 2283 praepon.
1158 2245 1188 2274 2.
1252 2245 1306 2283 11)
1333 2245 1391 2275 otii
1413 2245 1455 2274 M.
1482 2263 1523 2266 μ
1547 2245 1717 2276 inediocris
1739 2246 1782 2275 M.
1807 2245 1877 2275 Hoc
1901 2262 1945 2266 -—
1968 2253 2066 2273 unum

242 2312 302 2333 om.
329 2303 357 2332 2.
420 2303 476 2342 12)
502 2303 572 2332 urb.
599 2303 717 2332 iterum
741 2302 872 2340 adponit
896 2301 940 2339 M,
966 2311 1038 2340 app.
1064 2301 1153 2331 RA2.
1181 2301 1250 2331 rell.
1276 2312 1307 2331 u.
1335 2303 1355 2331 i.
1380 2311 1450 2341 opp.
1484 2318 1526 2324 -ο
1554 2303 1638 2332 uitio
1663 2312 1722 2333 om.
1747 2302 1845 2341 MR2,
1871 2302 1926 2341 qui
1950 2301 2065 2332 habet:
2108 2331 2111 2337 ,

241 2361 310 2390 urb.
335 2359 440 2390 uitium
463 2369 536 2398 app.
561 2369 612 2397 po.
641 2369 700 2389 scr.

354 2415 512 2446 ACRON.
562 2415 652 2446 Libri
677 2415 808 2445 Acronis
833 2418 943 2445 carent
968 2416 1138 2453 inscriptt.‚
1166 2424 1247 2453 quae
1272 2416 1304 2444 in
1330 2416 1419 2445 codd.
1445 2415 1523 2446 Hor.
1543 2416 1590 2445 sic
1615 2425 1648 2445 se
1666 2415 1803 2445 habent:
1835 2414 1907 2445 Odo
1926 2414 2067 2453 eporicos
2110 2438 2117 2459 ,ἶ

242 2474 303 2502 iter
327 2483 418 2503 suum
444 2472 600 2502 describit
625 2472 783 2502 brundisii
805 2472 913 2502 Ambr.
939 2472 983 2514 γΡ
1000 2470 1155 2511 (scribit).
1181 2472 1348 2502 Describit
1365 2473 1426 2502 iter
1444 2482 1536 2502 suum
1554 2472 1758 2502 brundisium
1783 2471 1876 2502 Barc.
1903 2472 2068 2502 Describit

241 2539 258 2559 a
275 2538 363 2559 roma
380 2529 583 2559 brundisium
609 2529 642 2568 (a
667 2529 760 2559 ROM
784 2529 950 2558 brunsium
976 2528 1051 2567 E)::
1078 2532 1205 2558 sextam
1232 2529 1376 2567 eglogaz:
1404 2529 1497 2572 ΕΒφ.
1524 2529 1649 2568 Egloga
1665 2529 1719 2559 VI.
1738 2529 1876 2559 describ.
1896 2529 1958 2559 iter
1975 2537 2067 2559 suum
2110 2562 2111 2567 ¹

240 2596 259 2616 a
282 2596 370 2616 roma
395 2586 593 2616 brundisium
617 2586 674 2615 DI.

355 2644 411 2681 18)
437 2643 561 2681 est-cepit
588 2652 605 2671 a
631 2643 663 2671 in
688 2642 764 2671 Hor.
793 2645 824 2671 et
850 2642 883 2671 in
910 2642 980 2671 lem.
1007 2646 1043 2671 ut
1067 2642 1197 2679 plurimi
1224 2646 1255 2672 et
1280 2645 1359 2672 uett.
1387 2647 1418 2672 et
1444 2651 1523 2672 rece.
1550 2643 1640 2672 codd.
1665 2642 1743 2672 Hor.
1778 2641 1838 2671 Ed.
1863 2641 1944 2672 Ven.
1969 2641 2067 2671 habet

239 2708 344 2737 excep.
369 2700 403 2729 in
429 2699 517 2736 Acr.‚
543 2700 667 2737 accepit
693 2699 726 2728 in
752 2698 840 2733 Hor.‚
867 2699 965 2736 coepit
993 2699 1023 2727 in
1050 2699 1120 2728 lem.
1146 2698 1263 2736 Porph,
1280 2716 1320 2719 —e
1339 2708 1401 2728 exe.
1428 2698 1474 2728 fh.
1503 2700 1535 2728 in
1560 2699 1650 2736 Hor.‚
1680 2709 1740 2729 om.
1767 2699 1801 2728 in
1826 2699 1900 2728 lem.
1925 2697 2066 2729 breuiori
2106 2731 2108 2734 .

240 2757 314 2795 Egr.
340 2766 458 2795 magma.
484 2756 607 2794 accepit
632 2765 703 2785 cum
729 2755 840 2784 Lamb.
867 2754 963 2793 Cruq.
990 2755 1098 2786 Bentl.
1128 2759 1189 2785 etc.
1216 2756 1249 2784 111
1273 2755 1346 2784 Acr.
1372 2760 1404 2785 et
1430 2756 1546 2793 Porph.
1572 2755 1608 2792 Q,
1636 2759 1671 2785 ut
1688 2754 1798 2785 Ambr.
1823 2755 1954 2797 γΕΗΤμ
1979 2754 2064 2792 (Par.
2110 2751 2112 2759 ’

241 2813 338 2842 7980.
354 2822 435 2842 saec.
449 2812 548 2851 XIV).
567 2816 632 2842 uet.
649 2812 736 2842 Mon.
755 2813 788 2841 in
806 2813 877 2841 lem.
896 2812 1012 2849 Porph.
1031 2811 1125 2841 Bern.
1144 2811 1184 2841 A.
1205 2811 1376 2851 (accaepit)
1395 2816 1425 2842 et
1444 2812 1618 2842 nonnullae
1637 2813 1708 2842 edd.
1727 2821 1808 2842 saec.
1823 2811 1890 2840 XV.
1908 2810 2066 2849 acceperit

240 2869 329 2898 Areia
345 2869 383 2898 X.
404 2870 494 2907 pauci
512 2870 582 2899 libri
602 2870 673 2899 hab.
692 2870 796 2907 caepit
813 2873 848 2898 ut
864 2868 958 2897 Bern.
975 2868 1010 2905 Β,
1038 2869 1106 2897 siue
1129 2869 1238 2906 coepit.
1264 2872 1299 2898 ut
1326 2869 1398 2898 edd.
1416 2869 1517 2898 Venn.
1539 2869 1634 2907 1483,
1656 2870 1750 2904 1490,
1777 2868 1829 2897 uel
1853 2868 1935 2906 cepit
1954 2867 2064 2906 (Bern.

239 2925 291 2964 F).
316 2925 551 2963 Argumentum
576 2935 636 2955 om.
662 2924 819 2962 XG,mva.
852 2925 1017 2954 Describit
1041 2924 1089 2954 Mc
1115 2925 1175 2954 iter
1201 2934 1291 2954 suum
1316 2935 1334 2954 a
1359 2934 1445 2954 roma
1470 2926 1671 2955 brundisium
1697 2935 1797 2964 usque
1821 2925 1883 2968 Βφ.
1911 2941 1949 2944 —-
1975 2932 2066 2963 usque
2108 2959 2109 2962 Ἴ

240 2981 283 3010 ad
304 2981 444 3011 brundis.
470 2982 570 3012 deser.
595 2991 620 3023 γ.
648 2981 856 3011 Brundisium
883 2989 981 3019 usque
996 2979 1031 3009 C.
1048 2980 1266 3010 Brundusium
1291 2990 1360 3020 usq.
1386 2981 1459 3018 th.
1508 2982 1565 3021 20)
1591 2982 1761 3020 Egressum
1784 2999 1827 3002 —
1852 2990 2013 3019 egressum
2035 2989 2062 3021 γ.

240 3038 309 3066 rell.
335 3038 492 3075 Egressus
583 3047 724 3076 egressus
750 3038 893 3067 Romam.
944 3037 1048 3066 Aliter
1073 3037 1232 3075 incipiunt
1264 3038 1294 3076 1)
1322 3037 1365 3067 C:
1393 3039 1537 3068 Lucilius
1562 3038 1617 3067 lib.
1645 3039 1663 3067 3
1690 3038 1862 3075 descripsit
1887 3038 1949 3066 iter
1973 3046 2063 3066 suum

241 3094 324 3132 quod
349 3094 447 3123 Roma
472 3094 547 3124 fecit
572 3093 714 3132 Capuam
740 3100 771 3123 et
797 3095 870 3123 inde
895 3095 935 3123 ad
961 3094 1080 3124 fretum
1106 3103 1207 3131 usque
1232 3093 1411 3124 Siciliense.
1460 3094 1553 3124 Hunc
1570 3095 1716 3124 imitatus
1735 3094 1890 3124 Horatius
1907 3094 2064 3123 iterszmm

240 3150 277 3179 ab
301 3150 371 3180 urbe
395 3151 492 3180 Roma
515 3150 673 3189 descripsit
690 3150 885 3181 Brundislzam
901 3159 1000 3190 usque,
1028 3159 1273 3180 commemorans
1299 3151 1366 3180 eius
1385 3151 1509 3181 itineris
1527 3151 1736 3189 incommoda,
1764 3151 1860 3181 simul
1878 3154 1909 3181 et
1926 3149 2062 3181 facetam
2100 3170 2104 3198 ξ

2100 3202 2104 3225 1

2100 3285 2103 3302 1

2100 3327 2102 3339 ι
