2148 3412
144 944 183 975 10

150 1311 188 1341 15

203 141 283 180 114
837 143 942 176 Aen.
968 143 1028 174 ΕΤ
1055 140 1219 173 ronru.
1245 139 1392 171 COMM.

313 275 436 328 myris
476 272 575 312 med.
615 269 784 326 inpediet
821 280 915 309 crus
955 266 1072 315 Pell„
1120 273 1155 305 et
1192 263 1321 304 latum
1360 262 1459 303 dem.
1490 268 1592 317 pecc.
1632 259 1807 301 clauum.
1880 256 2026 299 Nouus

203 354 381 395 senator,
415 345 486 399 qui
517 343 632 398 cupit
662 356 749 382 rem
780 339 1102 387 incommodam,
1144 336 1255 376 unde
1285 341 1498 389 pateretur
1528 332 1733 373 inuidiam
1763 338 1804 372 et
1833 344 2026 386 expone-

202 431 315 462 rctur
345 417 579 460 maledictis
610 413 785 455 materia
820 411 1049 461 lacerandi,
1099 409 1204 466 [Hic
1234 407 1366 463 notat]
1415 413 1455 448 01
1498 406 1567 447 1110
1612 404 1784 460 exponit
1827 418 1911 454 005,
1957 403 2028 458 qui

203 494 345 535 uolunt
378 497 576 546 appetere
606 488 798 536 honores,
832 500 936 540 quos
966 499 1051 526 non
1081 483 1316 524 habuerunt
1347 481 1411 523 5111
1440 480 1632 522 maiores.

316 565 484 620 inpediet
518 577 623 603 crus.
683 559 918 616 Ligaucrit.
967 555 1260 599 (111-0101111οᾶ11
1288 556 1461 596 medium
1492 568 1587 595 crus
1632 552 1727 593 ideo
1772 551 1887 602 dicit,
1933 550 2030 606 quia

206 639 373 681 altiores
404 644 496 678 511111
529 634 658 676 calcei
690 640 940 675 senatorum.

319 713 383 752 28.
419 710 606 751 Pellibus.
669 705 990 764 [Calciamentis
1020 702 1196 759 longis]
1256 700 1427 757 Zangis.

319 783 472 825 demisi!
496 789 600 838 peel.
658 779 805 821 Media
836 785 954 833 parte
987 777 1189 831 corporis.

322 856 448 897 Audit
479 857 676 896 conlinuo.
738 851 800 909 [A
831 849 1021 906 populo.]

326 931 424 980 Quis
455 928 569 970 homo
601 928 694 968 hic?
763 924 852 966 Aut
881 923 1181 978 inquirentium
1213 928 1289 972 051,
1322 927 1393 962 aut
1413 920 1758 975 exprobrantium
1788 919 1857 960 hic
1887 932 2036 960 sermo.

323 1004 389 1044 30.
425 1003 473 1043 l't
503 1003 540 1043 si
569 1002 638 1056 qui
665 1007 848 1054 cteyrotet.
907 997 1008 1037 Alia
1031 995 1287 1051 conparatio.
1336 996 1558 1049 Aeyrotare
1589 994 1725 1035 morbo
1755 992 1951 1034 dicuntur
1979 991 2036 1042 hi,

210 1077 283 1131 qui
313 1075 469 1117 habent
500 1074 684 1128 aliquam
717 1072 1001 1127 cupiditatem,
1034 1070 1133 1125 quia
1163 1069 1299 1111 omnis
1330 1068 1539 1124 cupiditas
1570 1066 1791 1122 aegritudo
1822 1071 1895 1107 est.

323 1151 390 1190 31.
427 1149 475 1190 Ut
497 1149 632 1203 cupiat
650 1147 866 1201 formosus.
914 1142 1316 1198 Quemadmodu1n[,
1349 1141 1519 1198 inquit,]
1540 1141 1575 1183 si
1596 1140 1689 1196 quis
1710 1139 1836 1180 habet
1857 1137 2040 1180 studium
2098 1126 2101 1129 V

214 1222 466 1265 moechandi
497 1228 535 1262 et
565 1219 745 1261 uoluerit
773 1218 911 1259 uideri
940 1218 1159 1266 formosus,
1206 1216 1324 1257 inicit
1362 1214 1514 1271 puellis
1554 1229 1697 1256 curam
1736 1211 2041 1268 interrogandi,
2100 1212 2109 1262 ξι

217 1296 331 1352 quali
361 1294 525 1336 iuuenis
555 1293 662 1335 facie
693 1292 758 1342 sit,
791 1292 904 1346 quali
935 1291 1071 1340 dente,
1103 1289 1218 1344 quali
1249 1288 1421 1343 capillo:
1470 1288 1528 1329 ita
1558 1294 1598 1329 et
1627 1287 1675 1336 15,
1720 1286 1793 1341 qui
1823 1284 2040 1342 promittit,

214 1384 257 1411 se
289 1378 527 1411 curaturum
560 1368 611 1408 de
642 1365 872 1420 republica,
904 1365 1003 1406 facit
1034 1363 1225 1405 homines
1257 1376 1458 1417 quaerere
1489 1361 1540 1402 de
1571 1359 1817 1416 parentibus
1848 1358 1945 1402 suis.

215 1566 436 1603 unusquisque
474 1565 569 1602 insip.
607 1573 681 1593 nou.
709 1564 775 1601 ign.
804 1563 937 1600 cupiens
970 1563 1019 1600 051
1052 1557 1126 1588 Sen.
1160 1557 1247 1595 dign.
1283 1558 1309 1586 is
1342 1558 1425 1595 petit
1460 1558 1523 1587 sibi
1554 1566 1619 1587 rem
1651 1557 1744 1586 ualde
1776 1557 1887 1586 incom.
1922 1555 2046 1585 scilicet

216 1623 383 1652 materiam
410 1622 535 1651 inuidia
560 1625 593 1651 et
617 1620 874 1650 obtrectationis.
924 1618 1024 1647 Notat
1049 1619 1156 1645 01110111
1182 1623 1235 1644 005
1262 1614 1316 1652 qui
1342 1617 1499 1652 appetunt
1523 1614 1670 1651 honores,
1697 1622 1774 1652 quos
1790 1622 1854 1643 non
1873 1614 2046 1651 gesserunt

217 1680 265 1708 5111
291 1678 469 1717 niaiores'.)
498 1682 530 1707 et
555 1687 624 1715 cup.
652 1686 718 1706 sen.
745 1677 834 1714 dign.
861 1675 914 1713 qui
941 1673 1029 1711 cupit
1054 1681 1120 1701 rem
1146 1688 1188 1691 —
1214 1670 1388 1700 lacerandi.
1436 1670 1498 1699 Hie
1523 1674 1616 1701 notat
1642 1680 1695 1700 eos
1720 1674 1769 1700 est
1795 1679 1825 1708 q.
1852 1679 1919 1708 seq.

331 1735 366 1773 4)
393 1736 573 1763 habuerant
598 1734 675 1775 7,ss1.
702 1733 771 1762 rell.
799 1732 985 1760 habuerant.
1013 1728 1040 1764 Q
1058 1729 1102 1758 510
1119 1727 1218 1758 refert
1235 1731 1267 1757 et
1285 1727 1424 1757 iudicat:
1453 1726 1571 1765 ‘Comp.
1590 1726 1736 1762 Quilibet
1753 1727 1910 1765 insipiens
1929 1725 2046 1766 (recte)
2106 1764 2107 1767 Ἰ

218 1801 320 1821 nouus
347 1792 413 1829 ign.
441 1795 472 1819 ct
498 1791 626 1828 capiens
653 1793 783 1819 senator
809 1789 863 1826 qni
889 1787 976 1825 cupit
1002 1796 1027 1815 r.
1048 1786 1067 1814 i.
1086 1795 1116 1813 u.
1144 1788 1209 1822 pat.
1237 1783 1299 1812 Hic
1325 1783 1394 1813 cod.
1420 1783 1504 1813 Med.
1531 1783 1655 1814 Horum
1681 1784 1938 1813 emendationem
1965 1782 2049 1822 (nam
2106 1779 2107 1782 ¹

217 1857 252 1877 ne
277 1846 463 1877 Fabricium
487 1847 603 1885 quidem
626 1845 699 1875 mihi
720 1844 887 1884 satisfecit
909 1852 1086 1882 quamquam
1109 1841 1223 1880 recepi)
1249 1841 1305 1870 alii
1331 1841 1513 1878 temptent.‘
1560 1840 1716 1870 Perfacile
1742 1840 1886 1879 profecto
1914 1849 1951 1869 00
1978 1840 2049 1870 leue

219 1908 268 1934 est
293 1904 358 1933 tale
384 1904 525 1941 inpar-ati
551 1907 648 1940 atque
674 1901 852 1940 inpotentis
879 1900 1014 1930 editoris
1041 1899 1208 1937 negotium
1234 1898 1382 1927 omnibus
1407 1897 1475 1927 fere
1493 1896 1734 1927 difficilioribus
1751 1898 1842 1928 locis.
1890 1897 2050 1936 Equidem

218 1962 334 1990 lemma
358 1960 453 1999 m‘ssris
507 1977 530 1979 e—
569 1959 695 1988 clauum
721 1957 901 1994 interposui
930 1961 960 1986 et
985 1956 1124 1985 disiecta
1149 1955 1282 1991 perboni
1307 1955 1370 1983 mei
1396 1954 1517 1983 codicis
1542 1955 1687 1984 membra
1717 1954 1878 1984 ordinaui.
1944 1953 1978 1993 5)
2003 1954 2050 1983 in-

221 2017 324 2055 pediet
347 2025 406 2058 ·(,m
435 2020 463 2044 ct
490 2016 550 2057 Bo,
590 2015 644 2052 qui
670 2015 709 2043 ad
734 2023 833 2051 marg.
861 2013 960 2042 habet
984 2010 1204 2048 INPEDIET,
1242 2020 1282 2039 m.
1311 2011 1328 2039 2
1355 2020 1433 2040 corr.
1460 2010 1491 2047 it,
1528 2011 1674 2049 impedIet
1695 2020 1727 2048 v,
1765 2015 1799 2040 ut
1824 2010 1914 2040 EHT
1939 2010 2050 2040 Ambr.

221 2074 315 2102 Baro.
342 2073 437 2102 Bern.
465 2071 500 2109 C7
539 2072 680 2109 quinque
706 2070 809 2099 Harll.
836 2070 876 2099 al.
903 2073 934 2098 et
960 2069 1046 2098 haud
1072 2076 1192 2106 pauc-‘le
1218 2067 1289 2096 edd.
1314 2076 1397 2096 saec.
1423 2067 1490 2104 XV,
1528 2071 1564 2096 ut
1589 2068 1690 2105 Neap.
1717 2067 1801 2097 Med.
1830 2068 1881 2096 74.
1909 2066 2055 2105 impediit

222 2129 408 2168 ath(G·?),
447 2134 479 2158 ut
507 2129 602 2157 Fran.
629 2127 690 2156 DO
717 2132 775 2156 etc.
804 2130 907 2156 ortum
934 2135 975 2155 ex
1001 2125 1142 2164 perfecto
1167 2134 1232 2162 seq.
1258 2123 1375 2153 demisit
1398 2127 1429 2153 et
1453 2123 1657 2153 circumdedit.
1705 2123 1742 2152 In
1768 2123 1932 2154 nonnullis
1961 2124 2051 2154 codd.

222 2191 257 2216 ut
282 2186 378 2215 Bern.
405 2185 429 2214 B
455 2185 570 2223 Regin.
597 2185 638 2213 al.
666 2185 683 2213 2
710 2193 750 2212 m.
776 2183 814 2213 iet
838 2186 914 2212 mut.
942 2183 975 2212 in
1000 2181 1045 2211 iic.
1072 2181 1274 2219 Principium
1300 2181 1412 2209 scholii
1444 2181 1542 2219 vulgo
1576 2181 1620 2209 510
1651 2189 1685 2209 50
1716 2179 1831 2209 habet:
1870 2179 2052 2218 Dignitatis

223 2244 442 2273 calciamentis
471 2242 633 2280 (calceam.
651 2240 721 2280 afh)
749 2241 912 2279 ligauerit.
940 2238 982 2269 C:
1009 2248 1088 2268 cras.
1116 2239 1176 2268 hoc
1202 2241 1262 2274 est,
1288 2237 1463 2276 dignitatis
1488 2237 1707 2266 calciamentis
1731 2236 1886 2266 altioribus
1908 2236 2050 2267 uinxerit.

222 2299 469 2331 circumdederit
493 2299 603 2328 intulit
629 2298 656 2333 Q
681 2301 810 2336 propter
834 2296 984 2336 Iiyauerit,
1018 2305 1078 2334 quo
1105 2296 1288 2333 explicatur
1314 2293 1458 2324 futurum
1482 2293 1619 2332 inpediet,
1649 2294 1828 2323 indicatiuo
1853 2296 1962 2323 autem
1987 2302 2053 2323 rem
2103 2317 2106 2326 ,

223 2359 327 2396 ipsam
353 2357 517 2394 explicare
543 2355 614 2384 uult
639 2354 752 2384 Acron.
818 2354 852 2392 6)
879 2354 976 2383 calces
1000 2363 1026 2395 γ.
1052 2353 1122 2382 rell.
1149 2356 1236 2382 recte
1261 2351 1364 2387 calcei,
1402 2350 1547 2389 quamuis
1573 2349 1666 2379 calcei
1692 2351 1714 2379 i.
1741 2350 1819 2380 corii
1846 2359 1864 2379 a
1888 2350 1969 2380 calce
1993 2349 2052 2379 de-

224 2415 321 2444 riuati
349 2414 425 2442 sint.
451 2413 501 2441 De
527 2412 642 2440 calceis
669 2414 854 2440 senatorum
879 2409 963 2439 conf.
992 2408 1056 2439 Cic.
1082 2409 1167 2438 Phil.
1185 2408 1274 2445 XIII,
1294 2409 1324 2437 3.
1376 2409 1409 2447 7)
1434 2407 1520 2437 Calc.
1546 2408 1633 2445 long.
1660 2415 1719 2436 om.
1744 2405 1913 2448 *sGnnan
1941 2407 2054 2445 zangis

223 2470 290 2512 -(‚C.
317 2470 386 2499 rell.
413 2479 474 2499 om.
502 2477 626 2506 zangae
651 2477 674 2496 5.
700 2476 827 2504 zancae,
855 2466 1007 2503 zanchae,
1033 2466 1161 2504 proprie
1187 2465 1285 2494 calcei
1311 2464 1511 2494 Parthorum.
1531 2462 1670 2493 Gallien.
1689 2473 1739 2501 ap.
1758 2463 1896 2493 Trebell.
1914 2463 1995 2493 Poll.
2019 2463 2054 2492 in

225 2526 336 2557 Claud.
367 2527 416 2555 17.
457 2524 536 2555 Cod.
565 2524 725 2554 Theodos.
750 2523 834 2560 XIV,
864 2524 914 2558 10,
942 2524 972 2558 2,
999 2523 1028 2551 3.
1092 2522 1126 2561 8)
1154 2522 1201 2551 X:
1236 2521 1466 2551 Calciamentis
1496 2522 1617 2559 legauit
1647 2520 1771 2550 dimisit
1797 2525 1917 2559 pectore
1947 2521 2055 2551 media

226 2588 315 2622 parte
341 2583 490 2620 corporis.
540 2582 573 2619 9)
600 2581 628 2610 A
653 2590 724 2618 pop.
751 2589 812 2609 om.
839 2589 867 2621 γ.
920 2579 974 2617 10)
1003 2579 1133 2608 Lemma
1154 2577 1226 2612 Quis
1242 2578 1288 2607 Ιιο.
1308 2578 1377 2607 hic?
1403 2587 1461 2616 ego
1486 2579 1589 2616 posui.
1615 2578 1877 2615 exprobrantium
1901 2586 1927 2619 γ.
1954 2577 2054 2607 inter-

226 2640 350 2677 rogatio
376 2638 604 2676 exprobrantis
630 2636 755 2674 aliquid
783 2634 819 2664 C.
847 2635 917 2664 rell.
943 2634 1086 2672 obprobr.
1115 2635 1195 2663 conf.
1225 2633 1307 2664 Gell.
1325 2634 1426 2672 XVII,
1448 2636 1475 2663 1.
1502 2634 1690 2672 earprobrare
1717 2632 1796 2671 (Cic.
1825 2633 1915 2663 Orat.
1933 2633 1973 2671 II,
1994 2633 2054 2664 75:

227 2697 323 2735 uitia)
350 2700 380 2724 et
406 2695 554 2732 obprobr.
583 2694 645 2723 sibi
672 2693 822 2730 opposita
846 2692 942 2721 uerba
967 2691 1074 2721 Plaut.
1101 2691 1197 2721 Most.
1223 2692 1247 2727 Ι,
1276 2692 1306 2727 3,
1337 2691 1386 2719 14.
1438 2692 1492 2730 11)
1518 2694 1637 2729 aegrot.
1662 2691 1774 2720 mor-bu
1799 2703 1844 2717 z:
1866 2691 2005 2720 morbum
2027 2699 2054 2732 γ.

228 2753 298 2781 rell.
326 2761 411 2789 aegr.
439 2750 552 2780 morbo.
579 2750 628 2779 De
654 2749 770 2779 morbis
795 2749 904 2784 animi,
931 2749 986 2786 qui
1012 2753 1085 2778 sunt
1112 2748 1318 2786 ‘cupiditates
1344 2748 1518 2777 immensae
1544 2751 1575 2777 et
1601 2747 1722 2776 inanes·
1749 2746 1831 2777 conf.
1860 2745 1928 2776 Cic.
1944 2745 2054 2783 Fin.1‚

233 2810 282 2837 18.
308 2807 427 2837 Seneca
452 2807 489 2836 E.
517 2809 568 2837 75.
632 2804 687 2845 13)
713 2805 845 2836 Lemma
875 2805 912 2834 Gt
934 2803 1114 2843 czqmsorm.
1148 2813 1206 2842 ego
1232 2805 1420 2842 interposui.
1447 2805 1552 2842 inquit
1577 2813 1637 2833 om.
1664 2813 1690 2845 γ.
1717 2821 1758 2824 ——
1785 2804 1812 2833 si
1838 2802 1908 2842 quis
1931 2812 1958 2844 γ.
1983 2802 2053 2832 rell.

230 2865 292 2903 qul.
320 2864 461 2894 studium
486 2874 513 2906 γ.
541 2864 610 2893 rell.
638 2872 744 2892 curam
776 2862 876 2902 (infra
900 2871 1004 2891 curam
1028 2861 1212 2899 interrog)
1279 2862 1334 2900 14)
1360 2860 1465 2899 incipit
1487 2869 1513 2902 γ.
1580 2860 1635 2899 15)
1661 2859 1763 2897 qualis
1788 2860 1852 2889 inu.
1867 2859 1975 2899 factus
1998 2859 2054 2889 sit.
2106 2844 2108 2850 Ι

232 2938 271 2941 —
287 2924 318 2950 et
336 2921 383 2949 liis
401 2930 417 2962 γ
434 2929 517 2950 more
536 2930 593 2950 5110
613 2930 667 2959 pro
681 2920 716 2949 is.
767 2919 822 2957 16)
850 2919 889 2948 de
914 2918 1080 2956 republica
1104 2927 1130 2959 γ.
1157 2919 1227 2947 rell.
1253 2918 1491 2956 rempublicam.
1516 2916 1617 2947 Uncis
1643 2917 1828 2947 incluserim
1851 2917 1949 2946 uerba
1972 2914 2058 2946 habet

231 2987 337 3006 curam
364 2977 424 3015 (Q)
451 2977 561 3006 moech.
587 2982 613 3006 et
644 2977 727 3013 ideo,
754 2977 838 3015 quod
856 2976 985 3014 sapiunt
1003 2975 1230 3013 interpolatam
1246 2975 1341 3004 istius
1359 2975 1422 3004 uiri
1440 2974 1715 3010 obtrectationem,
1742 2974 1796 3011 qui
1814 2982 1916 3004 uanus
1932 2975 2055 3003 tantum

232 3038 326 3071 atque
352 3033 457 3062 inanis
482 3034 661 3070 puellarum
686 3036 833 3071 captator
857 3033 910 3062 uel
936 3035 1076 3061 sectator
1100 3032 1139 3061 ab
1165 3031 1312 3068 Horatio,
1339 3041 1401 3061 non
1427 3032 1577 3061 moechus
1602 3031 1695 3060 nobis
1721 3030 1872 3060 traditur.
1912 3029 2056 3059 Exstant

233 3093 340 3118 autem
365 3090 456 3126 plura
482 3095 512 3119 et
537 3091 646 3119 breuia
673 3094 704 3120 et
728 3090 876 3127 longiora
901 3089 1025 3118 scholia
1050 3089 1091 3118 ad
1115 3088 1331 3126 hune'locum‚
1358 3098 1439 3127 quae
1464 3088 1553 3118 istud
1576 3087 1750 3118 moechandi
1772 3086 1901 3117 studium
1923 3086 2056 3125 probare

232 3146 419 3182 uideantur,
446 3147 495 3176 cui
523 3151 669 3177 ueterum
694 3148 905 3185 interpretum
931 3146 1124 3176 testimonia
1148 3146 1180 3175 in
1211 3146 1264 3175 his
1295 3146 1389 3175 rebus
1414 3144 1618 3176 manifestam
1650 3143 1775 3175 faciunt
1800 3144 1906 3174 fidem.
1944 3141 1997 3173 Sic
2019 3151 2054 3184 γε
