2148 3412
820 115 868 147 IN
894 116 1038 149 EPIST.
1067 117 1091 155 1,
1123 120 1171 149 12.
1825 113 1906 153 435

807 295 1167 341 PORPHYRION.

186 384 411 425 Fructibus.
470 382 559 424 AD
591 382 828 436 ICCIVM,
875 401 999 441 quem
1031 388 1155 428 etiam
1188 388 1321 443 lyrico
1367 390 1554 432 carmine
1600 391 1907 435 inconstantiae

70 456 351 512 reprehendit,
394 458 595 512 quoniam
627 473 703 514 per
732 460 953 501 auaritiam
985 460 1278 517 philosophiae
1311 463 1493 505 studium
1537 464 1688 507 militia
1717 467 1906 509 mutauit.

69 529 155 571 Hic
184 537 323 571 autem
356 530 504 587 [nune]
527 530 666 573 Iccius
696 540 944 587 procurator
964 532 1189 590 Agrippae
1220 542 1280 577 est
1313 537 1574 588 constitutus,
1607 540 1717 595 euiffi)
1750 555 1900 596 agrum

69 618 188 645 suum
220 604 355 659 (eum)
388 605 712 647 commendauit.

180 678 216 719 5.
251 679 297 719 Si
325 680 462 720 uentri
488 679 595 720 bene.
656 678 705 721 Si
735 686 904 734 praesto
928 680 1027 737 [est]
1052 680 1170 723 cibus
1202 689 1240 723 et
1276 683 1403 738 potio.
1466 685 1594 727 lateri.
1656 685 1702 728 Si
1722 701 1807 729 non
1828 687 1901 728 de-

67 757 161 793 sunt
191 751 395 793 stramina
430 752 667 794 dormienti.

169 826 416 881 pedibusque
439 827 527 867 tuis.
589 825 636 867 Si
658 825 785 868 habet
815 841 982 882 equum,
1016 842 1097 882 quo
1128 829 1318 871 uehatur.
1377 830 1435 871 Et.
1466 838 1526 872 est
1558 832 1800 887 explanatio
1832 850 1900 875 su-

65 898 242 954 perioris
286 899 530 950 sententiae,
576 914 659 954 qua
703 900 830 941 dixit:
873 903 1036 958 Pauper
1072 905 1176 944 enim
1215 918 1295 945 nou
1335 913 1402 954 est,
1447 907 1518 946 cui
1554 920 1693 948 rerum
1732 910 1902 964 suppetit

64 986 177 1022 usus,
208 972 291 1013 1100
321 980 400 1013 est:
434 973 501 1014 eui
532 973 639 1014 nihil
669 974 723 1015 ad
753 974 884 1016 uitam
916 975 1044 1018 deest.

177 1048 213 1087 7.
247 1047 473 1089 abstemius.
535 1046 621 1100 Qui
653 1048 846 1090 abstinet.
907 1048 993 1101 An,
1039 1057 1083 1092 ut
1115 1050 1301 1104 Quidam
1339 1060 1505 1107 putant:
1554 1054 1623 1096 abs
1660 1063 1809 1105 temeto,
1856 1055 1897 1096 id

64 1126 136 1170 est,
169 1119 306 1162 sieeus
337 1136 387 1162 ac
418 1121 508 1163 sine
538 1121 639 1164 uino
672 1130 711 1164 et
741 1122 931 1165 sobrius?

173 1195 210 1236 8.
243 1196 298 1236 sie
327 1196 445 1237 uiues
470 1197 661 1252 protinus
692 1205 738 1238 ut
769 1206 814 1238 te.
896 1196 961 1253 [ut
992 1195 1232 1256 Claudius]
1296 1198 1370 1242 Sic
1401 1200 1532 1251 uiues,
1564 1207 1608 1243 ut
1637 1202 1791 1244 fruaris
1823 1202 1895 1244 di-

61 1267 187 1318 uitiis,
220 1276 422 1324 quantum
452 1268 588 1310 Mida.

174 1343 237 1384 10.
278 1344 343 1384 Vel
373 1345 464 1398 quia
495 1351 685 1385 naturam
716 1353 870 1386 *timuere
901 1346 1079 1401 pecunia
1118 1347 1251 1387 nescit.
1313 1345 1411 1388 Hoc
1442 1354 1522 1388 est:
1557 1348 1655 1403 quia
1684 1348 1899 1391 nihilomi-

60 1431 136 1457 nus
167 1431 320 1458 auarus
351 1424 411 1459 est
443 1417 575 1468 diues,
608 1432 735 1472 quam
766 1433 930 1474 pauper
959 1418 1037 1460 fuit
1068 1419 1116 1469 is,
1149 1419 1221 1474 qui
1253 1435 1406 1462 auarus
1436 1428 1557 1463 natus
1588 1428 1660 1464 est.

172 1491 236 1531 11.
268 1492 336 1532 uel
366 1493 459 1547 quia
492 1501 639 1534 cuncta
666 1501 798 1548 putas.
872 1491 1238 1549 Epitherapeusis,
1285 1508 1367 1549 qua
1399 1494 1515 1545 dieit,
1562 1495 1680 1537 illum
1711 1495 1898 1551 philoso—

62 1564 221 1619 phandi
253 1565 390 1606 studio
422 1564 590 1607 sordide
620 1565 778 1607 uiuere.

172 1639 236 1680 12.
268 1640 488 1689 Miramur,
511 1641 550 1681 si
566 1640 785 1682 Democriti
799 1655 922 1697 pecus
941 1641 1017 1682 edit
1038 1641 1199 1696 (tyellos.
1260 1640 1357 1683 Hoc
1390 1656 1513 1684 sensu
1545 1642 1660 1693 dicit,
1692 1658 1776 1685 non
1808 1658 1897 1686 esse

57 1712 223 1763 mirum,
256 1713 440 1754 sterilem
472 1712 708 1755 Democriti
749 1714 935 1770 agellum
966 1729 1119 1769 pecore
1150 1729 1240 1757 esse
1273 1716 1444 1765 sactum,
1477 1716 1576 1757 dum
1608 1716 1678 1758 ille
1708 1717 1897 1773 philoso-

58 1785 182 1841 phiae
214 1786 410 1835 studeret,
459 1787 627 1841 quando
674 1786 812 1829 Iccius
858 1795 898 1829 et
942 1788 1148 1843 pecuniae
1194 1788 1317 1830 simul
1365 1789 1522 1830 seruiat
1567 1797 1606 1830 et
1651 1791 1895 1846 sapientiae.

59 1860 154 1912 Qua
184 1860 321 1902 ironia
352 1860 547 1911 ostendit,
579 1876 662 1902 non
694 1876 816 1916 posse
848 1867 1072 1916 utrumque
1103 1862 1206 1903 fieri.
1270 1861 1447 1904 Constat
1482 1870 1634 1913 autem,
1671 1864 1895 1907 Democri-

56 1940 142 1975 tum
172 1935 286 1989 apud
316 1934 546 1976 Abderites
578 1934 692 1976 ciues
724 1950 820 1977 suos
857 1950 1026 1977 eausam
1063 1936 1220 1978 dixisse
1267 1936 1410 1978 amissi
1457 1937 1702 1993 patrimonii
1748 1938 1811 1980 sui
1856 1945 1894 1980 et

56 2007 291 2049 absolutum
323 2008 495 2063 prolatis
525 2008 659 2058 libris,
712 2023 816 2064 quos
848 2009 900 2050 de
930 2009 1106 2065 physica
1138 2010 1318 2066 scripsit.
1342 2037 1394 2040 m
1417 2012 1639 2054 Democriti
1661 2028 1787 2069 pecus
1818 2013 1895 2055 edil

57 2084 216 2136 ayellos.
277 2081 374 2125 Hoe
405 2089 483 2124 est:
516 2097 698 2138 pascuus
729 2089 768 2124 et
799 2083 988 2125 desertus
1019 2098 1123 2140 ager
1153 2083 1391 2126 Democriti
1422 2086 1557 2128 faetus
1588 2093 1661 2128 est.

164 2278 320 2310 PORPH.
369 2278 501 2309 Absunt.
528 2279 758 2317 inscriptiones
785 2283 915 2318 propter
939 2283 1173 2318 argumentum.
1200 2280 1381 2311 Fructubus
1407 2281 1444 2310 R.

165 2336 200 2375 3)
226 2335 278 2366 Ad
302 2336 401 2366 z'aium
426 2336 458 2365 M
497 2335 597 2378 (infra
620 2335 747 2375 iccius),
785 2340 820 2366 ut
844 2336 896 2379 Βφ
922 2337 963 2366 ad
988 2347 1018 2366 u.
1050 2338 1089 2366 22
1128 2336 1188 2366 ἱαίο
1212 2338 1345 2367 habent.
1374 2356 1413 2358 υ
1441 2348 1536 2377 quam
1572 2338 1606 2368 M
1643 2338 1745 2377 (negl.
1773 2343 1816 2375 Q>
1857 2340 1891 2369 R.

54 2394 143 2430 posui
167 2393 314 2432 quoniam.
340 2393 397 2432 qui
412 2394 442 2423 2.
469 2394 540 2423 rell.
569 2393 658 2432 quod.
707 2393 743 2431 4)
772 2393 890 2423 militia
906 2394 952 2424 fh.
972 2395 1043 2426 rell.
1070 2394 1216 2424 militiae.
1244 2404 1321 2424 mmo
1346 2395 1389 2424 M.
1441 2395 1475 2433 6)
1502 2404 1571 2425 eum
1595 2395 1667 2425 MR.
1693 2397 1762 2425 rell.
1791 2405 1891 2426 suum.

53 2450 167 2494 cf.Btp.
208 2451 270 2480 ‘Ad
287 2451 405 2481 Iccium
424 2451 565 2489 quuitur
582 2452 636 2489 qui
654 2451 835 2489 postposita
852 2452 1058 2490 philosophia
1077 2453 1117 2481 ad
1143 2452 1295 2482 militiam
1323 2462 1357 2482 se
1382 2453 1521 2482 eontulit
1548 2453 1598 2481 eui
1625 2454 1772 2491 agrippa,
1799 2454 1891 2483 cuius

53 2516 191 2538 sororem
207 2512 365 2546 augustus
383 2509 522 2538 habebat
540 2518 653 2546 agrum
669 2517 753 2538 suum
771 2509 856 2547 quod
884 2508 954 2546 (sic.
973 2509 993 2539 1.
1015 2510 1084 2548 qui)
1105 2514 1174 2539 erat
1192 2511 1226 2539 in
1245 2510 1352 2539 sieilia
1370 2509 1612 2540 commendauit
1636 2510 1748 2540 multis
1775 2511 1890 2548 opibus

53 2563 293 2595 habundantem
319 2569 355 2595 ut
380 2569 467 2595 esset
492 2566 520 2594 ei
554 2566 625 2595 uice
649 2566 797 2595 dominus
823 2569 854 2596 et
880 2570 1077 2604 procurator.
1104 2568 1157 2597 hic
1182 2570 1291 2597 autem
1318 2571 1367 2597 est
1394 2568 1493 2597 iccius
1519 2576 1611 2605 quem
1647 2567 1679 2596 in
1704 2567 1796 2597 lirico
1822 2577 1890 2597 car-

52 2622 136 2651 mine
161 2625 348 2652 constanter
370 2622 559 2660 1·edarguit.'
622 2620 656 2661 7)
683 2626 732 2652 est
758 2632 817 2652 om.
843 2622 914 2660 MR,
941 2627 969 2652 et
992 2624 1052 2653 cib.
1072 2629 1115 2653 est
1129 2624 1218 2662 potio
1245 2624 1282 2659 Q.
1310 2623 1380 2653 rell.
1419 2627 1463 2652 est
1486 2624 1547 2653 cib.
1566 2628 1597 2653 et
1615 2625 1714 2661 potio.
1734 2624 1818 2654 conf.
1846 2624 1887 2654 C:

53 2676 85 2707 Si
111 2687 155 2716 pr.
179 2683 249 2709 sunt
271 2679 336 2708 eibi
360 2683 390 2708 et
415 2684 519 2717 potus..
545 2679 654 2709 lutera
678 2679 751 2709 MR.
777 2680 960 2710 dormientis
986 2682 1013 2710 si
1039 2682 1113 2710 hab.
1143 2681 1205 2711 MR
1232 2680 1404 2719 (doreutis)
1433 2679 1469 2710 G.
1520 2681 1554 2719 8)
1579 2680 1717 2719 strayula
1742 2679 1776 2710 C.
1804 2682 1887 2711 conf.

53 2735 174 2767 Seneca
198 2736 235 2766 E.
263 2737 314 2765 87.
340 2737 425 2766 Plin.
451 2736 538 2773 VIII⁷
566 2737 626 2766 58:
664 2736 853 2766 cubicularia
876 2737 1025 2777 strayula.
1053 2737 1122 2767 rell.
1153 2739 1319 2768 stramina.
1387 2736 1443 2776 12)
1470 2738 1646 2767 absteuius.
1684 2738 1767 2772 Quia
1803 2739 1888 2767 abst.

52 2792 88 2822 R.
114 2794 188 2832 quia
212 2792 356 2832 v(G‘.²Q).
383 2794 452 2823 rell.
491 2793 563 2829 Qui.
601 2792 688 2823 abste
713 2798 746 2823 te
771 2798 855 2824 meto
881 2794 924 2823 M.
951 2795 1131 2825 abstemeto
1156 2795 1183 2824 R
1207 2796 1264 2825 abs
1300 2798 1422 2824 temeto
1458 2792 1616 2831 A2G(Q).
1644 2804 1662 2823 (ι
1688 2793 1831 2824 temeto?
1859 2803 1885 2823 a.

52 2849 88 2879 ab
111 2848 252 2880 temeto'.>
277 2849 322 2880 fh.
349 2851 388 2880 ab
415 2854 534 2880 temeto
560 2860 589 2880 V.
616 2868 657 2871 -—-
688 2851 720 2879 id
747 2855 795 2880 est
820 2861 880 2881 om.
906 2851 994 2881 vafh.
1036 2852 1136 2881 siccus
1162 2862 1197 2881 ac
1224 2853 1293 2881 sine
1319 2852 1394 2881 uino
1422 2851 1525 2889 (humo
1551 2850 1592 2889 R)
1620 2854 1651 2880 et
1689 2861 1732 2880 so.
1759 2851 1886 2881 MR2G.

51 2910 83 2935 et
105 2905 132 2935 A
157 2906 232 2943 (om.
259 2907 322 2946 ac).
350 2908 453 2937 siccus
479 2911 506 2936 et
529 2917 552 2936 s.
580 2918 608 2937 u.
637 2912 668 2937 et
694 2917 738 2937 SO.
765 2918 814 2937 va.
842 2918 883 2937 an
909 2909 980 2938 sine
1006 2910 1082 2938 uino
1106 2909 1204 2939 siccus
1232 2912 1261 2938 et
1287 2918 1331 2937 so.
1359 2908 1404 2937 fh.
1473 2907 1526 2946 14)
1553 2910 1588 2936 ut
1627 2907 1772 2937 claudius
1811 2909 1888 2938 sicut

51 2963 114 2995 uin.
129 2964 200 2994 MR.
218 2965 287 2994 rell.
307 2975 367 2995 om.
393 2969 426 2994 ut
441 2963 593 2994 Claudius.
646 2965 701 3003 17)
727 2964 780 3003 qui
803 2974 923 3003 pauper
948 2964 1011 2995 fuit
1035 2975 1124 3005 quam
1141 2967 1168 2995 is
1187 2965 1253 2995 afh.
1280 2975 1342 3003 qua
1359 2963 1515 2993 MRA2G.
1569 2964 1623 3002 18)
1650 2964 1726 3003 quia
1751 2964 1828 2994 vasli
1856 2970 1887 2995 et.

53 3018 80 3054 Q
104 3019 187 3060 (typ.
207 3020 318 3059 err.‘?).
370 3022 427 3060 20)
454 3021 521 3050 Hoc
545 3031 636 3051 censu
663 3022 742 3051 dicit
768 3022 885 3051 mirum
909 3021 1111 3051 sublimiorem
1128 3023 1267 3060 peiorem
1287 3031 1356 3051 esse
1373 3021 1490 3051 factam
1507 3020 1568 3050 MR
1585 3021 1662 3059 (om.
1682 3022 1813 3061 mirum)
1834 3022 1885 3052 2G

53 3074 182 3113 (factum
207 3076 286 3116 26).
337 3079 393 3117 21)
420 3079 493 3107 dum
520 3078 570 3107 illi
593 3089 622 3117 p.
651 3077 774 3107 student
796 3079 924 3109 MR2G.
977 3078 1033 3119 26)
1060 3080 1146 3109 Haec
1171 3084 1221 3109 est
1247 3090 1297 3117 pa.
1323 3083 1391 3108 ante
1414 3078 1442 3108 si
1465 3079 1646 3109 Democriti
1672 3089 1749 3118 ager
1774 3080 1884 3109 deser-

51 3136 101 3162 tus
126 3132 167 3163 fa.
193 3138 252 3164 est..
274 3134 321 3164 fh.
370 3134 404 3174 ss)
430 3135 662 3165 Hirschfelder.
690 3144 748 3165 em.
774 3135 826 3174 qm·
848 3145 899 3176 ag.
927 3146 974 3166 su.
1001 3136 1029 3166 ei
1052 3146 1162 3167 comm.
1188 3136 1269 3166 conf.
1296 3135 1368 3165 Aer.

1561 3202 1611 3221 ῦς*

1951 550 1969 581 01

1929 917 1969 948 IO

1930 1284 1966 1315 15

1923 1652 1966 1684 20

1921 2023 1961 2053 25
