2148 3412
836 133 884 165 IN
910 133 1046 167 snRM.
1072 136 1097 174 1,
1123 140 1153 167 3.
1861 130 1912 170 67

85 253 171 297 Hic
200 261 295 311 post
323 255 622 311 patrimonium
654 257 851 298 adrosum
881 257 1091 301 Kalendis
1120 258 1330 302 Ianuariis
1366 262 1408 303 in
1442 260 1655 318 Capitolio
1677 263 1791 305 clara
1812 279 1915 307 uoce

85 328 257 384 optauit,
301 337 347 370 ut
377 330 686 386 quadringenta
715 330 833 372 milia.
864 347 1086 373 munorum
1117 333 1226 375 aeris
1256 334 1382 375 alieni
1412 335 1596 377 haberet.
1673 336 1914 389 Quaerente

84 401 278 457 quodam,
324 402 426 457 quid
457 402 536 444 sibi
568 403 706 453 uellet,
753 405 864 458 quod
895 412 980 446 tam
1011 405 1203 447 sollemni
1225 407 1293 448 die
1315 421 1385 450 aes
1407 409 1591 450 alienum
1614 409 1769 452 habere
1791 418 1912 467 opta-

83 480 164 517 ret:
210 473 309 516 Noli
339 475 498 525 mirari,
544 476 693 532 inquit,
739 478 982 533 octingenta
1013 479 1158 521 debeo.
1219 480 1304 522 Hic
1335 482 1478 532 fertur,
1510 483 1635 525 domo
1666 499 1754 535 sua,
1787 500 1913 540 quam

82 547 136 589 ad
163 548 299 589 forum
331 556 588 605 spectantem
618 550 835 601 habuerat,
882 551 1111 603 diuendita,
1158 568 1283 594 unam
1316 555 1551 597 columnam
1587 556 1685 614 [ibi]
1719 558 1799 600 sibi
1839 573 1911 600 ex-

81 621 255 677 cepisse,
287 622 398 663 unde
419 623 676 678 gladiatores
698 631 917 679 spectaret,
950 640 1057 679 quae
1079 640 1130 667 ex
1152 641 1200 668 eo
1223 628 1378 670 Maem'e‘
1396 630 1580 672 columna
1601 631 1910 674 nominabatur.

81 692 212 737 Cuius
242 702 281 737 et
316 697 494 738 Lucilius
538 697 598 739 sic
642 698 833 738 meminit.
878 699 1047 753 (fragm.
1079 713 1129 740 ex
1162 700 1241 741 inc.
1274 700 1367 742 libr.
1403 703 1483 742 104-
1516 702 1675 759 Gerl.):
1724 707 1912 748 Maenius

80 769 302 811 columnam
334 784 424 811 cum
447 778 610 826 peteret.

189 843 254 883 25.
292 842 389 884 Cum
420 851 488 884 (ml
517 843 731 898 pet-uideas
762 844 887 885 oculis
918 845 1026 886 mala
1058 846 1191 902 lippus
1221 848 1409 889 inunctis.
1485 848 1643 891 Sensus
1674 858 1754 892 est:
1795 850 1909 893 Cum

76 921 146 956 tua
175 915 286 956 mala
315 916 474 966 uideas,
520 917 631 958 uelut
663 917 696 958 si
728 917 911 972 lippiens
942 917 1136 960 inunctus
1168 919 1237 969 sis,
1285 935 1414 975 quare
1446 922 1499 962 ad
1537 923 1768 964 amicorum
1807 939 1904 979 per-

76 987 293 1044 spicienda
322 989 426 1030 uitia
458 989 633 1046 [magis]
668 998 752 1031 tam
784 998 903 1031 acute
933 992 1141 1047 perspicis
1177 1008 1303 1046 quam
1345 1002 1416 1035 aut
1456 995 1598 1050 aquila
1641 1004 1711 1037 aut
1752 997 1907 1039 draco?

75 1059 278 1116 Aquilam
309 1069 447 1103 autem
479 1070 562 1104 tam
594 1070 714 1104 acute
745 1078 916 1105 eernere
946 1065 1076 1115 aiunt,
1123 1074 1166 1106 ut
1196 1067 1320 1108 rectis
1351 1068 1483 1109 oeulis
1519 1069 1660 1111 radios
1702 1070 1801 1112 solis
1843 1071 1908 1112 in·-

74 1140 247 1176 tueatur.
305 1134 391 1176 Pro
422 1135 604 1177 dracone
635 1143 772 1178 autem
805 1144 1041 1192 serpentem
1073 1137 1356 1194 Epidaurium
1389 1141 1483 1182 ideo
1515 1142 1634 1192 dixit,
1667 1143 1779 1197 quia,
1813 1159 1908 1186 eum

72 1207 253 1250 Romani
284 1209 451 1250 oraculo
483 1209 686 1251 admoniti
726 1210 768 1251 in
800 1209 1066 1265 Epidaurum
1103 1212 1283 1254 insulam
1322 1215 1545 1265 misissent,
1591 1216 1689 1257 inde
1721 1224 1764 1258 ut
1795 1217 1906 1259 Aes-

73 1281 284 1337 culapium
325 1282 549 1333 adferrent,
595 1283 722 1324 draco
755 1298 776 1324 e
807 1284 964 1338 templo
995 1285 1084 1326 eius
1114 1285 1251 1327 subito
1297 1302 1545 1343 progressus
1589 1304 1741 1331 nauem
1786 1290 1904 1345 lega-

71 1362 205 1398 torum
237 1357 492 1406 conscendit,
529 1371 655 1411 quem
686 1356 747 1397 illi
778 1372 933 1398 numen
964 1359 1032 1399 dei
1064 1359 1269 1400 creditum
1301 1375 1390 1402 esse
1422 1360 1598 1403 Romam
1632 1363 1904 1405 aduexerunt.

206 1430 385 1471 29---35.
416 1431 658 1472 iracundior
688 1439 743 1472 est
767 1432 896 1486 paulo
933 1438 971 1472 et
1013 1432 1188 1486 reliqua..
1264 1431 1422 1475 Sensus
1454 1441 1533 1476 est:
1580 1434 1722 1477 Habet
1763 1437 1906 1492 aliqua

70 1501 186 1552 uitia,
217 1502 275 1544 ita
305 1510 350 1544 ut
380 1503 507 1559 paulo
538 1504 781 1545 iracundior
811 1504 876 1553 sit,
908 1519 960 1545 ne
992 1505 1121 1559 possit
1153 1506 1435 1548 deridentium
1466 1508 1757 1559 urbanitatem,
1797 1524 1904 1564 quae

70 1591 181 1618 nunc
200 1577 382 1619 maxime
417 1584 647 1627 exercetur,
685 1577 908 1627 sustinere3
945 1585 1131 1633 praestat
1151 1579 1276 1620 etiam
1299 1580 1349 1620 de
1373 1596 1415 1622 se
1437 1582 1656 1624 materiam
1682 1582 1902 1641 [ridendi],

69 1650 181 1705 quod
202 1650 396 1692 rusticius
417 1658 559 1692 tonsus
590 1651 643 1692 sit
673 1658 711 1691 et
743 1658 842 1706 toga
873 1651 909 1691 ei
942 1651 1097 1693 defluat
1127 1653 1328 1707 laxosque
1359 1655 1522 1697 calceos
1552 1656 1717 1698 habeat.
1766 1659 1904 1700 Bonus
1929 1670 1935 1679 ·

68 1726 136 1766 uir
179 1731 239 1765 est
277 1731 317 1765 et
354 1725 424 1766 tibi
458 1726 623 1766 amicus.
697 1723 778 1765 His
823 1739 925 1779 ergo
970 1724 1133 1782 colligit
1177 1727 1406 1768 amicorum
1453 1728 1556 1769 uitia
1601 1730 1634 1770 si
1666 1729 1776 1771 leuia
1807 1731 1902 1781 sint,

68 1798 240 1839 ferenda
271 1812 360 1839 esse
391 1799 619 1840 secundum
650 1797 767 1848 illud,
800 1798 911 1852 quod
944 1799 1201 1854 praecipitur
1231 1815 1307 1854 per
1338 1801 1609 1855 prouerbium
1643 1804 1780 1855 (Publ.
1809 1804 1907 1860 Syri

69 1878 241 1913 sentent.
273 1872 327 1913 20
358 1871 471 1926 apud
502 1870 671 1925 Ribb.):
704 1873 835 1912 Amici
862 1886 991 1912 mores
1019 1875 1194 1920 noueris,
1226 1889 1305 1914 non
1337 1876 1481 1915 oderis.

182 2004 214 2043 l)
240 2004 388 2034 aclrosum
415 2002 609 2047 MBrpGffl).
635 2003 777 2033 obrosum
804 2002 840 2033 O.
867 2003 1011 2034 abrosum
1029 2004 1054 2034 R
1079 2009 1110 2034 et.
1135 2005 1224 2035 vasli.
1244 2006 1389 2036 (obrosum
1407 2008 1535 2045 proprie
1555 2008 1731 2044 dicebatur,
1758 2012 1791 2037 ut
1811 2008 1900 2038 Pers.

54 2060 105 2104 ,V‚
123 2061 195 2090 161.
221 2061 307 2091 Plin.
326 2060 487 2098 XXXVII,
504 2062 533 2098 6,
559 2060 707 2090 aclrosum
734 2064 829 2089 recte.
856 2060 940 2090 conf.
969 2059 1036 2090 Cic.
1055 2060 1148 2091 Sext.
1170 2062 1230 2091 33:
1258 2064 1498 2101 rempublicam.
1516 2064 1582 2093 clira
1600 2074 1677 2094 uoce
1694 2064 1727 2093 M
1746 2064 1899 2103 (Halm)

70 2117 105 2157 2)
132 2121 256 2156 optaret
278 2116 403 2147 MR2G.
430 2117 550 2155 optauit
572 2115 790 2160 Bnp‚vaf11CQ.
817 2120 941 2154 optaret
965 2127 1005 2147 ex
1032 2127 1119 2156 seqq.
1157 2119 1285 2148 uidetur
1318 2124 1586 2158 transsumptum.
1615 2120 1727 2150 CCCC
1754 2122 1844 2151 milia
1871 2123 1899 2151 2.

68 2174 302 2213 quadringenta
319 2174 363 2204 M.
384 2175 549 2204 dimidiam
569 2183 642 2212 ergo
660 2177 782 2212 partem
801 2175 927 2211 optauit.
945 2175 1038 2211 aeris,
1057 2175 1142 2212 quod
1160 2175 1307 2205 debebat.
1325 2175 1379 2205 XL
1397 2177 1487 2206 milia
1504 2176 1564 2219 Βφ.
1583 2178 1799 2217 quadrayz'nta
1817 2178 1902 2208 milla

66 2230 157 2268 R,va.
183 2232 351 2269 quadrag.⁷
377 2240 438 2261 om.
463 2231 565 2267 milia,
591 2229 636 2260 fh.
686 2230 721 2268 3)
749 2229 880 2259 solemni
906 2229 1000 2260 MR2.
1026 2231 1145 2260 solemzi
1164 2231 1200 2261 fh
1218 2231 1337 2269 (soleni
1363 2233 1429 2271 va).
1457 2232 1599 2262 sollemni
1626 2232 1728 2273 G(Q).
1756 2238 1900 2272 captaret

66 2288 141 2318 hab.
165 2298 195 2317 v.
221 2292 286 2326 opt.
306 2289 425 2318 habere
442 2287 507 2317 afh.
525 2287 594 2317 rell.
613 2287 686 2316 hab.
705 2290 843 2325 optaret.
893 2288 928 2324 4)
956 2287 1055 2316 debeo
1073 2286 1297 2330 MRBeGffl).
1325 2288 1424 2318 habeo
1442 2288 1504 2317 ΑΞ.
1530 2288 1642 2318 habere
1667 2289 1754 2319 debeo
1778 2290 1899 2320 vashC.

68 2343 103 2384 5)
128 2354 224 2383 quam
248 2345 288 2374 ad
313 2345 416 2374 forum
441 2343 580 2380 habebat,
610 2353 670 2373 om.
697 2347 909 2382 spectantem,
935 2343 970 2374 C.
1018 2361 1061 2365 -
1103 2345 1303 2374 diuenditam
1327 2344 1436 2381 ΜΘΝ.
1465 2346 1533 2374 rell.
1560 2345 1735 2376 diuendita.
1770 2356 1835 2376 una
1861 2346 1899 2377 G.

67 2401 112 2431 ibi
137 2410 197 2430 om.
215 2400 250 2430 M
269 2401 391 2439 (Halm.
419 2400 461 2436 Q:
490 2400 568 2429 ‘inde
592 2399 656 2429 sihi.
683 2399 755 2429 fort.
783 2401 954 2439 rectumst),
982 2400 1018 2430 C.
1047 2401 1108 2430 sibi
1134 2401 1202 2431 inde
1219 2401 1285 2430 AR.
1313 2403 1374 2431 sibi
1400 2402 1442 2431 ihi
1467 2402 1586 2438 2,vafh.
1615 2403 1658 2431 ibi
1685 2403 1746 2432 sibi
1774 2402 1896 2442 (G·?)Q.

68 2456 103 2496 6)
128 2456 212 2487 meni
235 2458 381 2487 columna
406 2457 449 2486 M.
476 2456 570 2486 menii
594 2457 651 2486 eol.
677 2455 712 2485 R.
741 2456 837 2485 mew‘z'
860 2457 917 2488 eol.
944 2457 1005 2494 27a.
1032 2457 1137 2487 maenc'
1160 2459 1217 2487 eol.
1246 2457 1283 2487 G.
1309 2458 1428 2487 Maenii
1454 2459 1511 2488 eol.
1544 2468 1574 2488 v.
1607 2459 1665 2487 col.
1697 2458 1818 2488 Maeuii
1850 2460 1898 2488 fh.

69 2513 103 2551 7)
127 2512 240 2543 Lucius
263 2514 300 2543 R.
366 2514 400 2552 9)
428 2514 537 2552 lyppus
562 2512 716 2542 iniunctis
741 2512 785 2541 M.
813 2512 954 2553 (Halm.)
976 2514 1146 2552 peruideas
1179 2514 1222 2550 M,
1255 2519 1290 2543 ut
1322 2518 1402 2544 uett.
1433 2515 1524 2545 codd.
1556 2514 1633 2544 Hor.
1667 2514 1834 2552 peruidens
1866 2525 1897 2544 v.

61 2570 254 2608 praeuideas
280 2570 324 2606 fh,
350 2573 386 2599 ut
410 2570 505 2599 Bern.
532 2569 556 2598 F
579 2569 698 2607 aliique
724 2578 805 2598 rece.
858 2570 913 2608 10)
940 2570 968 2599 si
998 2569 1159 2608 lyppiensi
1191 2574 1307 2600 unctus
1332 2570 1365 2598 M
1393 2570 1516 2609 (Halm.
1543 2570 1570 2606 Q
1596 2580 1624 2608 p.
1650 2570 1820 2600 XXXVII:
1855 2571 1897 2600 ‘si

66 2625 190 2664 lippiens
206 2625 324 2656 iunctus
342 2625 414 2656 sicl’
442 2627 468 2655 si
494 2626 616 2664 lippens
633 2625 732 2655 uictus
757 2625 793 2654 R.
820 2626 846 2655 si
872 2626 1018 2664 lippiensi
1040 2629 1151 2655 unctus
1178 2625 1215 2655 G.
1244 2627 1271 2656 si
1297 2626 1431 2664 lippiens
1454 2630 1567 2656 unctus
1600 2627 1693 2663 A‚va.
1720 2627 1746 2656 si
1771 2627 1897 2665 lippeus

66 2685 180 2712 unctus
204 2681 252 2712 fh.
279 2681 360 2712 Cum
384 2686 438 2712 tua
462 2683 547 2711 mala
573 2682 716 2711 inunctis
741 2682 852 2719 oeulis,
879 2683 970 2720 quasi
997 2682 1114 2720 lippus,
1141 2683 1310 2720 peruideas
1339 2700 1378 2703 Α
1406 2700 1442 2703 -
1472 2682 1508 2713 C.
1535 2692 1591 2712 cm·
1623 2683 1662 2711 ad
1695 2682 1740 2711 fh.
1777 2683 1895 2721 (Aen).

66 2738 136 2768 rell.
161 2747 266 2777 quare.
333 2739 388 2778 11)
413 2739 518 2777 magis
542 2747 601 2767 om.
628 2737 700 2767 MR.
727 2741 788 2767 tam
813 2742 905 2768 acute
930 2737 1007 2775 R,C.
1040 2741 1139 2776 recte,
1176 2743 1210 2768 ut
1248 2738 1343 2768 infra.
1381 2748 1470 2777 quain
1508 2742 1599 2768 acute
1625 2738 1669 2767 M.
1696 2739 1766 2768 rell.
1802 2739 1897 2779 mayfs

68 2799 170 2825 acute.
190 2805 252 2834 pro
278 2796 358 2834 spic.
385 2795 466 2834 (bis)
494 2796 523 2824 2.
575 2795 631 2833 12)
657 2804 675 2824 a
700 2798 772 2824 eute
797 2794 839 2824 M.
870 2813 906 2816 -
933 2798 1035 2824 rectos
1058 2795 1157 2825 oculis
1183 2797 1288 2825 radios
1312 2795 1346 2824 M
1373 2795 1525 2833 (Halm).
1578 2794 1632 2832 13)
1660 2795 1787 2824 intueat
1808 2805 1838 2824 v.
1855 2812 1896 2816 —-

68 2850 148 2881 dicit
171 2851 236 2881 afh.
264 2851 301 2881 d?
325 2862 355 2881 v.
383 2852 467 2882 diaeit
491 2850 617 2881 MR2G.
686 2851 740 2890 14)
766 2860 898 2881 ammon.
926 2852 955 2881 2.
982 2852 1014 2881 in
1040 2861 1100 2881 om.
1127 2851 1174 2881 fh.
1209 2852 1405 2890 epidaurium
1435 2850 1468 2880 M
1500 2850 1650 2889 (Halm).
1719 2851 1775 2890 15)
1801 2852 1895 2881 escul.

67 2905 133 2938 ads.
158 2907 202 2936 M.
230 2925 273 2928 ———
298 2908 393 2938 draeo
417 2908 556 2946 exemplo
580 2907 615 2936 M
640 2906 788 2946 (Halm).
855 2908 910 2946 16)
937 2917 1029 2945 quem
1061 2908 1109 2936 illi
1141 2908 1226 2937 (lemn
1257 2908 1409 2937 credentes
1434 2916 1505 2936 esse
1538 2906 1602 2936 afh.
1636 2915 1728 2945 quem
1759 2907 1897 2937 illirium

70 2961 214 3001 (initium
238 2964 301 3002 leg.
328 2963 372 3002 Q)
401 2964 452 2993 dei
478 2964 627 2993 creditum
652 2971 722 2993 esse
747 2973 777 2993 v.
804 2963 852 2993 illi
877 2972 985 2993 numen
1009 2963 1058 2993 clei
1081 2965 1240 2994 creditum
1267 2974 1337 2994 esse
1354 2961 1572 3001 MRA2G(Q).
1592 2972 1660 2993 esse
1678 2973 1739 2993 om.
1760 2963 1788 2993 2.
1840 2965 1896 3003 17)

69 3023 101 3050 et
125 3022 249 3060 reliqua
272 3031 334 3052 om.
359 3020 426 3051 afh.
477 3020 532 3059 19)
558 3024 631 3050 tunc
656 3029 762 3050 exerc.
788 3021 854 3050 afh.
881 3020 952 3050 rell.
979 3030 1073 3050 nunc.
1093 3038 1132 3042 —
1153 3022 1279 3051 ridendi
1304 3030 1364 3050 om.
1391 3018 1549 3057 MR2G,v.
1600 3020 1658 3058 20)
1684 3021 1823 3050 rusticus
1848 3021 1896 3049 in-

68 3080 174 3108 tunsus
199 3079 242 3109 sit
264 3088 294 3109 v.
322 3077 401 3116 (non
418 3079 566 3108 intonsus
583 3080 620 3107 ut
637 3077 694 3107 ref.
713 3076 767 3115 Q).
788 3077 817 3107 ei
833 3077 904 3107 defi.
922 3076 965 3106 M.
1014 3078 1072 3117 21)
1100 3079 1126 3107 si
1143 3079 1204 3107 leu.
1222 3081 1290 3107 sunl
1306 3076 1439 3106 ferenda
1455 3079 1522 3105 sunt
1540 3076 1570 3107 2.
1623 3076 1679 3115 22)
1700 3077 1806 3106 Verba
1822 3075 1899 3106 illud

68 3133 146 3172 quod
154 3134 343 3174 praecipitur
359 3133 533 3175 (praecipit
550 3134 585 3173 2)
598 3143 658 3173 per
668 3133 876 3173 prouerbium,
895 3143 976 3173 quae
990 3143 1073 3164 omn.
1090 3134 1166 3164 libri
1180 3137 1323 3171 tuentur,
1343 3142 1403 3163 om.
1421 3132 1448 3168 Q
1462 3141 1493 3171 p.
1512 3133 1584 3169 116,
1600 3133 1671 3162 add.
1691 3142 1720 3171 p.
1734 3131 1895 3162 XXXVII.

1573 3197 1607 3221 5*

1933 933 1973 965 10

1934 1301 1972 1331 15
