2148 3412
768 119 817 150 IN
843 119 952 150 ART.
979 118 1111 151 POET.
1782 107 1864 147 615

28 258 52 285 o
81 248 217 298 poeta.
280 241 366 298 [Ac
398 242 432 283 si
463 242 640 284 diceret:
673 242 764 292 Ille,
796 242 870 298 qui
900 242 1025 284 debet
1057 241 1244 284 scribere
1276 242 1329 284 de
1359 242 1441 284 diis
1472 242 1540 284 uel
1561 242 1749 299 regibus,
1779 255 1865 284 non

28 316 152 358 debet
183 330 254 358 eos
284 315 360 356 uili
391 315 578 357 carmine
610 315 829 373 scribere]

140 390 237 432 228.
268 389 414 444 Reyalz'
441 398 685 446 conspectas.
749 388 1071 447 [Conspicuus]
1133 390 1183 431 Id
1205 398 1286 433 est:
1318 405 1371 432 ne
1402 391 1580 434 inducas
1609 405 1755 446 regem
1786 390 1865 431 hu-

27 463 185 506 militer
214 463 467 518 loquentem.

140 537 234 578 229.
265 537 413 591 Me'qret
440 538 482 578 in
513 537 705 578 obscuras
735 537 883 579 humili
910 553 1091 580 sermone
1121 539 1321 580 tabernas.
1381 538 1479 580 Hoc
1509 539 1643 589 docet,
1690 544 1735 579 ut
1764 552 1864 579 con-

27 611 219 654 sonantia
250 610 451 651 dieamus.
514 611 563 651 In
595 612 786 652 obscuras
816 618 955 652 autem
987 613 1189 662 tabernas,
1227 612 1270 652 id
1302 619 1375 662 est,
1408 612 1451 652 in
1473 612 1673 653 humilem
1695 611 1866 653 modum

27 685 71 726 id
101 692 175 735 est,
206 699 259 726 ne
290 684 504 725 humiliter
534 684 750 739 loquatur3
783 686 972 727 tabernas
1003 692 1142 727 autem
1172 686 1350 726 humilia
1381 685 1551 733 cubilia,
1583 686 1673 726 siue
1705 700 1836 727 casas.

142 760 236 800 230.
268 758 364 807 Aut,
398 759 493 800 dum
523 760 622 800 uitat
651 760 828 801 humum.
887 759 938 800 Id
969 766 1051 801 est:
1089 760 1177 801 Aut
1199 759 1298 801 dum
1319 759 1425 801 facis
1446 759 1564 800 illum
1586 759 1864 800 humilitatem

27 833 242 883 uitantem‚
275 832 408 874 facias
438 832 548 873 inter
578 832 712 874 nubes
744 833 990 888 caelumque
1020 833 1194 875 uersari.

140 907 234 948 231.
268 906 447 962 Efficlz're.
507 905 595 947 Hic
625 906 826 948 emittere.
886 906 1067 962 Proprie
1098 915 1239 948 autem
1272 908 1428 963 effutire
1449 914 1532 949 est:
1565 907 1707 962 inepte
1737 906 1867 961 loqui.

27 980 151 1022 Illum
182 986 322 1021 autem
352 980 603 1035 tragoedum
633 986 815 1035 poetam,
848 995 973 1035 quem
1005 996 1090 1023 non
1121 981 1270 1022 decent
1301 981 1426 1032 leuia,
1467 996 1564 1022 raro
1595 980 1719 1022 debet
1750 987 1864 1022 satu-

27 1054 116 1096 rica
146 1053 331 1096 scribere
364 1053 540 1110 [decet]‚
573 1060 612 1094 et
643 1053 678 1095 si
710 1053 855 1096 scribit
886 1061 1131 1110 temperate,
1179 1054 1304 1096 debet
1336 1054 1584 1110 Satyrorum
1616 1053 1867 1110 procacitati

30 1128 286 1170 satisfacere.

142 1203 236 1244 232.
272 1202 322 1243 Ut
349 1203 463 1256 festis
494 1210 688 1243 matrona.
751 1201 813 1243 Ut
843 1208 1036 1244 matrona
1066 1202 1182 1244 festis
1219 1201 1369 1244 diebus
1414 1202 1567 1244 saltare
1612 1202 1725 1243 iussa
1772 1217 1869 1244 cum

29 1276 211 1332 quadam
241 1276 498 1317 uerecundia
528 1276 690 1317 moueri
729 1275 909 1326 iubetur,
955 1276 1012 1317 ita
1043 1283 1184 1317 satura
1214 1276 1420 1331 paulatim
1451 1276 1699 1318 erubescere
1745 1276 1870 1318 debet

28 1357 231 1405 usurpata
261 1349 519 1392 auctoritate.
593 1352 752 1392 moueri
778 1351 902 1391 iussa.
932 1349 1114 1391 Moneri.
1149 1347 1328 1391 Saltare.
1376 1348 1486 1391 Sunt
1516 1349 1628 1390 enim
1661 1350 1869 1404 quaedam

30 1440 161 1476 sacra,
193 1424 238 1465 in
259 1423 412 1479 quibus
434 1423 588 1465 saltant
608 1431 839 1474 matronae,
872 1423 978 1465 sicut
1000 1423 1043 1464 in
1065 1423 1283 1465 sacrificiis
1305 1422 1459 1464 Matris
1481 1423 1619 1465 deum.
1680 1422 1868 1464 Aliter:

29 1498 126 1541 Hoc
156 1497 278 1540 dicit:
325 1497 388 1539 Ut
417 1505 634 1539 matronae
665 1497 884 1553 ingressus
918 1497 1018 1554 [est]
1051 1498 1095 1539 in
1127 1498 1257 1540 sacris
1288 1497 1377 1539 sine
1408 1505 1536 1548 motu,
1582 1497 1642 1538 ita
1686 1497 1869 1554 expedit,

30 1580 214 1615 saturam
246 1571 408 1614 moueri
439 1572 483 1613 in
515 1571 760 1628 tragoediis.

143 1647 238 1688 233.
273 1647 456 1688 Intererz't
487 1647 648 1702 Satyris
675 1646 849 1702 paulzmt
877 1647 1128 1702 pudibunda,
1174 1646 1218 1686 id
1249 1653 1323 1696 est,
1355 1660 1439 1687 non
1472 1645 1572 1687 satis
1602 1644 1870 1696 erubescens,

29 1721 227 1762 uidelicet
258 1735 342 1762 non
373 1720 585 1776 integrum
617 1720 823 1776 pudorem
853 1734 990 1774 neque
1022 1719 1247 1761 habentem
1285 1719 1424 1760 aliena
1455 1734 1479 1760 a
1509 1719 1684 1775 pudore.
1748 1718 1869 1775 [Vel]

33 1794 222 1836 Aliter:
256 1794 445 1836 intererit
477 1794 664 1849 paulum,
695 1793 740 1834 id
767 1801 841 1844 est,
873 1809 956 1835 non
998 1794 1172 1849 paulum
1212 1793 1475 1849 pudibunda.
1530 1795 1750 1850 protervis.
1781 1792 1872 1834 Aut

33 1869 130 1924 quia
159 1869 263 1910 uitia
294 1875 452 1918 notant,
485 1876 556 1909 aut
586 1867 686 1922 quia
717 1867 885 1909 student
914 1868 1032 1910 risui.
1107 1867 1219 1909 Nam
1250 1874 1291 1909 et
1321 1868 1416 1923 ipsa
1445 1867 1668 1924 tragoedia
1701 1867 1872 1923 [paulu-

30 1943 136 2000 lum]
169 1942 419 1998 pudibunda
451 1941 576 1983 debet
607 1956 710 1992 esse,
743 1956 851 1996 quae
882 1942 1109 1984 misceatur
1139 1942 1306 1984 saturis.

145 2018 240 2058 234.
271 2018 364 2061 Non
395 2032 462 2072 eqo
493 2021 694 2058 inornata.
756 2015 944 2066 Rustica,
990 2015 1270 2071 inconposita.
1346 2014 1397 2056 Id
1434 2022 1514 2057 est:
1560 2013 1658 2056 Non
1689 2021 1871 2056 tantum-

33 2091 158 2134 modo
188 2091 345 2134 rustica
375 2098 414 2133 et
445 2090 621 2146 propria
651 2089 783 2132 uerba
813 2097 852 2132 et
884 2090 1054 2132 nomina
1084 2104 1241 2146 quaero
1272 2089 1316 2131 in
1348 2089 1512 2140 saturis,
1546 2089 1619 2131 sed
1650 2089 1776 2131 etiam
1798 2089 1872 2130 de-

150 2289 183 2327 1)
211 2288 258 2318 Ac
284 2305 323 2309 -——
351 2288 492 2318 scribere
517 2297 576 2317 om.
603 2296 630 2328 γ.
657 2287 695 2316 de
721 2287 781 2315 diis
809 2304 841 2307 ῌ
876 2286 1017 2316 scribere
1043 2295 1103 2315 om.
1130 2286 1169 2315 N.
1220 2285 1255 2324 3)
1284 2284 1486 2324 Conspicuus
1513 2285 1595 2327 (Βφ)
1621 2295 1681 2315 om.
1707 2295 1734 2327 γ.
1761 2285 1799 2314 Id
1824 2289 1874 2315 est

35 2356 74 2376 ne
99 2364 141 2368 -—
168 2347 356 2384 loquentem
381 2354 407 2386 γ.
434 2345 504 2374 rell.
523 2354 585 2373 om.
637 2345 671 2383 5)
698 2342 941 2373 consonantiam
965 2343 1004 2371 N.
1032 2343 1113 2371 conf.
1141 2341 1185 2372 C:
1213 2361 1254 2363 —
1281 2344 1372 2372 ‘haec
1397 2346 1505 2372 autem
1531 2343 1623 2378 dicit-⁷
1647 2346 1682 2372 ut
1707 2351 1873 2371 consomm-

36 2403 77 2433 ἐξα
99 2403 139 2433 sit
161 2404 195 2432 in
220 2403 392 2441 tragoedia
417 2406 449 2431 et
473 2400 615 2440 Saty1·a.'
653 2404 688 2430 ut
713 2400 745 2429 ‘in
770 2401 982 2430 consonantia
1009 2400 1153 2428 dicamus
1179 2410 1209 2428 v.
1248 2400 1459 2429 consonantia
1483 2409 1513 2428 u.
1540 2398 1639 2428 Gellii
1665 2403 1696 2428 et
1721 2398 1872 2428 Vitruuii.

39 2461 73 2500 6)
97 2464 195 2490 autem
219 2463 251 2489 et
276 2459 310 2489 id
332 2463 375 2488 est
398 2469 458 2489 om.
485 2458 552 2493 G,r.
579 2462 688 2487 autem
713 2467 773 2486 om.
799 2467 829 2486 v.
880 2457 914 2495 7)
941 2466 981 2485 ne
1006 2466 1031 2497 γ.
1059 2456 1127 2488 rell.
1156 2466 1229 2485 non.
1281 2457 1316 2496 8)
1342 2456 1378 2485 Id
1406 2460 1462 2493 est,
1489 2455 1565 2497 fifh.
1591 2455 1660 2484 rell.
1680 2465 1740 2484 om.
1767 2472 1810 2477 —
1835 2463 1874 2484 ne

37 2518 111 2547 dum
135 2527 191 2559 γ,ι·.
216 2526 270 2546 nec
296 2517 370 2546 dum
395 2516 435 2545 N.
462 2515 529 2545 Aut
553 2514 666 2554 (Hor.)
694 2515 778 2547 dum,
806 2514 922 2542 omisso
947 2514 1110 2550 lemmate,
1137 2522 1261 2542 vca.—
1277 2514 1376 2542 facias
1404 2512 1503 2551 (illum
1519 2513 1550 2554 γ)
1577 2513 1636 2542 int.
1665 2513 1763 2541 nubes
1786 2511 1873 2553 γΝ,ι·.

37 2575 105 2604 rell.
123 2575 165 2603 fa.
186 2574 247 2603 int.
266 2574 388 2603 nubem.
442 2571 494 2612 10)
520 2570 734 2601 EFFVTIRE
753 2570 778 2598 B
800 2571 833 2599 in
852 2579 952 2608 marg.
971 2570 1109 2607 efficiare,
1128 2569 1292 2599 effundere
1310 2570 1374 2612 Βφ.
1395 2570 1433 2598 cf.
1453 2569 1497 2599 C:
1513 2587 1553 2589 ——
1571 2569 1726 2598 ‘inaniter
1744 2567 1875 2598 effundo

39 2636 70 2662 et
95 2632 208 2661 emitto
234 2631 310 2660 hinc
336 2629 463 2659 effutire
489 2633 540 2659 est
564 2629 674 2666 inepte
700 2627 810 2666 loqui.'
863 2626 919 2665 11)
946 2627 1037 2655 illum
1062 2625 1106 2655 ait
1128 2625 1186 2667 7G.
1213 2627 1284 2657 rell.
1311 2630 1428 2655 autem.
1456 2642 1496 2647 —
1524 2625 1618 2654 debet
1643 2625 1718 2666 7Nr.
1746 2626 1873 2655 confiv.

39 2689 172 2719 satirica
196 2697 222 2729 γ.
247 2688 318 2717 rell.
346 2687 500 2726 satyrica.
568 2686 623 2724 12)
650 2685 740 2714 decet
765 2694 824 2714 om.
850 2684 910 2726 γΝ.
947 2688 1130 2721 temperare
1154 2682 1237 2712 cafh.
1275 2683 1357 2712 Raro
1383 2682 1525 2721 satyrica
1562 2691 1621 2711 scr.
1657 2681 1739 2711 debet
1764 2681 1875 2717 G‚vfh.

39 2755 97 2775 scr.
122 2745 203 2774 decet
228 2744 304 2779 caQ.
331 2744 387 2782 qui
413 2744 529 2772 refert:
558 2741 649 2771 ‘debet
674 2751 729 2779 pro
756 2741 837 2770 (lecet
861 2740 958 2769 libri'.
1026 2739 1080 2778 14)
1110 2740 1185 2769 salt.
1212 2740 1301 2769 iusssa
1324 2739 1412 2781 7N‚r.
1440 2739 1507 2767 rell.
1535 2739 1579 2768 iu.
1606 2738 1680 2767 salt.
1748 2739 1803 2777 15)
1829 2739 1876 2767 ita

39 2820 77 2824 ——
107 2803 300 2832 auctoritate
327 2810 387 2831 om.
413 2810 439 2842 γ.
504 2800 559 2838 16)
586 2799 706 2829 moueri
733 2797 849 2828 saltari
872 2807 898 2838 γ.
926 2797 995 2826 rell.
1022 2807 1082 2826 om.
1148 2796 1203 2835 17)
1232 2795 1391 2835 sacrificiis
1414 2806 1440 2837 γ.
1468 2795 1537 2824 rell.
1564 2796 1674 2824 sacris.
1700 2812 1737 2815 ψ-
1765 2795 1876 2824 matris

40 2869 99 2888 om.
123 2868 150 2901 γ.
177 2859 309 2888 deorum
334 2866 401 2887 vca.
429 2857 526 2886 aliter
551 2856 610 2885 hoc
636 2856 715 2885 dicit
733 2873 765 2875 —
793 2855 979 2892 pudibunda
1004 2863 1062 2883 om.
1091 2852 1220 2890 G‚1·vca‚
1252 2854 1283 2882 in
1310 2854 1425 2891 quibus
1452 2852 1573 2881 scholia
1607 2851 1657 2880 Vel
1679 2851 1818 2880 intererit
1842 2868 1875 2872 -

37 2915 216 2953 pudibunda
241 2920 271 2944 et
299 2915 459 2952 proteruis
485 2931 527 2934 e*
546 2914 665 2952 satyris:
692 2912 800 2940 sedem
827 2914 1002 2940 mutarunt.
1035 2914 1107 2948 post
1128 2909 1309 2948 pudibunda
1336 2918 1377 2938 ex
1402 2909 1592 2938 homoeotel.
1621 2917 1682 2936 om.
1709 2908 1754 2937 N:
1780 2908 1877 2937 debet

41 2979 110 3000 esse
144 2989 173 2991 ⁷⁴-
202 2971 401 3009 pudibunda.
427 2971 524 2999 aliter
549 2979 573 3010 γ.
601 2968 669 2997 rell.
696 2977 756 2997 om.
784 2967 853 2996 Hoc
879 2967 958 2996 dicit
979 2985 1013 2987 w
1036 2976 1052 2995 a
1078 2966 1198 3004 pudore
1224 2976 1283 2994 om.
1311 2964 1349 2994 G.
1402 2964 1457 3003 18)
1485 2968 1534 2994 est
1561 2974 1620 2993 om.
1646 2972 1672 3004 γ.
1727 2963 1782 3002 19)
1809 2974 1876 2993 mo-

40 3028 109 3057 rari
134 3038 161 3070 γ.
188 3028 260 3058 rell.
287 3028 416 3057 moueri.
467 3027 525 3065 21)
552 3035 606 3064 pro
640 3024 691 3054 Vel
713 3033 730 3065 γ
755 3025 855 3053 habet
880 3024 922 3053 al.
972 3024 1029 3062 22)
1056 3024 1129 3061 quia
1155 3032 1215 3052 om.
1243 3021 1328 3051 casn.
1379 3021 1436 3059 23)
1463 3021 1628 3059 paululum
1654 3029 1715 3050 om.
1741 3029 1767 3061 γ.
1817 3020 1876 3059 25)

42 3085 165 3114 rustica
191 3085 405 3122 incomposita
431 3083 464 3113 id
491 3086 538 3112 ezt
561 3092 587 3125 γ.
615 3082 683 3111 rell.
711 3091 770 3111 om.
820 3081 878 3119 26)
906 3084 936 3110 et
962 3081 1090 3110 nomina
1115 3089 1141 3121 γ.
1169 3079 1237 3108 rell.
1266 3088 1325 3108 om.

1896 916 1935 948 lo

1897 1289 1936 1320 15

1896 1657 1939 1688 20

1897 2026 1940 2057 25
