2148 3412
42 1907 45 1914 ·

42 1925 44 1934 l

42 1942 45 1951 v

43 2074 48 2230 l

45 2253 50 2344 l

47 2347 51 2459 l

48 2462 52 2559 l

843 133 889 164 IN
917 134 1052 166 SERM.
1080 134 1121 164 ΙΙ.
1150 135 1179 165 4.

1840 124 1862 162 [xz

1867 123 1891 163 00

1899 124 1918 162 «1

207 256 273 298 45.
304 263 420 298 aetas.
450 254 618 297 Modus.

208 343 352 371 armos.
416 327 615 386 [Sumen]
648 344 725 384 pro
758 331 901 372 lumbis
931 329 1050 371 dixit.

206 403 273 443 46.
299 403 498 458 palatum.
559 400 820 459 [Saporem]

209 479 308 518 Ante
337 490 467 518 meum
499 476 604 517 nulli
626 486 707 532 par.
731 491 763 531 q.
782 478 866 532 pal.
926 475 1060 519 Nemo
1093 484 1188 518 ante
1219 492 1286 518 me
1315 492 1367 519 ex
1398 493 1548 533 sapore
1579 478 1789 534 cognouit.
1845 494 1921 534 pa-

98 552 179 593 tuit.
237 547 348 591 Nota
377 549 466 590 fuit.

208 624 273 664 47.
305 630 398 664 sunt
429 637 596 678 quorum
638 626 851 678 lnyenium.
926 623 1034 665 Sunt
1065 625 1135 679 qui
1166 625 1209 665 in
1240 624 1505 666 inueniendis
1537 633 1697 667 tantum
1729 625 1924 667 crustulis

98 696 304 754 ingeniosi
336 702 450 745 sunt;
488 695 581 737 ideo
628 711 709 737 non
757 697 855 737 satis
901 705 961 738 est
1006 697 1181 740 idoneus
1226 705 1454 753 apparator
1500 699 1803 749 conuiuiorum,
1850 699 1923 754 qui

98 770 224 821 nouit,
257 784 363 824 quae
395 780 489 811 sunt
520 771 703 825 optimae
735 770 965 825 placentae.

209 852 401 886 crustum.
461 842 706 885 Placentam
738 853 917 885 tenuem.

200 919 366 974 promit.
426 916 661 959 Adinuenit
691 926 731 959 et
752 917 971 973 adprobat.
1955 930 1992 961 10

207 993 275 1033 48.
306 991 565 1048 Nequaquam
599 994 707 1033 salis.
766 990 863 1033 Non
894 992 1007 1033 satis.
1067 994 1174 1035 salis.
1208 991 1383 1035 Scilicet
1413 1004 1479 1035 ess.

210 1080 440 1107 consumere
472 1080 621 1107 curum.
683 1065 841 1106 Inridet
873 1080 981 1115 eum,
1018 1065 1089 1121 qui
1121 1066 1172 1107 de
1204 1081 1330 1122 opere
1352 1066 1526 1121 pistorio
1548 1067 1592 1108 in
1613 1067 1721 1109 libro
1744 1067 1924 1123 scripsit,

101 1137 244 1182 Catius
273 1137 504 1181 Miltiades.

208 1214 274 1255 49.
306 1213 468 1255 laboret.
532 1211 674 1255 Curet.

211 1288 275 1329 50.
307 1302 488 1329 securus.
550 1286 828 1344 [Neglegens‚
860 1288 1036 1345 inscius]
1069 1288 1262 1343 Ignarus.
1324 1289 1443 1331 oliuo.
1503 1286 1598 1330 Non
1631 1297 1757 1330 curet.
1957 1300 1992 1330 15

211 1363 274 1403 52.
308 1363 446 1404 crasss.
505 1362 774 1418 Asper-itatis,
807 1361 1036 1409 molestiae.

212 1436 276 1477 53.
306 1438 444 1478 neruis
474 1437 672 1478 inimicus.
733 1435 896 1478 Nocent
927 1436 1038 1478 enim
1070 1437 1225 1487 neruis,
1258 1437 1292 1478 si
1324 1437 1535 1478 inmatura
1565 1446 1793 1478 sumantur.

211 1510 275 1551 54.
308 1518 350 1550 at
378 1510 452 1551 illa
474 1512 673 1565 inteqrunz
688 1510 804 1566 perd.
829 1511 912 1551 lino
933 1512 1003 1552 m't.
1025 1526 1110 1567 sap.
1171 1509 1434 1552 Surrentina.
1466 1510 1518 1551 Id
1549 1518 1627 1552 est:
1660 1511 1733 1551 illa
1763 1509 1926 1567 [Nulla]

101 1583 198 1625 uina
218 1582 399 1639 perdunt
419 1598 612 1639 saporem
634 1599 767 1634 suum,
803 1583 922 1642 [nisi]
945 1598 1052 1639 quae
1075 1584 1266 1626 colantur
1287 1583 1386 1635 lino,
1410 1591 1479 1626 aut
1501 1584 1698 1639 quoniam
1719 1583 1926 1641 [quando]

101 1656 227 1699 linteo
258 1657 465 1712 quaedam
495 1657 627 1713 ligata
658 1658 906 1700 inmittimus
937 1657 1217 1700 condimenta.
1955 1671 1996 1701 20

213 1733 277 1773 54.
311 1732 391 1773 Iino
412 1733 556 1774 uitiata
577 1746 767 1788 saporem.
830 1730 972 1789 [Quae
1003 1739 1251 1788 premuntur
1273 1746 1348 1788 per
1370 1732 1551 1788 pannos]
1586 1730 1707 1784 Quae
1740 1731 1930 1774 colantur

103 1819 177 1861 pro
206 1805 322 1847 faece
351 1804 537 1847 Falerni.
597 1807 754 1848 uitiata.
816 1806 980 1856 Celata,
1012 1805 1233 1848 exsiccata.

213 1879 278 1920 56.
318 1880 428 1927 Vina,
452 1879 674 1922 columbino
696 1880 845 1921 limum.
912 1881 1066 1922 Limum
1087 1880 1245 1921 faecem
1268 1879 1426 1936 [dixit]
1488 1878 1628 1921 Huius
1658 1879 1772 1921 modi
1804 1879 1929 1929 enim,

105 1966 184 2007 quo
214 1952 326 1995 faces
356 1953 621 1995 deducuntur
651 1968 807 1996 omnes.

215 2028 278 2068 57.
315 2028 525 2078 Quatenus
555 2030 635 2069 ima
660 2030 761 2084 petit
791 2028 959 2070 uoluens
991 2028 1122 2069 aliena
1153 2027 1324 2069 uitellus.
1391 2027 1598 2078 Quatenus
1634 2041 1710 2081 pro
1732 2028 1930 2082 quoniam.
1958 2038 1997 2068 25

216 2240 251 2278 2)
279 2249 389 2270 sumen
414 2250 473 2270 om.
501 2251 526 2283 γ.
555 2250 665 2271 sumen
700 2251 756 2280 pro
789 2241 845 2278 lu.‚
870 2250 930 2271 oin.
957 2241 1058 2278 dixit,
1084 2240 1158 2270 th.
1185 2250 1246 2271 om.
1282 2240 1428 2277 Gunan
1461 2239 1574 2280 (unc.)
1640 2240 1674 2278 3)
1698 2239 1760 2278 pal.
1780 2238 1932 2278 Saporem

105 2297 150 2326 fh.
175 2306 233 2327 om.
257 2296 423 2340 meian
449 2298 567 2339 (unc)
616 2299 652 2338 4)
678 2300 751 2328 Ante
777 2316 814 2319 —
844 2298 908 2328 fuit
932 2308 958 2340 γ.
984 2299 1054 2328 rell.
1082 2309 1142 2328 om.
1170 2298 1211 2329 C:
1233 2298 1341 2337 patuit.
1368 2302 1445 2328 nota
1470 2297 1542 2327 fuit.
1569 2297 1629 2327 hoc
1655 2301 1714 2334 est,
1740 2306 1833 2327 nemo
1858 2300 1933 2326 ante

108 2362 156 2383 me
180 2354 219 2384 de
244 2364 354 2393 sapore
379 2354 536 2394 quicquam
558 2355 649 2385 nouit.
713 2357 745 2393 7)
774 2355 849 2394 quia
874 2365 900 2397 γ.
965 2355 1000 2393 8)
1028 2356 1145 2393 optima
1170 2356 1327 2394 placenta.
1353 2355 1435 2385 falsa
1460 2354 1560 2384 forma
1584 2355 1685 2384 tacite
1710 2354 1825 2383 inculc.
1850 2363 1869 2382 a
1895 2353 1932 2388 Q.

107 2406 307 2447 πλακοῦντες,
334 2420 393 2440 non
418 2406 624 2443 πλακούντια.
650 2413 725 2442 uide
751 2412 782 2441 S.
808 2411 849 2449 ΙΙ,
869 2414 899 2449 8,
919 2413 978 2441 24:
1007 2413 1177 2450 placentas.
1205 2412 1288 2442 conf.
1315 2412 1353 2442 E.
1369 2412 1393 2449 Ι,
1410 2413 1439 2449 ῖ,
1458 2412 1507 2440 11.
1534 2411 1602 2440 Iun.
1627 2410 1683 2447 XI,
1710 2412 1762 2440 59.
1790 2410 1932 2440 Martial.

108 2465 145 2503 V,
170 2467 224 2504 41,
249 2467 279 2498 3.
307 2467 360 2504 VI,
389 2468 440 2505 75,
471 2470 495 2497 1.
522 2468 578 2505 XI,
606 2470 659 2505 87,
686 2469 715 2498 3.
750 2468 832 2499 Cato
856 2468 890 2498 R.
919 2469 954 2498 R.
985 2469 1035 2498 77.
1072 2469 1252 2499 Placenlmn
1276 2473 1368 2499 tenue
1392 2478 1418 2509 γ.
1445 2469 1514 2498 rell.
1542 2478 1602 2498 om.
1641 2467 1731 2506 posui
1756 2467 1935 2505 placentam

108 2526 238 2552 tenuem.
290 2525 344 2563 10)
364 2525 486 2563 promit.
515 2526 633 2555 Adinu.
661 2532 690 2555 et
716 2527 844 2564 approb.
873 2525 940 2567 320.
969 2527 1026 2555 rell
1063 2537 1123 2556 oui.
1176 2527 1231 2565 11)
1257 2526 1467 2564 Nequaquam
1487 2542 1514 2545 -—
1541 2528 1589 2553 est
1619 2533 1643 2565 γ.
1668 2524 1738 2553 rell.
1764 2533 1825 2553 oni.
1878 2525 1932 2562 12)

97 2577 222 2615 ‚inridet
240 2598 279 2601 —-
299 2576 572 2630 scripsit{actlus
596 2583 760 2612 miltiades
785 2592 810 2624 γ.
882 2583 1001 2613 Irridet
1026 2592 1096 2613 eum
1123 2583 1206 2621 quod
1231 2583 1270 2612 de
1294 2591 1389 2621 opere
1414 2582 1549 2620 pistorio
1575 2582 1607 2611 in
1633 2590 1689 2610 suo
1715 2580 1796 2610 libro
1822 2581 1933 2610 scribit

110 2636 148 2667 de
183 2646 216 2667 se
252 2638 333 2676 ipso,
371 2639 449 2668 haec
475 2640 597 2677 primus
624 2640 750 2669 inuenit
776 2644 808 2669 et
834 2640 985 2678 cognouit
1015 2638 1116 2670 Catius
1141 2640 1308 2670 Miltiades
1335 2639 1369 2669 O.
1395 2639 1464 2668 rell.
1491 2648 1550 2668 om.
1617 2638 1672 2676 14)
1697 2636 1818 2667 laboret.
1846 2642 1931 2666 curet

109 2692 176 2734 ·(,C.
227 2694 282 2732 15)
310 2695 451 2725 Securus.
477 2695 614 2733 Ignarus
640 2706 656 2738 'l'
682 2700 714 2726 et
737 2695 772 2733 C,
799 2697 851 2735 qui
878 2697 988 2726 addit:
1015 2697 1066 2726 vel
1093 2697 1276 2736 negligens,
1304 2706 1366 2726 non
1385 2705 1508 2732 curans,
1535 2696 1603 2724 sine
1621 2703 1705 2724 cura.
1725 2694 1794 2723 rell.
1820 2694 1935 2732 Negle-

111 2758 200 2788 ἔθυε,
226 2751 355 2780 inscius.
374 2769 416 2772 ψ
435 2752 507 2781 Non
533 2756 622 2782 curet
647 2762 673 2794 γ.
701 2753 769 2782 rell.
797 2763 857 2782 om.
920 2754 974 2792 16)
1001 2753 1079 2791 Asp.
1106 2754 1181 2784 mol.
1210 2763 1294 2783 omn.
1320 2753 1407 2782 libri.
1435 2751 1480 2781 C:
1508 2752 1669 2781 immaturi
1695 2754 1726 2780 ct
1751 2751 1857 2780 odoris
1883 2761 1934 2780 as-

112 2808 187 2845 peri,
212 2809 296 2846 quia,
323 2809 349 2837 si
374 2817 519 2847 asperum
545 2808 653 2844 fuerit,
688 2810 756 2839 eius
782 2810 859 2840 odor
883 2810 990 2840 neruis
1018 2814 1066 2840 est
1093 2810 1251 2841 inimicus.
1279 2809 1424 2845 G‚man
1452 2808 1554 2846 (unc.)
1586 2817 1648 2837 non
1674 2808 1795 2837 habent
1813 2807 1935 2837 scholia

112 2863 151 2892 ad
175 2873 204 2894 u.
230 2865 269 2894 54
295 2869 326 2894 et
353 2866 403 2896 55.
429 2866 529 2895 neruis
553 2866 636 2896 inim.
662 2867 787 2897 Nocent
806 2884 846 2887 ——
865 2871 1031 2897 sumantur
1054 2877 1080 2909 γ.
1100 2868 1168 2897 rell.
1185 2877 1245 2897 oni.
1310 2867 1364 2905 18)
1391 2865 1520 2895 Lemma
1547 2865 1695 2904 [ntegrum
1713 2863 1848 2903 perdunt
1870 2873 1934 2893 am-

114 2919 262 2958 plificaui.
287 2923 467 2961 syrrentina
490 2933 517 2966 γ.
545 2924 615 2953 rell.
642 2933 703 2954 om.
731 2923 769 2953 Id
794 2928 844 2953 est
869 2923 925 2953 illa
949 2933 975 2964 γ.
1002 2924 1070 2954 rell.
1096 2924 1205 2954 Nulla.
1266 2924 1320 2962 19)
1347 2932 1438 2952 suum
1462 2930 1487 2962 γ.
1513 2921 1577 2950 nisi
1602 2930 1661 2950 om.
1689 2931 1715 2962 γ.
1733 2938 1770 2941 -
1787 2921 1932 2959 quoniam

116 2975 196 3016 (qffi)
213 2987 239 3019 ‘l'-
256 2980 326 3009 rell.
345 2981 480 3019 quando.
508 2981 663 3019 quaedam
689 2990 715 3022 γ.
741 2981 809 3010 rell.
838 2990 900 3010 oni.
927 2981 1087 3011 mittimus
1112 2990 1139 3022 γ.
1164 2981 1234 3011 rell.
1261 2979 1472 3009 immittimus.
1521 2977 1578 3015 21)
1605 2977 1693 3013 Quae
1711 2986 1756 3015 pr.
1777 2987 1805 3015 p.
1825 2987 1854 3015 p.
1873 2987 1933 3007 om.

115 3040 139 3072 γ.
164 3032 249 3069 Quae
273 3037 331 3066 col.
347 3054 386 3058 —
413 3038 577 3071 exsiccata
600 3047 627 3079 γ.
668 3037 728 3067 lino
753 3037 803 3066 uit.
830 3047 884 3075 per
909 3047 1034 3067 saccum
1061 3039 1179 3067 lineum
1205 3037 1307 3066 colata
1332 3034 1365 3064 C.
1391 3034 1476 3064 conf.
1501 3034 1614 3072 Porph.
1680 3033 1736 3073 23)
1762 3034 1850 3064 dixit
1874 3043 1934 3063 0111.

115 3096 140 3129 γ.
163 3088 264 3121 Huius
288 3093 372 3123 modi
397 3103 424 3136 γ.
453 3094 520 3124 rell.
548 3104 607 3124 om.
657 3094 715 3131 25)
742 3093 871 3123 Lemma
897 3094 1105 3132 amplifieaui,
1130 3094 1252 3124 addens
1277 3092 1354 3121 volu.
1380 3091 1419 3120 al.
1444 3090 1495 3120 uit.
1526 3090 1676 3124 Quatenus
1702 3099 1757 3128 pro
1783 3091 1934 3129 quoniam

115 3152 141 3184 γ.
165 3145 230 3175 rell.
255 3157 314 3177 om.
