2148 3412
139 136 220 176 458
770 144 873 177 Aen.
900 145 961 176 ET
986 144 1152 176 ronrn.
1177 144 1326 177 cornu.

254 271 289 311 5.
324 269 360 309 6.
393 275 492 309 cont.
526 283 574 307 m.
604 269 686 308 mse·
713 268 804 308 diss.
865 266 995 309 Deest
1027 268 1193 323 quidem,
1241 274 1283 307 ut
1315 266 1389 308 sit:
1436 265 1621 308 continui
1653 265 1835 321 quidem,
1880 266 1962 309 nisi

140 342 416 384 dissocientur
447 356 580 396 opaea
611 341 734 391 ualle,
767 341 841 382 sed
871 350 913 381 ut
948 367 1010 380 —.
1043 341 1171 382 Unde
1202 340 1472 396 intellegitur,
1518 355 1668 397 agrum
1713 355 1832 382 suum
1873 339 1962 381 ual-

139 416 303 470 lemque
334 414 443 455 inter
473 415 693 455 continuos
723 422 885 456 montes
916 414 1064 455 iacere.
1104 440 1143 444 -

253 490 440 530 ‹lea-treme
465 489 489 529 l.
548 487 685 530 Vallis
714 487 886 530 scilieet.
948 487 1157 529 Dextrum
1188 487 1288 529 dioit
1311 487 1418 529 latus
1449 487 1599 529 orienti
1630 486 1707 529 soli
1739 485 1962 536 obiectum,

74 573 91 602 5
141 562 354 604 sinistrum
385 561 605 603 occidenti.

253 637 289 677 8.
322 637 547 692 temperiem
569 636 722 677 lcmdes.
784 635 879 676 Hoc
901 635 965 685 sit,
988 634 1058 685 ait,
1083 635 1163 682 (sie
1184 634 1286 687 aibr)
1310 634 1428 689 quasi
1449 634 1620 684 diceret,
1642 633 1768 675 laude
1790 633 1964 689 dignam

141 723 231 751 esse
261 708 506 764 temperiem
538 708 723 764 regionis
752 708 877 749 illius.

258 784 321 824 11.
354 784 465 825 dicas
497 783 589 824 add.
616 798 658 838 1)-
732 781 789 822 Et
819 783 899 823 1100
928 782 1073 823 facete.
1141 780 1197 822 Et
1227 787 1338 831 nota,
1379 780 1603 823 Horatium
1634 781 1679 822 in
1708 780 1833 822 Italia
1860 779 1966 821 nihil

138 856 276 913 magis
306 856 479 898 laudare
511 871 636 911 quam
667 855 802 896 Tibur
833 863 873 897 et
903 855 1148 896 Tarentum.

75 942 114 973 10
256 932 320 971 12.
356 932 457 972 Fons
479 932 595 971 etiam
617 932 706 971 rino
730 930 825 970 dare
845 943 986 971 nomen
1008 929 1187 970 idoneus.
1214 930 1329 970 Fons.
1359 927 1629 969 Blandusiae.
1663 930 1767 978 rz'uo,
1790 928 1861 982 qui
1883 927 1966 968 Di-

141 1004 284 1059 gentia
305 1003 471 1053 dieitur,
494 1018 597 1059 ergo
620 1018 800 1059 magnus
822 1004 927 1053 fons,
951 1002 1158 1057 siquidem
1181 1001 1233 1043 ab
1256 1001 1328 1043 illo
1350 1001 1465 1043 riuus
1486 1016 1569 1042 non
1591 1001 1680 1043 sine
1702 1001 1871 1043 nomine
1893 1007 1966 1043 est.

256 1079 320 1118 16.
354 1078 647 1134 Septembribus
669 1078 705 1118 Ιι.
766 1075 863 1129 Quo
893 1084 1082 1131 tempore
1112 1076 1156 1117 in
1185 1074 1289 1117 urbe
1320 1075 1443 1116 faeile
1474 1075 1621 1117 morbo
1653 1090 1832 1130 corpora
1861 1082 1966 1116 tem-

141 1157 311 1206 ptantur
342 1166 391 1192 ex
424 1149 612 1192 autumni
648 1157 765 1191 aestu
794 1149 932 1191 noxio.

257 1227 321 1266 17.
357 1226 419 1267 Tu
449 1233 550 1266 recte
572 1226 692 1274 uiuis,
724 1225 761 1265 si
781 1238 902 1265 curas
925 1239 1005 1265 esse
1027 1224 1132 1279 quod
1152 1224 1281 1265 audis.
1341 1222 1438 1265 Hoo
1469 1229 1548 1265 est:
1582 1222 1617 1264 si
1647 1222 1742 1265 talis
1773 1237 1830 1273 es,
1863 1236 1966 1278 qua-

76 1313 115 1344 15
141 1300 221 1341 10111
253 1308 292 1340 te
323 1299 435 1340 fama
464 1305 651 1348 testatur,
683 1313 732 1339 ae
763 1312 839 1353 per
869 1297 949 1339 1100
981 1297 1126 1339 bonus.

257 1375 320 1414 18.
354 1373 557 1414 laetamus
586 1374 667 1413 iam
691 1373 851 1428 pridem
882 1386 984 1413 omn.
1019 1380 1053 1413 {e
1082 1372 1212 1413 Roma
1244 1372 1298 1412 be.
1372 1370 1458 1411 Hie
1488 1377 1631 1425 aperte
1662 1368 1855 1419 ostendit,
1896 1369 1969 1424 qui

142 1461 270 1502 supra
300 1445 470 1487 dixerit:
512 1447 548 1487 εἰ
575 1459 696 1487 etwas
729 1461 809 1487 esse
840 1446 945 1501 quod
975 1445 1106 1495 audis,
1143 1452 1183 1485 et
1212 1451 1273 1486 est
1304 1458 1469 1485 sensus:
1515 1443 1599 1484 iam
1629 1443 1792 1498 pridem
1825 1457 1968 1485 omnes

142 1528 179 1562 te
210 1521 413 1562 iactamus
444 1519 624 1562 beatum.
689 1521 827 1562 Omm's
858 1520 999 1569 Roma,
1035 1518 1079 1559 id
1109 1525 1183 1568 est,
1229 1532 1373 1559 omnes
1403 1516 1599 1567 Romani,
1645 1524 1685 1558 et
1728 1524 1789 1559 est
1832 1518 1969 1573 figura

141 1595 409 1650 metonymia.

75 1680 117 1712 20
259 1670 322 1710 19.
356 1669 434 1711 Sed
466 1684 621 1717 uereor,
652 1683 700 1710 ne
732 1669 799 1710 eui
826 1668 872 1709 de
903 1675 950 1708 le.
1020 1665 1116 1707 Hoo
1148 1666 1315 1707 Persius
1345 1664 1466 1706 aliter
1497 1663 1550 1719 (I,
1584 1665 1648 1720 7):
1679 1679 1752 1706 nec
1783 1673 1816 1706 le
1847 1680 1969 1722 quae-

142 1744 287 1785 sineris
318 1751 446 1785 extra.

256 1818 322 1858 20.
354 1818 465 1859 Neue
488 1825 607 1872 putes
639 1816 764 1856 alium
794 1816 969 1871 sapiente
991 1815 1167 1871 bonoque
1189 1814 1357 1855 beatum.
1416 1812 1474 1854 Et
1503 1813 1608 1854 haee
1637 1812 1854 1863 sententia,
1887 1827 1970 1867 qua

143 1889 336 1939 ostendit,
380 1889 591 1930 neminem
621 1890 790 1930 beatum
827 1888 909 1930 nisi
946 1888 1080 1930 solum
1118 1887 1363 1943 sapientem.
1438 1886 1570 1929 Deest
1601 1895 1774 1943 excepto,
1819 1893 1865 1928 ut
1895 1886 1967 1928 sit:

142 1976 248 2004 neue
279 1969 399 2017 putes
429 1962 558 2003 alium
588 1962 768 2011 beatum,
800 1969 975 2017 excepto
1006 1961 1194 2016 sapiente
1228 1961 1432 2014 bonoque.

78 2048 118 2079 25
260 2037 325 2076 21.
356 2037 447 2079 Neu
477 2041 512 2078 si
543 2045 575 2077 te
598 2037 776 2092 populus
807 2051 963 2077 scmum.
1026 2033 1209 2076 Stultum
1240 2042 1313 2084 est,
1354 2034 1503 2089 inquit,
1534 2033 1655 2075 alteri
1685 2034 1856 2076 eredere
1889 2033 1967 2091 [te]

143 2109 323 2160 beatum,
355 2117 528 2165 excepto
560 2110 761 2164 sapiente,
807 2116 846 2150 te
877 2108 1046 2159 dicenti,
1092 2108 1191 2163 quia
1221 2107 1377 2163 populo
1408 2107 1533 2148 fidem
1562 2107 1706 2158 habes,
1752 2123 1899 2150 sanum
1930 2114 1969 2149 te

143 2183 423 2233 adseuerand,
455 2198 551 2224 011111
582 2198 757 2239 aegrum
787 2189 827 2224 te
859 2182 1009 2238 seias*)
1041 2188 1081 2224 et
1110 2181 1187 2223 tibi
1217 2181 1373 2223 debeas
1403 2188 1637 2236 temperare
1658 2180 1712 2223 ab
1733 2181 1970 2237 inportunis

144 2256 262 2299 cibis.

258 2333 322 2373 25.
355 2331 402 2373 Se·
429 2333 514 2387 quis
545 2331 647 2373 bella
680 2332 751 2372 libi
779 2339 886 2373 terra
910 2338 1108 2387 puqnata.
1176 2328 1224 2371 Si
1269 2329 1362 2384 quis
1405 2343 1482 2384 pro
1527 2329 1609 2370 tuis
1653 2328 1849 2371 laudibus
1893 2329 1968 2371 tibi

145 2533 272 2563 auditur
297 2534 394 2563 etiam
420 2543 437 2562 a
463 2534 545 2563 scire
569 2533 599 2561 2.
636 2532 767 2561 auditur
793 2519 824 2562 eat
858 2541 881 2563 s.
910 2531 948 2561 G.
988 2531 1123 2561 adultero
1148 2542 1183 2562 ac
1208 2533 1288 2561 scire
1313 2542 1333 2561 v
1371 2532 1554 2571 (perperam
1578 2532 1634 2561 ref.
1662 2530 1717 2571 Q).
1753 2531 1900 2561 audituro
1933 2540 1971 2561 ac

144 2591 224 2619 scire
249 2600 318 2628 cup.
345 2590 410 2620 afh.
438 2591 587 2619 audituro
612 2592 639 2618 et
661 2588 768 2617 audire
793 2598 863 2626 eup.
890 2590 990 2618 tacite
1016 2589 1132 2618 ineule.
1161 2588 1199 2623 Q.

259 2647 293 2685 2)
322 2646 520 2684 intellegitur
544 2645 670 2675 MR2G.
698 2645 860 2683 intellige?
884 2656 914 2675 v.
941 2645 1097 2684 intelligit
1122 2646 1176 2675 afh
1205 2645 1294 2684 (non,
1320 2649 1355 2676 ut
1375 2646 1402 2681 Q
1420 2646 1487 2684 ref„
1515 2646 1702 2683 intellegere
1725 2648 1757 2674 et
1782 2644 1969 2683 intellegit).

146 2712 196 2741 ag.
225 2713 317 2733 suuni
342 2703 372 2733 in
396 2703 475 2733 ualle
499 2704 567 2732 at'h.
593 2703 662 2732 rell.
689 2711 740 2740 ag.
766 2711 812 2731 su.
839 2702 1010 2741 mallemque.
1059 2702 1093 2740 4)
1122 2703 1246 2732 seilicet
1273 2712 1332 2732 om.
1357 2703 1444 2733 vafh.
1508 2703 1542 2741 6)
1570 2702 1737 2740 temperiem
1761 2701 1875 2733 laudes.
1902 2702 1971 2731 Hoc

146 2760 198 2795 sit,
236 2761 289 2798 ait,
316 2778 357 2781 μα
383 2770 453 2790 esse
478 2759 645 2799 MRGQQ).
683 2759 723 2788 H.
751 2759 861 2797 steph.
890 2759 993 2788 Ennn.
1021 2768 1051 2796 p.
1082 2760 1155 2789 157.
1192 2759 1432 2797 Dillenburger.
1463 2769 1493 2797 p.
1524 2760 1572 2789 16.
1598 2759 1668 2788 rell.
1696 2769 1756 2788 om.
1794 2759 1910 2788 lemma
1937 2761 1970 2787 et

146 2816 215 2845 1100
229 2835 269 2837 νὴ
285 2826 364 2846 esse.
416 2817 471 2855 10)
498 2816 685 2846 blandusiae
702 2816 774 2845 MR.
801 2815 973 2845 blandusia
998 2815 1035 2844 A.
1061 2815 1187 2845 blandus
1213 2825 1228 2845 e
1253 2817 1322 2845 riuo
1349 2815 1410 2845 2G.
1437 2815 1600 2845 Bandinus
1625 2824 1642 2844 e
1666 2816 1734 2844 riuo
1757 2815 1845 2845 vafh.
1863 2814 1970 2844 —In-

147 2872 305 2911 dulyentia
330 2884 349 2902 v
377 2873 512 2912 (idulg.)
538 2883 567 2903 a.
630 2873 685 2911 11)
712 2874 751 2901 ab
778 2873 904 2902 illorum
927 2873 996 2901 riuo
1023 2872 1088 2901 MQ.
1116 2890 1157 2893 —--
1183 2876 1229 2902 est
1258 2883 1317 2902 om.
1332 2873 1388 2902 -fh.
1453 2873 1506 2910 13)
1533 2877 1560 2901 et
1582 2872 1729 2902 autumni
1754 2871 1816 2901 MR
1840 2872 1910 2900 rell.
1935 2881 1970 2900 ex

147 2933 234 2957 autu.
255 2929 280 2963 Q
300 2939 461 2968 perperam
487 2931 598 2959 refert:
630 2930 667 2959 ‘ee
691 2939 747 2967 pro
762 2938 797 2958 em
815 2929 911 2958 13611.Ὺ
962 2930 1017 2968 16)
1045 2930 1084 2958 Ec
1106 2930 1159 2958 hic
1184 2929 1248 2958 afh.
1299 2930 1354 2968 17)
1380 2929 1462 2968 quod
1486 2938 1583 2968 supra
1608 2928 1729 2958 dixerit
1750 2938 1780 2958 v.
1812 2928 1897 2966 quod
1923 2936 1969 2957 su.

148 2986 275 3014 dixerat
299 2986 364 3014 afh.
434 2986 486 3024 18)
514 2996 597 3015 omn.
625 2986 699 3015 iact.
727 2989 758 3015 te
784 2986 820 3015 R.
847 2986 899 3023 fig.
920 2994 980 3023 per
1005 2985 1232 3024 metonymiam
1256 2985 1291 3015 R.
1356 2986 1413 3024 20)
1440 2986 1502 3015 Nec
1526 2984 1668 3020 MRan.
1697 2985 1744 3014 Ne
1769 2985 1848 3021 2,th.
1874 2993 1970 3022 quae-

147 3041 237 3072 sieris
262 3052 293 3071 v.
343 3043 398 3081 23)
426 3043 469 3072 Et
494 3043 572 3073 haec
599 3061 638 3064 —
665 3044 840 3081 sapientem
864 3042 967 3071 MRA.
994 3043 1064 3072 rell.
1091 3052 1151 3072 om.
1214 3042 1272 3081 25)
1298 3046 1331 3072 te
1354 3043 1485 3072 beatum
1508 3040 1596 3071 vafh.
1661 3040 1718 3079 26)
1745 3044 1777 3070 te
1803 3050 1863 3070 om.
1888 3040 1920 3069 h.
1946 3039 1968 3069 l.

146 3100 235 3129 vafh.
274 3099 381 3129 habere
406 3100 500 3129 MR2.
526 3101 595 3130 rell.
633 3100 735 3130 hahes.
762 3118 802 3121 ἡ
828 3103 860 3129 te
886 3108 998 3129 sanum
1023 3100 1112 3129 vafh.
1149 3099 1340 3130 adseuerasti
1362 3099 1405 3128 M.
1442 3097 1629 3128 asseuerasci
1650 3096 1686 3127 R.
1723 3097 1970 3127 assueuedebeas

147 3155 368 3195 MRAQGQ).
394 3157 462 3188 rell.
490 3156 588 3187 debes.
638 3155 673 3196 *)
702 3155 738 3187 C.
764 3157 931 3187 Hermann
955 3157 1075 3188 uoluit:
1102 3166 1172 3186 cum
1198 3166 1292 3196 aeger
1315 3160 1423 3187 mente
1441 3156 1497 3186 sis.
