2148 3412
750 109 800 142 IN
823 110 932 143 ΛΒΤ.
958 110 1090 145 POET.
1790 98 1871 141 635

148 233 243 274 366.
277 233 313 274 O
342 234 471 274 maior
505 234 708 275 iuuenum.
770 233 821 274 Id
857 241 931 282 est,
975 233 1089 284 Piso,
1136 234 1257 288 quasi
1294 234 1470 276 diceret:
1517 249 1541 276 o
1582 233 1719 277 maior
1757 233 1870 276 Piso.

0 271 2 370 l
36 304 245 347 Maiorem
279 304 431 361 [enim]
465 305 638 347 fratrem
669 306 869 348 Pisonem
901 307 1152 362 adloquitur.

0 452 2 460 l

0 469 2 485 l

0 487 2 548 l

150 379 243 420 367.
267 379 361 420 368.
383 379 579 434 Finyerv's.
613 378 649 419 F
653 380 843 431 ormaris,
862 380 1104 430 institueris,
1123 380 1314 422 erudiris.
1346 382 1400 423 cul
1416 390 1580 424 rectum.
1611 380 1684 423 Ad
1703 382 1870 432 iustum,

37 452 80 494 id
101 458 174 502 est,
210 451 288 508 [et]
312 451 467 494 bonum
498 452 578 494 iter
607 453 718 495 uitae
740 454 947 495 formaris.
997 455 1069 496 hoe
1099 455 1170 496 tibi
1197 455 1347 497 dictum
1385 456 1494 497 Tolle
1524 470 1685 497 memor.
1716 454 1766 496 Id
1789 462 1869 497 est:

40 525 119 567 hoc
150 525 307 566 dictum
338 540 479 566 meum
510 525 587 567 tibi
618 542 748 577 sume,
780 527 879 568 audi
910 528 1158 569 sententiam
1189 543 1340 579 meam,
1373 536 1412 570 et
1442 537 1529 570 esto
1561 529 1650 570 eius
1680 544 1851 571 memor.
1920 539 1938 568 5

149 599 244 641 368.
279 600 462 641 medeam.
526 598 641 656 [Non
686 615 737 641 ex
782 608 866 642 toto
912 602 1180 658 perfectum]
1242 601 1473 644 Mediocre.
1534 602 1698 657 Inquit:
1746 602 1872 644 rebus

38 672 281 714 conceditur
311 680 350 714 et
382 672 506 714 certis
538 672 711 723 artibus,
744 682 787 715 ut
817 674 1050 717 mediocres
1081 675 1174 717 sint.
1227 678 1346 718 certis
1376 677 1507 718 rebus.
1547 675 1615 718 Ac
1637 676 1670 717 si
1692 676 1869 717 diceret:

0 780 1 802 3
37 738 120 788 nssn
155 746 364 796 omnibus,
402 745 447 787 id
488 754 560 795 est,
594 747 761 802 paucis3
794 748 838 788 id
869 756 952 790 est:
985 755 1096 790 recte
1137 749 1393 800 conceditur,
1432 749 1695 804 quarundam
1732 764 1871 791 rerum

0 851 1 884 3
38 835 128 863 esse
168 820 524 869 mediocritatem3
571 829 614 862 ut
656 821 689 862 si
729 821 831 863 iuris
869 821 1027 876 peritus
1058 837 1141 864 non
1172 822 1297 863 fuerit
1327 822 1480 877 aliquis
1512 821 1759 873 Cascellius,
1801 831 1872 865 aut

0 960 1 997 i

0 1023 1 1066 l

0 1071 2 1096 l

0 1175 1 1193 l

0 1201 2 1221 l

0 1225 1 1235 l

0 1259 2 1280 l

0 1289 1 1313 l

0 1317 1 1334 l

0 915 1 920 ¹
37 900 190 945 orator,
222 893 433 948 quomodo
454 893 662 944 Messala3
695 901 877 936 attamen
898 895 1061 937 ferendi
1083 895 1178 944 sint,
1210 896 1245 938 si
1279 896 1438 938 fuerint
1472 897 1728 946 mediocres3
1760 896 1872 952 quod
1900 905 1940 937 10

39 970 82 1011 in
112 969 247 1025 poetis
277 983 360 1010 non
391 968 503 1010 idem
535 976 608 1011 est.

152 1044 246 1084 369.
280 1044 373 1084 370.
405 1051 526 1085 actor.
558 1041 818 1085 Aduocatus.
890 1044 1008 1085 abest.
1040 1042 1196 1084 Distat.

152 1118 246 1159 371.
280 1118 491 1160 Messalae.
536 1116 586 1157 Id
618 1123 697 1158 est:
732 1132 815 1158 non
847 1124 906 1158 est
935 1117 1123 1172 aequalis
1145 1117 1356 1159 Messalae
1378 1117 1446 1159 uel
1470 1116 1701 1166 Cascellio3
1733 1124 1873 1158 tamen

39 1206 123 1233 non
154 1198 213 1233 est
246 1191 565 1246 uituperandus,
605 1190 726 1232 sicuti
763 1198 888 1246 poeta
927 1190 1166 1232 mediocris.
1228 1192 1400 1234 Messala
1442 1198 1594 1241 orator,
1639 1189 1874 1232 Cascellius

42 1264 151 1323 [im-e
182 1264 413 1322 consultus]
447 1264 712 1320 iurisperitus
744 1264 832 1306 fuit.
896 1265 1122 1306 Cascellius.
1184 1262 1356 1305 Scilicet
1389 1264 1477 1305 scit.
1901 1273 1941 1304 15

151 1340 247 1380 372.
278 1341 319 1381 in
347 1341 474 1395 pretio
506 1348 574 1380 est.
653 1338 702 1379 Id
735 1345 809 1388 θεῖ,
848 1338 891 1378 in
922 1337 1099 1386 honore3
1144 1337 1316 1379 Plautus
1347 1337 1391 1377 in
1422 1336 1624 1378 Asinaria
1665 1336 1719 1391 (I,
1753 1338 1789 1387 1,
1807 1338 1875 1378 46.

0 1435 1 1472 3
41 1414 95 1455 60
125 1411 235 1467 Fl.):
274 1414 334 1454 Tu
358 1417 522 1469 primus
553 1413 686 1462 sentis,
718 1426 791 1453 nos
823 1420 952 1453 tamen
983 1413 1024 1452 in
1049 1413 1179 1468 precio
1211 1426 1363 1452 sumus.
1444 1410 1523 1460 Illi,
1563 1410 1633 1465 qui
1664 1425 1748 1452 non
1779 1417 1873 1452 sunt

0 1509 1 1539 3
39 1487 298 1544 peritissimi,
344 1494 387 1528 ut
422 1484 657 1529 Cascellius
689 1493 729 1526 et
758 1485 958 1535 Messala,
1006 1485 1040 1526 si
1077 1485 1202 1527 modo
1233 1485 1467 1527 mediocres
1503 1492 1611 1535 sunt,
1656 1492 1796 1525 tamen
1832 1483 1875 1524 in

0 1555 1 1604 J
39 1561 199 1604 honore
230 1568 344 1611 sunt3
378 1560 452 1602 sed
483 1575 567 1603 non
599 1559 755 1602 debent
785 1566 935 1614 poetae
967 1558 1201 1600 mediocres
1232 1573 1335 1608 esse,
1368 1557 1441 1599 sed
1472 1557 1638 1600 summi.

154 1637 248 1677 373.
279 1650 360 1677 ‘non
392 1649 619 1677 concessere
651 1635 870 1676 columnae.
929 1631 1243 1688 Hyperbolicos
1285 1632 1355 1680 ait,
1395 1647 1473 1673 nec
1504 1631 1613 1673 enim
1645 1646 1747 1673 saxa
1777 1646 1875 1674 con·
1902 1640 1945 1672 20

0 1719 1 1726 ¹
41 1710 195 1752 cedunt
224 1709 385 1764 aliquid
418 1708 552 1764 poetis
584 1708 636 1749 de
667 1707 968 1749 mediocritate.
1036 1707 1251 1748 Columnas
1284 1705 1461 1762 [autem]
1495 1705 1609 1756 dicit,
1642 1705 1715 1747 ubi
1746 1720 1877 1761 pone-

43 1785 143 1826 bant
173 1790 322 1839 poetae
357 1781 611 1839 [epitaphia]
645 1780 833 1837 pittacia,
866 1779 1100 1822 indicantes
1134 1779 1230 1836 [se],
1271 1794 1353 1834 quo
1384 1779 1452 1820 die
1483 1778 1697 1820 recitaturi
1728 1786 1878 1820 essent.

154 1858 249 1899 374.
285 1857 334 1898 Ut
371 1865 513 1911 ι(Ιναίας
550 1857 654 1897 inter
690 1870 856 1896 mensas.
919 1853 1288 1906 Quemadmodum
1327 1853 1435 1894 inter
1465 1852 1669 1894 iocundas
1713 1866 1879 1895 mensas

43 1930 218 1974 offendit.
250 1937 320 1972 aut.
350 1929 485 1971 malus
517 1936 675 1979 cantor,
716 1935 786 1969 aut
816 1934 1077 1983 unguentum
1110 1926 1281 1976 malum,
1321 1933 1392 1967 aut
1422 1940 1612 1981 papauer
1643 1940 1737 1967 cum
1768 1925 1879 1967 malo

44 2005 180 2056 melle,
213 2019 307 2046 cum
339 2010 502 2060 poterat
532 2002 759 2059 prandium
793 2001 941 2043 confici
974 2000 1063 2042 sine
1101 2000 1183 2042 his:
1225 2000 1284 2041 ita
1319 2014 1484 2055 poema,
1516 1999 1628 2054 quod
1659 2001 1878 2041 inuentum
1904 2007 1946 2039 25

45 2086 107 2122 est
145 2087 319 2134 propter
358 2076 555 2134 [amicos]
595 2076 758 2119 animos
798 2074 1082 2125 delectandos,
1123 2074 1156 2116 si
1199 2072 1416 2129 paululum
1454 2072 1674 2115 recesserit
1711 2087 1736 2113 a
1771 2087 1879 2129 per-

161 2218 194 2257 1)
221 2219 242 2248 i.
270 2219 339 2257 piso
364 2227 391 2260 γ.
418 2217 453 2246 L.
480 2217 555 2247 Piso
580 2216 656 2252 th.
682 2215 764 2246 conf.
793 2215 836 2245 C:
865 2216 892 2243 ‘0
916 2213 1023 2244 maior.
1049 2214 1136 2250 Piso,
1162 2223 1223 2243 ma.
1250 2214 1286 2242 t'r.
1314 2213 1377 2242 Pis.
1402 2213 1509 2251 alloq.'
1537 2211 1643 2242 Schol.
1662 2221 1722 2242 om.
1749 2211 1777 2240 N
1794 2211 1880 2241 Med.

48 2274 179 2314 G‚rvca.
244 2276 280 2315 3)
308 2275 490 2305 institueris
516 2284 576 2304 om.
601 2273 686 2303 Med.
714 2270 959 2311 N,rvcaQ(G?).
1024 2271 1059 2309 4)
1086 2271 1117 2300 id
1144 2274 1190 2301 est
1214 2280 1240 2311 γ.
1267 2270 1333 2299 rell.
1364 2274 1405 2300 et.
1431 2287 1471 2289 —
1498 2268 1647 2298 formaris
1671 2277 1698 2310 γ.
1723 2269 1791 2298 rell.
1818 2278 1880 2299 om.

47 2351 90 2354 —
114 2333 174 2363 hoc
198 2333 242 2362 di.
269 2341 372 2362 meum
398 2332 458 2361 tibi
485 2339 573 2361 sume
598 2340 625 2372 γ.
653 2330 719 2359 rell.
746 2339 807 2360 om.
858 2328 893 2367 6)
919 2329 990 2358 Non
1016 2346 1057 2349 »ῳ
1085 2328 1261 2366 perfectum
1288 2337 1348 2356 om.
1375 2336 1400 2368 γ.
1428 2325 1589 2355 Mediocre
1609 2343 1648 2345 ι
1666 2325 1731 2354 sint.
1757 2334 1782 2365 γ.
1809 2324 1880 2354 rell.

49 2400 109 2420 om.
159 2390 194 2429 9)
222 2398 294 2419 esse
311 2399 372 2419 om.
391 2388 436 2418 fh.
453 2406 492 2409 m
508 2387 677 2417 cascellius
702 2386 773 2428 ·(‚1·C
799 2389 828 2416 et
856 2385 893 2422 Q,
931 2386 985 2423 qui
1011 2385 1126 2414 refert:
1165 2383 1328 2413 ‘casselius
1353 2383 1437 2411 Edd.
1475 2381 1638 2412 cassellius
1676 2380 1724 2411 G.'
1762 2381 1882 2411 habent

47 2451 155 2477 autem
173 2445 248 2476 vfh:
275 2445 451 2476 Cassellius.
471 2444 630 2475 Casellius
649 2443 742 2473 Aulus
760 2453 783 2472 c.
812 2441 968 2472 Casselius
988 2442 1079 2472 Aulus
1097 2452 1125 2471 a.
1153 2441 1322 2471 cassellius
1339 2440 1379 2469 N.
1407 2438 1563 2469 cassileius
1586 2437 1672 2467 Med.
1698 2442 1755 2467 aut
1779 2442 1884 2468 orator

48 2503 164 2539 cath.
190 2503 258 2533 rell.
284 2506 472 2533 auctoratus.
498 2502 544 2531 N:
570 2504 742 2531 (lateratus.
768 2510 799 2529 r:
828 2504 881 2529 avt
904 2497 1118 2537 auctoratus).
1186 2498 1242 2536 10)
1269 2497 1332 2526 sint
1358 2506 1384 2538 γ.
1411 2496 1480 2526 rell.
1506 2499 1589 2525 sunt.
1628 2498 1772 2524 attamen
1807 2494 1883 2524 uitu—

44 2560 177 2600 peramli
199 2569 259 2589 non
285 2558 329 2589 fh.
356 2559 437 2589 conf.
465 2557 501 2588 C.
528 2558 597 2587 rell.
624 2561 684 2586 att.
699 2556 837 2596 serendi.
891 2556 945 2594 12)
972 2555 1156 2585 Aduoeatus
1181 2564 1208 2595 γ.
1234 2554 1303 2584 rell.
1329 2564 1389 2583 om.
1458 2552 1511 2590 13)
1538 2552 1650 2581 Distat
1675 2561 1700 2592 γ.
1725 2550 1795 2580 rell.
1821 2560 1882 2580 om.

52 2619 108 2657 14)
133 2617 170 2647 Id
188 2622 237 2647 est
254 2616 478 2646 -mediocris
504 2624 530 2657 γ.
557 2614 639 2644 conf.
661 2613 696 2644 C.
724 2613 792 2643 rell.
818 2622 878 2643 om.
931 2613 986 2651 15)
1010 2612 1142 2642 mesalla
1162 2622 1185 2641 r.
1249 2612 1304 2650 16)
1331 2608 1521 2648 iurisperitus
1545 2617 1572 2649 γ.
1599 2607 1683 2637 Med.
1710 2607 1778 2637 rell.
1804 2608 1883 2636 iure—

50 2674 208 2705 consultus.
236 2673 419 2703 Cascellius
445 2682 469 2702 ε.
497 2672 567 2702 scit.
594 2681 619 2713 γ.
645 2671 716 2702 rell.
743 2680 804 2700 om.
854 2669 922 2699 Hoc
947 2669 1046 2698 schol.
1071 2669 1144 2698 hab.
1171 2668 1241 2711 Βφε
1272 2666 1450 2697 ‘case-ellim.
1487 2664 1638 2695 cascellus
1674 2662 1754 2702 (sic)
1792 2663 1884 2693 aulus

50 2735 146 2770 poeta
171 2731 293 2769 peritus
319 2731 386 2768 ipse
413 2733 463 2759 est
487 2733 514 2758 et
537 2727 625 2757 aulus
645 2726 774 2766 gellius)
833 2726 888 2763 17)
915 2725 950 2754 Id
978 2730 1027 2755 est
1052 2735 1078 2766 γ.
1104 2725 1173 2755 rell.
1199 2734 1257 2754 om.
1323 2723 1380 2761 20)
1409 2723 1494 2753 enim
1521 2731 1580 2751 om.
1607 2729 1633 2762 γ.
1694 2720 1752 2760 21)
1777 2724 1884 2751 autem

52 2798 114 2818 om.
141 2796 168 2830 γ.
230 2787 288 2826 22)
315 2786 447 2824 pictatia
473 2785 541 2814 ind.
568 2794 601 2814 se
629 2784 678 2822 (se
704 2794 763 2813 om.
791 2782 842 2821 C.)
938 2787 1047 2812 essent
1074 2792 1099 2823 γ.
1124 2791 1275 2812 πιττακια
1300 2799 1342 2801 --κ
1369 2784 1476 2809 essent
1497 2778 1532 2808 G.
1560 2777 1668 2816 pitacia
1693 2787 1718 2814 r,
1748 2786 1809 2807 om.
1837 2777 1885 2806 in-

52 2844 200 2874 dicantes
229 2862 266 2865 ---
296 2846 416 2873 essent.
446 2842 536 2880 posui
562 2840 698 2879 pittacia,
727 2840 848 2869 Graece
871 2838 1031 2870 πιττάκια.
1057 2838 1139 2868 conf.
1167 2837 1328 2875 Lamprid.
1356 2837 1388 2865 in
1414 2836 1508 2865 Alex.
1536 2834 1608 2865 Seu.
1638 2835 1689 2864 21.
1716 2833 1885 2872 pictacium

53 2909 103 2939 ap.
130 2899 259 2930 Celsum
285 2899 342 2936 ΙΙΙ,
373 2900 422 2929 10.
451 2898 564 2928 Laber.
591 2907 639 2936 ap.
667 2896 750 2926 Gell.
776 2896 863 2933 XVI,
891 2897 919 2925 7.
946 2896 1014 2925 rell.
1042 2895 1127 2925 nihil
1152 2895 1225 2924 hab.
1252 2894 1316 2923 nisi
1341 2891 1492 2931 epitaphia
1518 2890 1569 2930 (l).
1631 2891 1689 2929 23)
1716 2891 1770 2920 ioc.
1797 2898 1885 2919 men-

53 2966 108 2987 sas
133 2966 159 2999 γ.
185 2957 252 2987 rell.
292 2965 392 2986 mens.
431 2956 490 2984 iae.
554 2955 611 2993 24)
637 2963 710 2991 ung.
739 2954 858 2983 malum
883 2953 970 2993 ·[N,r.
1006 2952 1080 2982 mal.
1107 2960 1183 2989 ung.
1214 2950 1319 2979 vcafh.
1357 2949 1477 2978 malum
1501 2958 1561 2978 om.
1588 2948 1624 2983 Q.
1690 2947 1746 2985 25)
1773 2955 1887 2984 poema

54 3013 167 3049 cath.
193 3014 261 3043 rell.
289 3023 349 3043 om.
376 3013 457 3042 conf.
486 3010 511 3041 C
538 3015 569 3041 et
594 3010 662 3052 Βφε
694 3028 726 3030 ⁷--
758 3011 815 3039 ‘ita
839 3014 941 3039 natum
965 3013 991 3039 et
1017 3010 1081 3039 inu.
1108 3016 1221 3046 poema
1246 3006 1315 3044 (po.
1342 3009 1406 3034 nat.
1433 3009 1466 3035 et
1483 3006 1548 3034 inu.
1566 3003 1635 3046 Βφ)
1662 3003 1703 3033 ad
1729 3004 1792 3033 del.
1819 3003 1885 3032 ani-

55 3079 126 3107 mos,
151 3070 180 3099 si
205 3078 224 3098 a
247 3070 325 3108 perf.
351 3068 534 3098 discesserit
575 3066 654 3105 (dec.
681 3065 763 3107 Βφ).
798 3074 856 3103 pro
879 3064 973 3095 nihilo
997 3063 1157 3095 lcabebc'tzcr‘
1196 3062 1349 3100 (habetur
1374 3060 1456 3103 Βφ).
1521 3061 1578 3100 26)
1603 3060 1720 3090 animos
1744 3058 1885 3102 γΒφ,ι·Ο.

56 3125 126 3156 rell.
152 3125 275 3156 amicos⁴
305 3125 379 3155 uide
405 3122 534 3155 homines
560 3123 593 3153 in
618 3123 676 3153 alt.
704 3121 835 3152 scholio.
