2148 3412
850 105 897 137 IN
924 105 1060 138 SERM.
1088 105 1132 143 11,
1159 108 1188 138 5
1856 96 1937 137 305

212 231 277 272 91.
309 230 400 274 Non
438 231 556 272 etium
596 230 727 272 sileas.
800 228 948 284 Neque
992 229 1168 271 nimium
1216 229 1272 272 sis
1317 229 1533 281 uerbosus,
1580 244 1717 286 neque
1761 230 1939 272 nimium

100 304 262 348 tacitus.

209 379 356 419 Dauus
387 381 454 418 sis.
518 375 569 417 Id
602 382 682 418 est:
714 376 794 425 fac,
827 382 873 417 ut
903 375 971 417 sis.
1033 379 1218 418 comicus.
1277 376 1416 418 Nimis
1447 383 1621 419 astutus.

210 452 275 492 92.
309 465 394 507 cup.
425 450 584 506 obstipo.
646 449 868 498 Inclinato,
900 448 968 490 uel
1000 448 1207 499 inmobili,
1238 449 1322 491 fixo
1354 450 1398 490 in
1419 450 1596 492 alterum
1619 465 1826 502 umerum,
1864 452 1937 493 de-

99 525 264 575 clinato,
296 523 395 578 quia
425 523 461 565 is
491 523 660 565 habitus
691 522 909 578 proximus
941 530 1003 564 est
1033 522 1324 564 uerecundiae.
1986 534 2003 564 5

210 599 275 640 93.
311 598 521 654 Obsequio.
553 596 774 652 Obsequio
807 595 1136 652 (obsequendo),
1179 602 1382 650 quantum
1414 604 1546 651 potes,
1578 604 1694 639 utere
1726 598 1840 640 circa
1871 599 1936 639 di-

97 673 214 722 uites,
246 685 436 727 operare.
499 669 737 727 [Obsequio]
770 685 974 724 qrasmre.
1013 667 1311 726 [Frequentia]
1346 669 1595 725 adgredere.

207 760 332 793 moue,
363 746 403 786 si
427 745 665 786 increbruit.
725 742 776 784 Id
797 750 881 784 est:
919 743 1073 784 multus
1095 750 1183 784 esto
1204 743 1247 784 in
1269 742 1554 797 obsequendo.
1589 743 1701 785 Alii:
1735 746 1939 803 increpuit

99 833 215 862 aura.
246 817 424 860 Ventus.

211 893 275 933 94.
314 892 478 934 Cautus.
538 891 587 932 Id
611 897 694 932 est:
718 891 775 932 ita
797 905 934 941 mone,
957 905 1009 931 ne
1031 889 1305 946 intellegaris.
1368 892 1545 933 extrahe.
1579 890 1752 932 Libera.
1805 893 1934 934 turba.
1963 900 2003 932 10

95 966 163 1008 De
193 966 315 1008 turba
346 965 493 1021 populi
525 965 560 1006 si
590 965 714 1006 fuerit
747 964 1013 1020 constipatio,
1046 963 1180 1005 libera
1212 979 1319 1005 eum.

208 1041 274 1081 95.
308 1054 449 1081 aurem
479 1040 705 1094 substriuqe
737 1040 903 1094 loquaci.
967 1035 1123 1093 [Caute
1157 1038 1335 1079 admoue
1367 1052 1489 1079 aures
1519 1044 1612 1079 tuas
1643 1052 1692 1079 eo
1714 1038 1932 1096 loquente]

95 1113 336 1170 Diligenter
366 1113 480 1163 audi,
513 1119 601 1154 aut:
635 1127 739 1154 caue
770 1126 822 1153 ne
853 1112 971 1153 dicas
994 1111 1117 1167 (quid
1139 1111 1317 1162 dixisti).
1380 1113 1449 1153 Al.
1481 1111 1725 1167 Diligenter
1755 1113 1935 1155 admone

96 1201 215 1230 aures
235 1193 326 1228 tuas
348 1186 543 1241 loquente
565 1186 650 1227 illo.
711 1187 948 1240 substriuqe.
981 1183 1216 1240 Subiunge.
1279 1185 1450 1241 loquaci.
1483 1184 1580 1227 Hoc
1612 1192 1695 1227 est:
1727 1186 1937 1241 patienter

100 1275 192 1303 eum
223 1260 335 1302 audi.
1962 1270 2001 1300 15

206 1335 271 1376 96.
304 1335 570 1390 [inportunus.
632 1332 718 1374 Pro
758 1332 995 1388 inportune,
1042 1338 1080 1372 et
1119 1331 1235 1372 deest
1267 1335 1326 1372 sit.
1397 1334 1522 1374 donec
1552 1333 1624 1374 olle
1652 1335 1745 1374 inm.
1805 1333 1935 1374 Tam-

95 1408 166 1450 diu
194 1407 365 1449 laudato
396 1422 505 1458 eum,
537 1406 740 1462 quamdiu
772 1406 878 1448 bene
910 1405 1050 1456 habet,
1082 1405 1217 1446 donec
1247 1406 1339 1460 ipse
1371 1405 1507 1446 dicat:
1541 1407 1611 1447 ohe
1641 1408 1730 1448 iam.
1793 1405 1932 1449 Ordo:

96 1482 345 1537 inportunus
376 1495 481 1537 urge
521 1480 547 1521 i.
588 1494 622 1521 θ.
662 1480 874 1521 laudando
913 1494 1021 1530 eum,
1068 1479 1203 1521 donec
1242 1479 1395 1520 dixerit
1435 1478 1610 1521 sublatis
1648 1480 1843 1522 manibus
1881 1481 1935 1521 ad

95 1556 267 1607 caelum,
299 1555 342 1596 id
375 1562 448 1605 est,
481 1553 718 1595 adiuratus:
753 1554 823 1595 olee
853 1555 946 1606 ium,
978 1553 1021 1593 id
1052 1560 1126 1604 est,
1160 1553 1311 1595 sufficit
1343 1560 1380 1594 et
1413 1553 1520 1594 bene
1550 1553 1689 1595 habet.

206 1631 271 1671 97.
303 1644 415 1685 urye.
474 1628 687 1670 Instanter
717 1628 856 1677 lauda,
889 1634 933 1668 ut
963 1627 1052 1668 eius
1084 1627 1341 1669 desiderium
1373 1627 1516 1668 uincat
1546 1626 1808 1683 obsequium.
1959 1636 2000 1668 20

205 1704 270 1745 98.
307 1703 556 1745 Crescentem
589 1703 749 1744 luim'rlis
782 1703 849 1748 ius.
881 1701 1129 1743 sermonibus
1159 1709 1300 1743 utrem.
1377 1698 1645 1742 Gaudentem
1677 1701 1932 1752 rumoribus,

208 1929 239 1967 1)
265 1927 376 1967 Neque
395 1929 568 1958 —tacitus
593 1937 620 1969 γ.
647 1927 716 1956 rell.
744 1936 804 1956 0111.
857 1925 891 1964 5)
918 1925 955 1954 Id
982 1928 1032 1954 est
1057 1924 1108 1954 fac
1133 1928 1169 1955 ut
1195 1925 1239 1953 sis
1266 1934 1291 1965 γ.
1319 1925 1388 1954 rell.
1415 1935 1475 1954 0111.
1504 1924 1630 1954 Nimius
1658 1929 1787 1957 astutus
1811 1937 1838 1969 γ.
1862 1929 1933 1958 rell.

94 1993 153 2015 om.
179 1985 270 2023 posui
296 1984 399 2014 nimis.
465 1985 500 2023 3)
526 1983 596 2013 obst.
623 1983 779 2022 Deposito
806 1981 901 2019 G‚1nv
929 1981 1110 2020 (compend.
1138 1981 1198 2020 d.).
1230 1980 1383 2020 Opposito
1408 1991 1436 2011 a.
1462 1982 1513 2011 uel
1544 1983 1672 2012 immob.
1706 1983 1771 2013 fixo
1803 1993 1830 2026 γ.
1864 1985 1930 2013 fixo

95 2041 220 2070 immob.
245 2041 347 2078 tristi,
373 2041 435 2078 uel,
463 2044 497 2070 ut
515 2040 651 2070 Scaurus
679 2040 769 2077 dicit,
798 2039 956 2068 inclinato
983 2039 1016 2067 in
1042 2038 1180 2067 alterum
1206 2038 1374 2068 humerum
1399 2037 1433 2068 C.
1460 2039 1530 2069 rell.
1557 2049 1618 2069 om.
1647 2040 1731 2070 conf.
1757 2040 1930 2070 Mitscher-

94 2097 157 2127 lich
173 2107 219 2135 pr.
246 2097 307 2127 aes.
326 2108 355 2136 p.
374 2098 474 2127 XVII.
525 2099 559 2137 6)
586 2098 762 2136 aggredere
785 2106 811 2138 γ.
839 2106 899 2126 om.
931 2094 1074 2134 Obsequio
1100 2099 1131 2124 et
1148 2095 1356 2133 Frequentia.
1382 2094 1424 2125 C:
1453 2099 1609 2134 quantum
1634 2100 1726 2134 potes
1751 2097 1932 2136 obsequendo

95 2155 268 2192 aggredere
294 2154 425 2191 diuites,
452 2154 572 2183 multus
599 2159 667 2184 esto
694 2154 725 2183 in
752 2153 927 2191 obsequiis.
952 2162 983 2194 γι
1021 2161 1114 2183 mone.
1143 2152 1280 2182 multum.
1308 2152 1335 2181 si
1356 2152 1531 2182 increbruit.
1571 2157 1640 2183 esto
1665 2154 1697 2182 in
1723 2154 1790 2183 obs.
1817 2155 1859 2184 al.
1887 2154 1931 2183 ἰη-

95 2210 216 2248 crepuit.
242 2210 331 2240 Haec
356 2211 466 2248 lectio,
492 2220 587 2249 quam
612 2210 677 2240 Fea
702 2211 932 2249 elegantiorem
959 2209 1047 2238 dixit
1073 2217 1109 2238 ac
1134 2217 1191 2246 per
1216 2210 1275 2239 hoc
1301 2210 1433 2247 recepit,
1471 2213 1521 2239 est
1547 2210 1581 2239 in
1608 2209 1699 2239 Barc.
1725 2209 1819 2240 Bern.
1846 2210 1873 2239 A
1901 2215 1929 2239 et

99 2266 199 2297 Harll.
224 2264 307 2309 βηιλ,
346 2268 374 2298 si
400 2268 517 2306 crepuit
540 2267 637 2297 Bern.
665 2267 699 2305 F,
728 2266 897 2297 increbruit
922 2267 955 2295 111
980 2265 1017 2295 JI
1043 2264 1103 2305 (gl.
1130 2266 1274 2304 Sonauit)
1301 2266 1328 2295 R
1352 2265 1399 2296 St.
1426 2266 1533 2296 Germ.
1560 2266 1675 2304 Regin.
1702 2266 1744 2295 M.
1770 2285 1812 2287 —
1843 2266 1930 2296 Obse-

95 2322 161 2362 quio
187 2341 226 2344 —
253 2324 408 2362 operarios
432 2333 458 2366 γ.
485 2325 577 2362 posui
603 2333 746 2362 operare.
774 2323 813 2352 cf.
842 2322 878 2352 C.
943 2323 978 2361 8)
1006 2322 1128 2351 Ventus
1153 2331 1179 2363 γ.
1207 2323 1232 2351 si
1258 2327 1363 2352 uentus
1388 2324 1430 2353 sit
1464 2323 1674 2361 impetuosior
1711 2326 1741 2352 et
1768 2324 1870 2353 acrior
1895 2324 1929 2353 C.

95 2379 161 2410 rell.
188 2390 249 2410 om.
301 2381 356 2420 10)
382 2380 418 2410 Id
444 2385 493 2410 est
510 2399 546 2402 —-
564 2381 763 2419 intellegeris
788 2390 816 2422 γ.
842 2380 912 2409 rell.
939 2389 1000 2409 om.
1027 2378 1142 2408 Libera
1168 2388 1194 2420 γ.
1221 2379 1290 2408 rell.
1318 2389 1378 2409 om.
1444 2380 1498 2419 11)
1525 2380 1574 2409 De
1599 2380 1693 2409 turba
1718 2389 1743 2421 γ,
1771 2380 1840 2409 rell.
1867 2390 1926 2409 0111.

94 2435 205 2475 Populi
229 2455 271 2457 —-
298 2446 368 2467 eum
394 2447 419 2478 γ.
447 2437 531 2469 conf.
559 2436 601 2467 C:
641 2436 675 2467 Si
701 2437 802 2467 fuerit
828 2436 936 2474 populi
966 2444 1151 2472 concursuS,
1189 2436 1292 2465 libera
1319 2446 1388 2465 eum
1415 2445 1543 2474 corpore
1575 2436 1727 2474 oppositi.
1761 2436 1831 2465 rell.
1867 2447 1927 2467 0111.

98 2493 151 2532 12)
177 2492 279 2524 Caute
304 2511 345 2514 -—
372 2495 524 2533 loquente
548 2504 607 2524 0111.
634 2504 660 2535 γ.
731 2494 785 2533 13)
811 2493 999 2531 Diligenter
1027 2510 1065 2513 ——
1094 2492 1150 2522 illo
1175 2502 1201 2534 γ.
1239 2502 1316 2522 caue
1354 2503 1392 2523 ne
1430 2494 1519 2523 dicas
1546 2493 1622 2531 quid
1648 2493 1766 2522 dixisti
1793 2492 1872 2532 (sic)
1898 2504 1926 2536 ‘i‘-

94 2547 256 2588 Subiunge
281 2549 348 2592 -(‚C.
400 2551 456 2589 14)
484 2550 553 2580 Hoc
580 2554 629 2580 est
656 2568 694 2570 —
723 2550 797 2579 audi
821 2560 838 2592 γ
865 2554 896 2579 et
922 2548 955 2587 C,
983 2549 1038 2587 qui
1063 2558 1124 2578 om.
1159 2548 1228 2578 Hoc
1253 2555 1311 2580 est.
1338 2551 1496 2589 loquacem
1522 2549 1549 2584 Q
1575 2550 1696 2587 recepit
1722 2550 1849 2580 dicens:
1878 2550 1928 2580 ‘lo-

94 2615 212 2645 quacem
236 2607 337 2637 codd!
375 2607 508 2637 Habent
535 2612 642 2637 autem
669 2616 778 2637 omnes
804 2607 870 2636 sere
895 2606 1022 2636 codices
1048 2607 1110 2636 mei
1136 2606 1254 2645 loquaci
1280 2606 1393 2645 (Bern.
1420 2607 1443 2635 F
1470 2607 1597 2645 locaci).
1636 2616 1717 2635 unus
1744 2606 1769 2634 B
1795 2616 1873 2636 corr.
1901 2608 1928 2638 ἓ,

95 2663 177 2702 quod
201 2673 305 2694 aurem
329 2674 360 2694 u.
389 2665 543 2694 seductus
570 2665 756 2702 scripserat,
783 2668 912 2693 mutans
939 2664 973 2692 in
997 2663 1017 2692 i.
1070 2663 1125 2702 16)
1153 2666 1184 2692 et
1210 2663 1299 2693 deest
1324 2664 1364 2693 sit
1393 2673 1419 2705 γ.
1447 2664 1515 2693 rell.
1541 2673 1601 2693 om.
1630 2680 1671 2683 —
1698 2672 1768 2692 cum
1791 2672 1809 2705 γ
1834 2667 1865 2693 et
1892 2663 1927 2693 C.

95 2720 148 2758 qui
172 2720 286 2751 habet:
311 2721 458 2751 instanter
484 2731 553 2751 eum
578 2722 723 2759 laudato,
751 2721 851 2750 donec
877 2721 1015 2757 dixerit,
1053 2721 1125 2757 ohe,
1161 2724 1256 2758 atque
1293 2721 1339 2749 ita
1375 2720 1466 2750 illum
1504 2721 1630 2750 uincies
1667 2720 1728 2749 tibi
1765 2721 1928 2758 obsequio.

95 2774 310 2807 Instanter—
326 2779 518 2817 obsequium
543 2788 569 2820 γ.
596 2779 666 2808 rell.
694 2788 754 2808 om.
808 2778 862 2816 17)
891 2776 979 2807 Ordo
1005 2795 1045 2798 —
1073 2778 1172 2807 habet
1197 2786 1222 2817 γ.
1248 2777 1316 2807 rell.
1345 2787 1406 2807 om.
1433 2777 1597 2806 adiuratus
1621 2786 1677 2815 pro
1703 2777 1866 2813 adiurans,
1894 2781 1925 2806 ut

95 2831 219 2871 Vopisc.
245 2835 277 2864 in
303 2834 387 2864 Flor.
419 2836 433 2863 1
461 2839 493 2865 et
518 2834 669 2865 Lactant.
696 2834 734 2872 V,
762 2835 814 2863 20.
864 2834 922 2872 21)
948 2834 1130 2864 rumoribus
1154 2843 1180 2875 γ.
1208 2843 1262 2863 mv
1288 2834 1390 2872 (negl.
1419 2833 1472 2874 Q).
1499 2837 1594 2864 recte.
1621 2833 1703 2864 conf.
1721 2833 1759 2864 E.
1776 2833 1801 2871 Ι,
1824 2834 1874 2870 10,
1891 2835 1926 2863 9:

95 2898 218 2920 rumore
243 2892 394 2930 secundo,
423 2892 523 2931 (quod
549 2893 589 2922 de
611 2896 698 2921 uento
724 2892 883 2921 adhibent
909 2890 973 2920 Cic.
1000 2891 1112 2920 Diuin.
1139 2890 1163 2929 Ι,
1195 2892 1244 2920 16.
1270 2890 1365 2928 Verg.
1391 2890 1427 2920 A.
1455 2890 1540 2926 VIII,
1569 2889 1637 2928 90).
1676 2889 1779 2919 Tacit.
1805 2890 1844 2920 A.
1871 2889 1927 2927 ΙΙΙ,

98 2945 148 2975 29.
185 2948 253 2977 rell.
279 2949 463 2986 tumoribus,
500 2950 581 2987 quod
607 2949 798 2978 uocabulum
824 2957 888 2977 non
914 2948 953 2977 de
978 2948 1096 2977 blando
1122 2957 1266 2978 sermone
1292 2947 1469 2983 dicebatur,
1496 2946 1550 2975 scd
1576 2946 1614 2975 (le
1640 2947 1687 2975 ira
1713 2945 1781 2976 Cic.
1808 2946 1844 2975 T.
1870 2946 1927 2976 111.

100 3001 148 3040 12,
167 3003 216 3032 31.
242 3003 296 3042 IV,
316 3005 355 3035 29
382 3005 537 3043 (tumores
562 3005 665 3043 animi,
692 3009 727 3033 ut
752 3008 894 3034 tumores
922 3008 1021 3034 terrae
1037 3004 1182 3034 Frontin.
1210 3005 1248 3033 de
1268 3003 1378 3034 Colon.
1401 3002 1489 3041 1213.)
1518 3003 1557 3031 de
1583 3003 1771 3033 ‘uanissimo
1796 3007 1928 3033 senten-

97 3058 209 3089 tiarum
235 3062 380 3099 strepitu’
410 3062 537 3092 Petron.
567 3063 594 3092 1.
620 3062 720 3092 uerba
745 3061 862 3100 tragici
887 3062 1022 3091 tumoris
1049 3059 1132 3091 Gen.
1159 3060 1199 3098 II,
1228 3060 1280 3089 23.
1320 3060 1488 3089 uerborum
1526 3059 1637 3089 Senec.
1664 3059 1776 3089 Benef.
1803 3058 1845 3097 ΙΙ,
1876 3060 1925 3088 11.

96 3114 154 3146 hoc
177 3116 347 3148 intellectu
370 3119 504 3156 pluralis
530 3128 594 3149 non
620 3119 849 3150 adhibebatur.
876 3117 1040 3148 tumoribus
1066 3126 1107 3147 ex
1134 3126 1222 3155 seqq.
1249 3119 1360 3146 ortum.

226 3187 386 3216 EAUTHAL,
402 3189 471 3211 ACR.
487 3190 527 3210 ET
544 3190 658 3211 PORPH.
676 3189 705 3210 11.
1622 3182 1654 3204 20
