2148 3412
812 87 861 120 IN
886 88 995 121 ΛΒΤ.
1020 89 1154 122 POET.
1823 83 1901 123 577

184 211 248 252 12.
281 211 358 252 Sed
387 225 466 252 non
498 219 543 252 ut
564 212 756 268 placidis.
816 211 869 253 Id
899 220 982 255 est:
1013 212 1079 254 Ita
1117 213 1320 256 debemus
1357 214 1513 257 habere
1543 215 1758 258 licentiam
1790 217 1900 259 scri—

70 284 209 334 bendi,
241 292 282 325 et
311 284 371 325 sic
403 283 555 325 debent
585 299 675 327 esse
714 285 938 328 artificiosa
970 294 1176 341 poemata,
1217 296 1261 329 ut
1292 303 1376 330 non
1416 289 1535 331 mitia
1576 289 1904 347 [ad]iungantur

68 357 229 413 asperis
258 357 532 399 inmoderate.

182 431 246 472 13.
276 433 539 485 qeminemur.
598 430 848 487 Iungantur.

180 504 244 544 14.
276 504 448 560 Inceptz's
476 519 595 559 yrau.
608 506 667 561 pl.
700 513 736 547 et
765 521 840 547 ma.
867 508 1079 561 professis.
1140 506 1273 549 Aliud
1295 516 1580 564 praeceptum.
1631 510 1782 562 Docet,
1815 527 1899 555 non

65 578 288 634 inportune
319 577 601 619 inducendam
631 592 721 620 esse
742 578 990 634 parabolam
1022 587 1095 622 aut
1125 581 1451 638 descriptionem
1461 600 1470 633 3
1504 585 1576 626 sed
1598 592 1669 627 aut
1698 586 1902 641 parabola

65 661 136 694 aut
165 651 392 707 descriptio
424 658 520 707 apte
552 651 710 694 debent
739 652 917 709 adiungi
948 654 1115 710 incepto
1147 655 1253 697 bene
1285 657 1490 712 poemati3
1523 658 1595 712 qui
1618 658 1729 700 enim
1751 660 1901 716 incipit

64 725 294 782 granditer,
327 732 366 766 et
396 725 548 767 leuiter
577 725 679 774 finit,
702 726 1006 782 uituperandus
1038 737 1111 770 est.
1176 731 1378 785 Prosessz's
1409 737 1565 773 autem:
1606 732 1684 783 his,
1726 734 1798 788 qui
1830 749 1899 776 co-

64 806 216 841 nantur
247 798 408 854 aliquid
439 814 642 855 magnum
675 800 874 851 scribere,
906 808 946 842 et
978 802 1087 858 (aut)
1120 804 1305 858 respexit
1335 804 1390 845 ad
1409 811 1602 846 naturam
1634 807 1899 860 quorundam

62 880 296 930 poetarum,
330 873 401 928 qni
432 872 638 928 incipiant
670 873 911 917 describere
942 876 1136 931 grandia,
1184 884 1223 918 et
1254 878 1298 918 in
1324 892 1552 920 comnunes
1584 887 1732 921 exeant
1762 880 1896 929 locos3

63 946 148 1003 qui,
185 947 350 989 tametsi
380 947 481 989 boni
511 953 618 996 sunt,
660 954 800 990 tamen
839 949 1041 1004 superflui
1076 949 1297 1001 habentur,
1340 960 1379 992 et
1417 951 1666 1008 plerumque
1696 953 1898 996 ridentur.

61 1021 111 1063 In
133 1035 289 1076 magno
311 1029 504 1076 poemate
526 1035 721 1078 excessus
744 1021 946 1064 debemus
968 1023 1237 1079 adspergere,
1271 1025 1391 1080 quasi
1413 1026 1467 1067 ad
1488 1026 1738 1070 reficiendas
1761 1044 1897 1071 aures.

63 1094 286 1153 [Patimini
317 1095 438 1151 ergo]
471 1110 548 1150 pro
580 1095 691 1137 bono
723 1095 861 1138 colore
898 1111 1095 1139 excessus
1129 1097 1253 1155 [dici]
1288 1099 1453 1141 dicitur.

176 1170 239 1211 15.
274 1171 526 1226 Pmyowreus.
599 1169 836 1212 Pessimam
870 1170 973 1212 dicit
1003 1185 1073 1212 eos
1106 1173 1449 1214 consuetudinem
1481 1173 1651 1226 habere,
1695 1175 1767 1230 qui
1798 1165 1898 1218 mo->

61 1243 159 1285 dum
190 1243 234 1284 in
265 1243 543 1285 describendo
574 1243 794 1294 excedunt,
837 1243 997 1286 scilicet
1028 1245 1113 1299 qui,
1154 1245 1301 1287 relicta
1338 1247 1528 1298 materia,
1575 1263 1702 1303 quam
1748 1249 1895 1292 incho-

60 1324 249 1368 auerunt,
293 1324 510 1359 transeunt
540 1318 594 1358 ad
631 1318 734 1359 alias
766 1332 846 1366 res,
885 1318 1200 1373 interponentes
1240 1319 1372 1361 uerba
1409 1328 1589 1377 compta,
1635 1323 1774 1365 sensui
1814 1340 1897 1366 non

59 1398 157 1447 apta
187 1398 413 1447 partesque
443 1391 665 1433 locutionis
695 1406 780 1433 non
812 1398 1102 1447 congruentes.
1164 1394 1378 1450 splendeat.
1439 1394 1626 1437 Placeat.

174 1467 238 1506 16.
271 1467 468 1507 Aclsuz'tur
491 1480 668 1522 pameas.
729 1467 898 1508 Pamzus
929 1465 1086 1508 bonum
1108 1466 1457 1518 additamentum,
1491 1470 1642 1525 etipse
1674 1470 1775 1513 dicit
1793 1487 1896 1529 pur-

52 1554 210 1598 pureus
227 1539 410 1595 quidem.
470 1538 539 1581 De
570 1539 635 1582 his
666 1539 780 1589 dicit,
814 1540 899 1595 qui,
923 1554 1017 1581 cum
1048 1555 1239 1582 seueram
1271 1548 1308 1583 et
1331 1542 1526 1584 subtilem
1557 1544 1778 1587 materiam
1799 1560 1894 1588 coe-

57 1620 209 1669 perunt
230 1613 426 1664 scribere,
457 1612 651 1656 flosculos
672 1613 877 1669 quosdam
897 1613 1180 1670 interponunt.
1243 1614 1362 1658 Ordo
1385 1623 1466 1658 est:
1498 1616 1673 1660 Pannus
1704 1618 1893 1662 adsuitur

58 1688 130 1744 qui
161 1687 390 1743 splendeat,
427 1694 471 1729 ut
500 1688 611 1730 bona
648 1688 701 1730 sit
736 1688 906 1743 quidem
942 1689 1187 1730 oeconomia
1225 1689 1298 1731 sed
1336 1690 1582 1747 incongrua.
1643 1707 1746 1741 cum,
1779 1695 1896 1737 lucus

59 1771 94 1804 et
124 1777 200 1804 ara
234 1763 401 1803 Dianae.
461 1761 650 1817 Zeugma
682 1769 742 1804 est
772 1761 825 1803 ab
856 1762 1146 1805 inferioribus:
1186 1764 1438 1806 describitur.

171 1837 235 1877 17.
270 1851 345 1893 per
387 1851 580 1878 atizoenos.
655 1837 836 1879 Ambitus
870 1842 1129 1894 properantis
1172 1852 1300 1893 aquae
1340 1837 1445 1879 dixit
1484 1838 1635 1881 riuum.
1711 1840 1895 1884 Ambitus

58 1916 198 1952 autem
229 1909 439 1952 circuitus.

172 2084 205 2123 2)
232 2087 263 2114 et
288 2083 316 2113 si
339 2084 429 2113 debet
452 2092 522 2113 esse
547 2086 608 2112 art.
635 2081 713 2121 (om.
728 2082 906 2122 poemata),
932 2086 968 2112 ut
993 2093 1025 2112 n.
1052 2093 1094 2114 m.
1120 2084 1281 2125 ianyantm·
1306 2094 1373 2125 asp.
1400 2086 1477 2116 inm.
1502 2095 1529 2128 γ.
1555 2087 1623 2117 rell.
1656 2087 1886 2127 adiungantur.

58 2151 119 2172 esse
143 2141 246 2172 debent
270 2146 331 2172 art.
358 2151 406 2180 po.
433 2145 468 2171 ut
493 2140 577 2170 mitia
592 2150 652 2170 non
671 2140 756 2170 adiu.
776 2140 816 2170 N.
868 2140 902 2178 6)
931 2140 1143 2170 inducendam
1166 2142 1222 2181 γΧ.
1274 2142 1307 2180 7)
1336 2143 1451 2173 debeat
1464 2144 1502 2172 N.
1528 2143 1614 2174 Med.
1641 2145 1731 2183 iungi
1751 2146 1780 2175 N
1805 2146 1890 2176 Med.

57 2209 141 2230 rvca.
167 2200 249 2229 bene
274 2200 402 2237 incepto
428 2202 571 2237 poemate
596 2208 619 2227 r.
646 2198 726 2227 bene
760 2198 902 2235 incoepto
928 2197 1066 2235 poemati
1091 2197 1138 2228 fh.
1164 2196 1197 2226 in
1223 2201 1332 2234 coepto
1356 2200 1438 2229 bene
1456 2210 1506 2238 po.
1524 2200 1609 2230 Med.
1660 2201 1694 2240 8)
1722 2202 1887 2241 Prosessc's]

58 2257 125 2286 Aut
150 2256 196 2286 fh.
222 2256 309 2286 Hinc
334 2257 451 2285 lemma
475 2254 602 2293 Inceptis
623 2253 768 2293 yrazcc'bus
792 2254 998 2292 amplificaui.
1024 2258 1121 2283 atatem
1145 2263 1229 2284 omn.
1256 2254 1321 2283 fere
1356 2253 1441 2283 libri.
1490 2258 1524 2292 9)
1551 2262 1578 2286 et.
1601 2267 1625 2299 γ.
1653 2259 1722 2289 rell,
1747 2264 1807 2288 aut,
1835 2263 1891 2289 aut

59 2315 204 2353 respexit
240 2323 300 2344 om.
327 2313 366 2342 N.
434 2313 489 2350 10)
517 2311 678 2349 incipiunt
715 2311 855 2340 scribere
879 2310 920 2340 N.
949 2328 989 2331 ψ
1014 2320 1125 2350 masma
1150 2308 1260 2350 (Hor.)
1292 2310 1331 2339 X.
1371 2310 1439 2339 rell.
1477 2312 1627 2348 grandia.
1695 2316 1750 2352 11)
1776 2320 1849 2346 sunt
1874 2326 1890 2357 γ

57 2371 142 2401 Med.
169 2371 208 2400 N.
234 2370 303 2400 rell.
333 2369 409 2399 sint..
463 2369 518 2407 12)
546 2385 585 2388 ν-
613 2372 770 2405 poemate.
796 2367 962 2397 Excessus
988 2367 1045 2396 late
1071 2368 1117 2406 (u.
1147 2367 1214 2406 15.)
1241 2367 1397 2397 Assuitur
1422 2368 1558 2404 pannus'
1584 2371 1643 2398 ete.
1671 2379 1694 2398 r.
1747 2370 1801 2407 13)
1828 2373 1890 2401 Pa-

56 2429 165 2458 timini
191 2437 266 2465 ergo
291 2437 350 2457 om.
376 2425 487 2463 X‚vea.
515 2426 599 2454 dia-it
623 2435 649 2466 γ.
677 2425 755 2454 dicit
780 2434 847 2454 vca.
874 2423 943 2453 rell.
971 2423 1043 2453 dici.
1070 2425 1163 2462 posui
1188 2423 1308 2454 dicitur.
1349 2424 1399 2452 De
1426 2433 1562 2453 excessu
1599 2425 1667 2454 siue
1705 2427 1891 2463 egressione

59 2484 197 2520 Quintil.
222 2483 280 2520 III,
301 2485 330 2513 9.
357 2483 443 2512 Pliu.
471 2482 509 2512 E.
524 2481 580 2518 IX,
597 2482 653 2511 26:
680 2481 748 2510 Iam
773 2482 851 2520 quid
876 2480 1048 2510 audentius
1074 2480 1130 2510 illo
1155 2481 1370 2519 pulcherrimo
1387 2498 1425 2500 fi
1443 2489 1578 2510 excessu
1604 2481 1890 2521 (Demosthenis)‘?

60 2543 115 2580 14)
141 2542 318 2572 Pessimam
346 2558 383 2561 υ
412 2543 627 2578 congruenter
653 2538 894 2577 (congruentes)
921 2547 946 2579 γ.
974 2537 1044 2567 rell.
1071 2547 1130 2567 0111.
1191 2538 1246 2577 17)
1272 2538 1402 2567 Placeat
1427 2537 1491 2580 ‘ffiC-
1518 2538 1587 2568 rell.
1615 2548 1675 2568 om.
1728 2540 1782 2578 18)
1807 2539 1891 2569 Pan-

57 2608 116 2629 nus
142 2616 181 2620 —-
209 2598 338 2637 quidem
363 2607 390 2638 γ.
432 2596 520 2632 Quae
544 2596 630 2626 Med.
656 2595 736 2632 N‚sh
762 2596 901 2625 habent:
930 2595 1128 2633 ‘Pur-pareus.
1154 2594 1278 2624 Bonum
1303 2595 1572 2631 additamentum,
1600 2596 1684 2633 quod
1712 2596 1791 2625 dicit
1816 2605 1890 2633 pur-

59 2657 196 2694 pureus',
222 2655 301 2685 talia
326 2659 402 2684 sunt
426 2655 458 2683 in
484 2655 520 2683 b:
543 2662 723 2692 purpureus.
750 2653 949 2690 Purpureum
974 2662 1115 2690 pannum
1140 2652 1284 2690 appellat.
1311 2652 1516 2690 splendidam
1542 2653 1666 2681 oracius
1692 2653 1891 2690 particulam.

59 2722 153 2751 quam
179 2712 283 2743 solent
309 2714 422 2750 poetae
447 2711 637 2740 interserere
664 2719 721 2740 suo
747 2709 881 2739 carmini
905 2712 941 2738 ut
966 2710 1071 2739 oracio
1098 2709 1298 2747 splendidior
1324 2709 1367 2738 sit
1393 2709 1580 2738 intermissa
1596 2708 1762 2746 paululum
1781 2709 1892 2747 inepta

58 2770 205 2800 materia.
255 2768 348 2804 Quod
373 2769 425 2798 hic
450 2768 669 2806 reprehendit.
697 2770 727 2796 et
755 2769 802 2796 est
828 2766 914 2796 ordo.
942 2775 1066 2804 pannus
1093 2766 1235 2796 assuitur
1266 2765 1319 2804 qui
1355 2766 1420 2795 late
1458 2765 1637 2803 splendeat.
1676 2768 1711 2794 ut
1738 2765 1822 2794 bona
1848 2766 1892 2795 sit

59 2827 188 2865 quidem
213 2826 268 2856 sed
294 2826 480 2864 incongrua.
530 2824 578 2854 De
603 2825 655 2853 his
681 2833 750 2863 erqo
775 2824 827 2862 qui
852 2833 922 2853 eum
947 2832 1089 2853 seueram
1116 2827 1146 2853 et
1170 2822 1328 2852 sublimem
1352 2826 1427 2851 mat.
1455 2831 1579 2860 quoque
1603 2825 1730 2860 querunt
1754 2821 1891 2852 scribere

59 2883 89 2912 fl.
116 2893 167 2922 qu.
193 2884 411 2921 interponant.
437 2882 567 2911 Pannus
593 2890 668 2920 ergo
692 2881 792 2910 bonus
817 2884 865 2910 est
890 2880 1155 2910 additamentum.
1182 2884 1214 2908 ut
1238 2879 1299 2918 [pse
1317 2882 1518 2918 pem-pzwetenn
1562 2878 1661 2908 Aliud
1687 2882 1891 2917 praeceptum

59 2940 152 2970 docet
179 2939 295 2979 (schol.
321 2940 362 2969 ad
387 2949 417 2968 u.
447 2939 511 2977 14).
551 2938 697 2968 adsuitur
721 2937 836 2979 ΚΒφΕ
864 2936 1015 2976 (rasura).
1052 2937 1121 2967 rell.
1158 2946 1218 2966 ass.
1284 2935 1341 2975 20)
1368 2953 1409 2956 -r-
1437 2936 1652 2973 interponunt.
1684 2936 1824 2974 Zeugma
1850 2953 1891 2956 k

60 2997 251 3027 describitur
275 3006 301 3038 γ.
338 2997 478 3034 Zeugma
503 2996 542 3024 ab
568 2994 725 3031 inferiori,
753 3004 812 3024 om.
840 2994 941 3025 deser.
968 2994 1052 3024 Med.
1081 2993 1170 3031 G‚ca.
1197 3002 1300 3022 :cuma
1325 2994 1365 3022 ab
1393 2992 1541 3021 inferiori
1564 2992 1655 3029 N7rv.
1719 2991 1778 3030 22)
1804 2991 1890 3022 Med.

59 3054 172 3084 habet:
199 3052 385 3083 describitur
410 3052 546 3082 subaudi
572 3052 610 3080 ab
636 3051 847 3081 inferioribus.
873 3060 947 3081 vea:
977 3056 1009 3081 et
1034 3061 1090 3081 ara
1115 3050 1309 3080 describitur
1323 3049 1447 3079 Dianae
1472 3048 1584 3087 supple
1610 3050 1649 3079 ab
1676 3049 1890 3079 inferioribus.

61 3110 137 3141 item
161 3110 191 3140 N
217 3110 274 3140 sed.
298 3119 358 3140 om.
386 3109 592 3139 describitur.
624 3111 727 3138 totum
753 3108 853 3138 schol.
880 3108 911 3138 h.
938 3108 958 3138 l.
985 3117 1044 3139 om.
1073 3106 1141 3145 G,r.
1208 3105 1266 3145 23)
1285 3115 1346 3144 per
1370 3115 1428 3136 am.
1465 3105 1563 3136 Riuos
1589 3115 1645 3144 per
1670 3115 1798 3145 campos
1824 3106 1891 3135 dis-

196 3181 357 3206 HAUTHAL,
374 3180 442 3202 ACR.
458 3181 498 3201 ΕΤ
514 3180 627 3201 PORPH.
644 3179 673 3200 11.
1588 3171 1620 3196 37

1948 522 1966 552 5

1927 889 1967 922 10

1926 1258 1963 1290 15
