2148 3412
207 552 224 581 25!

208 915 249 947 10

207 1644 248 1675 20

275 117 326 156 26
911 121 1014 153 Aca.
1040 120 1098 152 ET
1125 118 1290 151 ronrH.
1318 117 1466 150 COMM.

384 251 537 302 sinnam
568 249 684 288 timet.
745 244 932 293 Timens,
967 257 1032 291 ne,
1080 242 1114 283 si
1146 256 1227 283 non
1258 239 1413 281 acriter
1443 239 1632 295 exegerit
1669 253 1830 288 usuras,
1877 252 2017 293 uappa
2049 249 2098 278 ac

274 322 424 363 nebulo
451 320 615 360 dicatur
645 319 669 359 i.
702 318 797 359 uilis
829 332 877 358 ac
908 324 1100 371 nugator,
1134 315 1204 369 qui
1236 327 1382 355 usuras
1413 312 1557 368 exigit.

385 410 433 435 ac
464 393 590 434 nebal.
668 390 805 443 Quem
845 397 1009 445 egestas
1045 387 1189 429 fecerit
1226 385 1550 428 fraudulentum.
1631 385 1855 427 Nebulones
1891 383 2099 434 dicuntur,

274 466 343 521 qui
375 465 521 506 humili
552 478 706 521 genere
737 469 984 510 nascuntur3
1031 461 1141 501 unde
1173 460 1296 500 etiam
1330 457 1496 500 Comici
1527 472 1669 499 seruos
1699 458 1912 499 nebulones
1943 456 2099 498 dicunt.

274 539 434 596 [l'appa
467 554 515 579 ac
544 537 686 579 nebulo
719 536 744 576 i.
777 551 810 577 e.
843 535 938 576 uilis
970 549 1018 575 ac
1049 540 1241 589 nugator,
1275 532 1345 586 qui
1376 546 1524 572 usuras
1555 530 1699 587 exigit,
1732 529 1918 586 dicitur]

386 613 450 652 14.
487 612 638 662 Οιιίηιιε
669 610 733 651 hic
766 625 846 665 cap.
879 623 997 649 merc.
1032 614 1201 649 exsecat.
1276 604 1430 657 Quinis
1462 604 1700 645 centesimis
1729 604 1915 645 foenerat
1947 610 1987 644 et
2017 617 2100 644 ex-

272 694 390 733 secat,
423 692 491 725 aut
523 684 574 724 de
606 691 715 724 sorte
746 681 915 723 deducit
946 679 1133 735 grauiter
1164 678 1370 719 laedendo
1402 677 1625 726 debitores,
1659 684 1730 717 aut
1760 675 1926 731 accipit,
1959 683 2030 717 aut
2058 675 2102 716 in

272 758 416 800 charta
448 764 574 798 notat.

388 832 450 872 15.
483 839 628 886 quanto
654 845 696 885 p.
728 844 760 885 q.
794 844 823 870 e.
897 827 1044 875 Tanto,
1091 824 1239 879 inquit,
1286 822 1555 878 grauioribus
1592 822 1729 863 usuris
1760 830 1905 863 onerat
1941 836 2102 862 unum—
2138 860 2140 862 ,

275 918 482 958 quemque
514 903 738 952 hominem,
772 907 926 956 quanto
958 914 1052 940 eum
1083 897 1235 939 uiderit
1267 896 1561 952 neglegentius
1592 910 1659 937 res
1690 911 1785 938 suas
1815 909 1954 951 agere.

385 985 512 1031 uryet.
571 975 718 1030 Exigit
751 974 974 1029 pecuniam
1005 988 1029 1012 a
1060 970 1261 1012 debitore.

388 1051 450 1090 16.
486 1051 549 1089 17.
582 1050 696 1090 modo
729 1056 885 1103 sumpla
917 1062 955 1087 ιι.
988 1060 1028 1086 ιι.
1106 1043 1175 1100 [Id
1221 1051 1281 1084 est
1326 1043 1517 1097 deposita
1561 1049 1775 1098 praetexta
1820 1041 1877 1098 et]
1926 1041 2103 1097 Sumpta

272 1122 385 1163 uirili
416 1131 525 1178 toga.
592 1123 755 1163 Tirones
785 1128 922 1161 autem
954 1118 1122 1160 uocauit
1152 1117 1453 1166 adulescentes,
1486 1116 1678 1171 deposita
1704 1123 1933 1171 praetexta.
1995 1113 2103 1156 Sen-

274 1210 342 1237 sus
373 1203 534 1236 autem:
567 1193 686 1235 Dicit
716 1208 810 1234 eum
842 1200 925 1232 tam
958 1190 1234 1246 praecipitem
1265 1190 1456 1239 auaritia,
1489 1198 1534 1230 ut
1564 1204 1647 1230 11011
1679 1189 1839 1230 dubitet
1861 1189 1986 1230 etiam
2006 1188 2103 1230 filiis

274 1275 440 1322 patrum
472 1267 654 1308 familias
686 1281 779 1307 cum
811 1265 999 1321 periculo
1031 1263 1229 1320 exigendi
1260 1263 1461 1318 pecunias
1493 1263 1677 1312 credere,
1709 1262 1936 1305 dummodo
1956 1277 2105 1304 usuras

273 1341 490 1396 grauiores
521 1341 694 1395 inponat
727 1340 752 1380 i.
785 1354 818 1380 e.
852 1338 895 1379 id
926 1338 1027 1394 agit,
1059 1345 1102 1378 ut
1135 1337 1345 1378 debitores
1376 1336 1665 1377 adulescentes
1695 1335 1859 1377 habeat.
1919 1335 2002 1377 His
2033 1335 2105 1376 dat

272 1414 475 1468 pecunias
497 1421 673 1463 mutuas,
696 1413 768 1467 qui
792 1419 884 1453 sunt
907 1411 1195 1452 adulescentes
1217 1418 1254 1450 et
1277 1409 1428 1450 uiuunt
1449 1408 1525 1450 sub
1548 1409 1663 1450 duris
1685 1408 1895 1464 patribus3
1927 1409 1971 1449 hi
1992 1408 2105 1450 enim

273 1486 398 1528 etiam
430 1501 523 1527 cum
555 1486 750 1527 maximis
782 1485 918 1526 usuris
950 1483 1151 1539 pecunias
1181 1483 1361 1524 libenter
1391 1483 1616 1537 accipiunt,
1641 1482 1713 1538 qui
1734 1482 1860 1523 etiam
1881 1482 1975 1537 plus
1996 1482 2103 1523 iusto

273 1560 334 1601 illi
364 1567 537 1614 possunt
568 1559 668 1599 dare
701 1558 962 1599 centesimas.
1024 1558 1106 1599 Sub
1139 1558 1253 1598 duris
1285 1564 1436 1606 autem,
1475 1556 1673 1610 quoniam
1704 1571 1788 1597 non
1818 1555 1973 1597 licebat
2001 1555 2103 1597 tiro-

273 1632 396 1673 nibus
427 1632 452 1673 i.
484 1646 518 1673 e.
550 1631 887 1673 adulescentibus
917 1630 1139 1680 foenerari,
1171 1644 1222 1671 ne
1245 1630 1415 1685 prodigi
1446 1636 1596 1680 essent,
1633 1629 1922 1684 promittentes
1953 1629 2104 1671 multas

272 1721 419 1747 usuras
449 1712 621 1760 propter
651 1704 941 1760 accipiendam
974 1703 1208 1759 pecuniam.

387 1780 449 1819 17.
484 1780 548 1820 18.
583 1780 754 1820 maxime
786 1780 871 1833 quis
902 1793 944 1818 n.
974 1778 1007 1817 Ι.
1040 1778 1138 1818 escol.
1213 1775 1524 1831 Interrogatiue
1562 1775 1933 1830 pronuntiandum.
1995 1775 2104 1828 Quis

273 1866 355 1893 non
387 1851 571 1900 miretur,
618 1866 711 1892 cum
743 1850 936 1900 audierit,
984 1850 1095 1904 quod
1127 1850 1311 1904 quinque
1344 1849 1592 1890 centesimas
1630 1849 1775 1904 exigit,
1821 1857 1861 1890 et
1900 1849 2104 1891 exclamet

276 1924 319 1980 [o
351 1927 522 1966 maoez‘me
553 1924 815 1981 Juppiler.']?
877 1923 963 1965 Sed
993 1925 1167 1965 fortasse
1199 1922 1301 1964 dicit
1332 1922 1496 1977 aliquis,
1530 1923 1641 1976 quod
1675 1917 1789 1979 [pro]
1824 1929 1998 1978 quaestu
2029 1938 2103 1966 suo

387 2153 419 2191 1)
446 2152 687 2194 Timensssfs'snisi
704 2163 731 2195 γ.
764 2154 855 2189 posui
880 2161 926 2188 ne,
954 2153 992 2181 si.
1038 2169 1054 2173 -
1073 2161 1136 2181 non
1162 2152 1311 2189 exegerit
1334 2150 1393 2192 «sG.
1413 2151 1526 2180 Totum
1546 2152 1643 2181 schol.
1664 2161 1703 2181 ex
1721 2161 1748 2193 γ.
1769 2152 1864 2191 Vulg.
1888 2153 2002 2182 lectio:
2029 2153 2102 2183 Nisi

272 2209 386 2237 acriter
412 2210 525 2246 exigat
550 2219 674 2237 usuras.
740 2209 775 2246 4)
804 2209 875 2238 neb.
903 2218 1012 2238 seruos
1037 2208 1076 2236 X.
1139 2209 1173 2246 5)
1200 2208 1308 2246 exegit
1333 2207 1371 2236 X.
1398 2208 1503 2237 Verba
1528 2213 1677 2246 corrupta
1702 2210 1794 2238 uncis
1821 2209 1945 2239 inclusa
1972 2211 2003 2239 in
2029 2210 2100 2239 edd.

272 2265 302 2294 h.
330 2265 350 2294 l.
378 2270 451 2294 511111
477 2266 653 2295 conlocata.
681 2266 808 2295 Ineuria
834 2266 1011 2295 scribarum
1037 2266 1146 2294 sedem
1180 2269 1353 2294 mutarunt.
1386 2282 1427 2284 *—
1462 2265 1588 2294 dicatur
1622 2275 1670 2294 va.
1705 2265 1834 2305 (exiyi).
1869 2267 1938 2295 rell.
1974 2267 2101 2296 dicitur.

272 2321 432 2350 debitores
458 2322 577 2360 accipit.
604 2327 660 2351 aut
685 2322 794 2360 accipit
821 2322 898 2360 (sic)
924 2326 980 2351 aut
1006 2323 1037 2351 in
1065 2322 1113 2351 eh.
1139 2326 1231 2350 notat
1256 2331 1283 2363 γ.
1350 2322 1383 2360 7)
1409 2324 1441 2349 ut
1464 2322 1496 2350 in
1530 2322 1642 2350 charta
1673 2325 1755 2350 notet
1784 2322 1874 2352 vafh.
1903 2340 1940 2344 —-
1968 2323 2099 2352 deducit

273 2377 301 2406 in
326 2378 456 2417 sz'nyulos
480 2379 613 2415 menseis,
647 2389 724 2416 quas
751 2383 805 2408 aut
831 2380 960 2417 accipit,
998 2383 1052 2408 aut
1077 2379 1108 2407 in
1133 2377 1239 2408 tabulis
1263 2382 1355 2407 notat.
1382 2377 1416 2407 C.
1444 2377 1613 2415 Perperam
1639 2378 1737 2408 refert
1764 2378 1808 2414 Q:
1848 2379 1902 2409 ‘Ut
1928 2388 1985 2408 nos
2011 2378 2100 2409 Com.

274 2432 383 2471 Cruq.'
412 2452 450 2455 ψ
477 2439 503 2464 et
528 2440 643 2464 execat
668 2439 722 2464 aut
747 2445 773 2476 γ.
802 2436 928 2466 fenorat
955 2437 1031 2475 (sic)
1057 2440 1083 2464 ec
1108 2458 1319 2464 .......
1348 2434 1448 2473 (spat.
1476 2436 1561 2473 nac.)
1598 2440 1650 2464 aut
1674 2436 1713 2465 de
1738 2440 1819 2465 torre
1843 2437 1955 2466 deduc.
1981 2437 2019 2466 X.
2046 2440 2101 2466 aut

273 2490 311 2518 de
336 2494 415 2519 corte
441 2491 512 2520 ded.
539 2501 556 2532 γ
581 2491 634 2529 (de
661 2492 855 2529 gallinarum
881 2493 1031 2522 ouiumue
1056 2496 1141 2521 corte
1167 2502 1192 2521 5.
1220 2493 1349 2522 cohorte
1374 2493 1512 2521 rusticos
1537 2492 1698 2521 debitores
1724 2493 1889 2529 deducere,
1927 2497 1963 2522 ut
1989 2502 2101 2531 pecora

273 2554 314 2574 ex
339 2555 416 2583 agro
442 2547 598 2576 deducere
624 2548 716 2577 Caes,
745 2547 780 2576 Β.
808 2548 846 2577 G.
875 2548 928 2584 VI,
958 2550 1008 2584 10,
1035 2549 1074 2577 ad
1099 2548 1213 2578 foenus
1240 2549 1481 2586 praestandum,
1510 2565 1549 2569 —
1576 2549 1609 2577 in
1636 2553 1775 2578 mentem
1801 2550 1877 2579 mihi
1903 2551 1992 2579 uenit
2016 2551 2100 2587 ideo,

272 2603 355 2639 quod
381 2604 477 2632 uerba
502 2603 650 2632 deducere
674 2604 710 2632 de
735 2604 830 2641 eapite
856 2614 879 2633 s.
908 2604 942 2633 de
967 2609 1045 2633 sorte
1082 2604 1169 2642 (Liu.
1196 2604 1250 2640 VI,
1281 2606 1330 2634 15.
1358 2605 1438 2635 conf.
1465 2604 1531 2634 Cic.
1559 2605 1646 2634 Verr.
1672 2605 1730 2643 ΙΙΙ,
1759 2606 1814 2643 78)
1854 2607 1953 2636 alium
1978 2607 2099 2637 habent

271 2658 481 2688 intellectum.
533 2660 567 2697 9)
594 2659 750 2694 Quantam
774 2660 810 2689 fh
838 2661 869 2689 in
894 2661 978 2697 lem.‚
1006 2666 1124 2698 quanto
1150 2662 1182 2690 in
1207 2661 1284 2690 Hor.
1337 2662 1390 2701 ll)
1417 2671 1433 2702 γ
1458 2662 1554 2690 habet
1582 2662 1713 2699 insuper
1738 2662 1815 2691 haec
1840 2663 1978 2692 scholia:
2003 2668 2099 2703 wyet.

272 2713 347 2741 Plus
373 2715 411 2742 ab
437 2723 473 2743 eo
498 2715 687 2752 accipiendo
713 2721 835 2745 usurat.
864 2717 914 2745 uel
941 2721 1024 2755 nryet
1048 2718 1068 2746 i.
1097 2718 1187 2746 sistit
1213 2718 1252 2746 ad
1291 2718 1429 2747 dandam
1467 2718 1635 2755 pecuniam
1670 2721 1780 2747 mutuo.
1820 2717 1864 2748 C:
1902 2718 2024 2749 insistit
2059 2721 2099 2749 ad

272 2769 408 2798 dandam
434 2772 603 2807 pecuniam
617 2771 754 2810 foenori.
808 2773 861 2811 12)
889 2773 924 2801 Id
952 2778 1000 2802 est
1020 2792 1057 2793 j
1079 2779 1110 2803 et
1136 2774 1181 2803 fh.
1207 2774 1276 2803 rell.
1305 2784 1366 2803 0111.
1393 2774 1428 2803 In
1446 2783 1462 2816 γ
1479 2774 1601 2812 glossa:
1627 2778 1705 2803 ueste
1728 2774 1992 2813 ui1·2·ll.deposita
2010 2785 2099 2814 prae-

272 2830 364 2854 texta
390 2830 418 2856 et
446 2833 572 2865 sumpta
599 2834 684 2865 toga.
713 2829 854 2858 scholion
880 2834 915 2858 ut
941 2840 1046 2868 supra.
1118 2831 1172 2868 16)
1201 2832 1282 2869 inpo.
1309 2841 1335 2872 γ.
1364 2831 1397 2859 id
1423 2835 1469 2860 est
1497 2841 1558 2860 0111.
1582 2840 1609 2872 γ.
1677 2832 1732 2870 18)
1759 2833 1856 2861 etiam
1888 2830 2030 2874 7(G‘?Q).
2057 2850 2099 2853 —

273 2882 344 2918 plus
372 2883 453 2911 iusto
479 2894 560 2912 omn.
588 2885 671 2913 libri.
694 2884 797 2922 plures
823 2886 908 2914 iusto
935 2886 972 2921 Q.
1000 2886 1112 2915 licebat
1137 2886 1241 2926 G(Q).
1274 2888 1344 2916 rell.
1378 2888 1477 2916 liceat.
1526 2888 1583 2925 23)
1611 2888 1785 2916 miraretur
1809 2897 1836 2929 γ.
1862 2888 1987 2927 quinque
2012 2894 2097 2919 cent.

272 2937 491 2978 -sX,va(G‘(Q).
517 2941 667 2979 quandoq.
695 2946 779 2971 cent.
807 2942 851 2970 fh.
870 2959 911 2963 ——
930 2947 958 2971 et
981 2943 1096 2972 elamet
1120 2943 1210 2975 vafh.
1238 2945 1307 2973 rell.
1333 2948 1364 2973 et
1381 2944 1457 2973 eaeel.
1485 2961 1525 2964 m
1552 2947 1582 2972 et
1607 2944 1771 2982 exclamet,
1796 2953 1813 2972 ο
1836 2944 1964 2974 maxime
1987 2945 2100 2985 Iupiter

274 2994 339 3030 CQ.
366 2995 521 3024 Addenda
547 3001 621 3026 sunt
647 2998 775 3027 Horatii
801 3000 915 3028 uerba:
944 2999 1077 3028 Man-ime
1101 3000 1243 3038 Iuppiter.
1299 3001 1356 3040 24)
1383 3000 1468 3038 quod
1491 3004 1617 3038 questus
1642 3009 1713 3029 suos
1738 3009 1770 3029 50
1794 3005 1881 3040 royat
1896 3000 2047 3032 inuictum
2065 3011 2096 3031 v.

273 3052 355 3089 quod
381 3057 516 3089 quaestu
542 3063 598 3083 5110
622 3063 653 3083 se
677 3054 755 3094 reyit
778 3056 810 3084 in
837 3056 919 3084 uictu
944 3064 972 3084 a.
999 3056 1084 3093 quod
1102 3065 1163 3094 pro
1188 3060 1322 3094 quaestu
1348 3066 1403 3087 5110
1427 3057 1524 3097 erz'yal
1547 3058 1580 3086 in
1596 3057 1717 3086 uictum
1734 3056 1781 3087 fh.
1808 3058 1893 3095 quod
1918 3062 2099 3096 quaestuose

272 3112 360 3145 cogat
388 3108 523 3138 inuicuin
540 3109 578 3138 X.
604 3120 632 3147 q.
660 3120 715 3148 pro
741 3121 770 3149 q.
798 3121 823 3141 5.
850 3115 980 3149 errogat
997 3110 1034 3141 G.
1061 3112 1144 3150 quod
1171 3116 1280 3151 questu
1305 3122 1360 3143 suo
1385 3118 1496 3152 erogat
1513 3114 1545 3143 in
1562 3114 1685 3143 uictum
1700 3122 1727 3155 γ.
1746 3122 1886 3152 erogare.
1911 3119 2008 3144 recte.
2029 3124 2096 3145 ero-
