2148 3412
120 955 159 987 10

187 150 270 192 456
822 159 928 190 ACR.
956 158 1014 189 ET
1040 157 1208 190 PORPII.
1234 157 1381 190 COMM.

186 284 275 333 bet:
309 290 370 325 cst
401 289 538 324 autem
570 282 649 322 dea
679 282 817 323 furum
852 280 944 338 [ct].
1007 278 1291 322 Simulacrum
1323 281 1411 322 eius
1447 280 1560 322 fures
1606 280 1759 331 colunt,
1804 287 1874 322 aut
1918 281 2015 336 quia

186 357 361 399 consilia
391 371 466 398 sua
496 356 622 397 tacita
668 355 811 397 uolunt
844 356 874 409 (‚
907 361 978 395 aut
1007 354 1107 408 quia
1138 369 1232 396 cum
1264 353 1428 396 silentio
1460 368 1607 409 preces
1638 354 1728 396 eius
1758 360 2014 396 exercentur.

185 430 314 472 Dicta
344 430 547 471 Lauerna
568 445 591 470 a
613 429 826 482 lauand'o).
886 428 1084 470 Fortasse
1115 427 1228 469 dicta
1259 427 1311 469 sit
1341 443 1365 468 a
1396 429 1589 478 lamando,
1622 443 1721 469 nam
1751 428 1864 469 fures
1896 429 2015 470 laua-

185 513 290 546 tores
322 503 531 545 dicuntur.
1593 500 1595 503 ’

299 578 363 619 62.
395 577 624 632 fraudibus.
683 574 809 617 Meis.

298 653 362 692 64.
396 652 441 692 In
476 653 572 693 triu.
600 652 673 707 fix.
706 665 796 692 cum
826 666 866 691 se
902 651 1067 691 demittit
1104 651 1149 692 ob
1189 665 1328 691 assem.
1404 648 1576 705 [Porro]
1609 648 1694 690 Per
1725 648 2015 704 syllogismum

183 724 393 780 probauit,
427 739 594 766 seruum
627 738 716 766 esse
748 723 948 779 cupidum
980 731 1017 765 et
1050 738 1226 764 auarum
1260 722 1494 780 [captiuum
1524 722 1612 764 uult
1641 722 1792 772 uideri,
1839 722 1910 777 qui
1940 717 2015 777 Pe-

185 798 330 841 cuniae
362 798 578 854 parandae
610 798 816 854 seruit]*).

300 875 365 913 64.
398 874 567 914 dimittit.
626 871 822 913 Inclinat.

302 946 368 988 65.
402 947 466 987 66.
498 960 593 987 nam
624 947 693 1002 qui
721 947 864 1001 cupiet,
898 952 1041 986 metuet
1071 958 1259 1000 ([ιιοᾳιιοεη·Δ
1288 958 1412 1000 porro
1449 944 1530 994 Qui
1557 951 1646 985 met.
1676 944 1799 994 uiuet,
1833 944 1934 985 liber
1964 957 2016 984 m.
2078 937 2081 966 ἶ

183 1035 221 1061 n.
255 1035 284 1061 e.
316 1035 355 1061 u.
419 1017 693 1075 Syllogistica
724 1017 949 1059 conclusio.
1013 1017 1166 1058 Omnis
1187 1017 1312 1067 enim,
1350 1017 1420 1072 qui
1443 1016 1571 1071 cupit,
1594 1024 1816 1071 postquam
1838 1016 2016 1072 adeptus
2139 1007 2141 1026 ³

181 1093 319 1143 fuerit,
350 1092 497 1134 metuit
528 1092 718 1133 amittere
749 1091 864 1133 illud.
926 1090 983 1132 Et
1013 1098 1157 1133 notum
1189 1097 1267 1133 est:
1302 1090 1401 1145 quia
1438 1104 1584 1132 seruus
1613 1089 1743 1142 timet,
1789 1088 1866 1148 [et]
1907 1089 2015 1140 ideo,
2076 1074 2079 1097 Ἰ

183 1167 282 1222 quia
313 1166 443 1216 timet,
476 1181 560 1207 non
593 1172 654 1207 est
684 1164 792 1206 liber
823 1165 896 1207 sed
928 1179 1086 1207 seruus.
2076 1160 2077 1168 ¹

296 1241 362 1282 67.
394 1241 568 1282 mahtais.
628 1238 871 1281 Libertatis.

299 1314 365 1355 68.
397 1314 596 1355 obruitur,
657 1312 916 1368 Occupatur.
978 1311 1120 1353 Ordo:
1151 1311 1195 1353 in
1226 1311 1422 1368 augenda
1452 1326 1509 1353 re.
2074 1358 2075 1361 Ἴ

297 1389 362 1428 72.
392 1388 598 1442 frumenta
622 1401 842 1444 penusque.
910 1387 1016 1442 Very.
1051 1384 1128 1441 (A,
1158 1385 1193 1436 Ι,
1228 1386 1347 1440 704):
1388 1400 1536 1442 penum
1565 1393 1733 1428 struere.
1808 1383 1850 1425 A
1881 1383 2017 1426 nomi·
2072 1400 2075 1444 ξ

182 1460 326 1502 natiuo
359 1461 419 1502 hvic
444 1476 588 1517 penus.

296 1536 361 1576 73.
394 1536 585 1577 Penthea.
649 1533 764 1590 [Hoc
795 1540 974 1576 tractum
1006 1540 1067 1575 est
1098 1533 1149 1574 de
1180 1532 1414 1587 tragoedia,
1451 1532 1496 1573 in
1527 1547 1610 1587 qua
1639 1532 1854 1574 inducitur
1883 1530 2018 1572 Liber

181 1607 311 1649 Pater
341 1623 365 1649 a
386 1607 575 1650 Pentheo
606 1608 743 1650 iussus
773 1607 913 1663 ligari,
946 1615 985 1648 et
1016 1607 1121 1661 ipse,
1152 1613 1197 1647 ut
1227 1620 1270 1647 se
1302 1605 1495 1656 solueret,
1528 1605 1588 1647 sic
1618 1605 1807 1647 Pentheo
1838 1605 2015 1647 dixisse:
2042 1652 2045 1656 ,

183 1680 222 1724 O
255 1681 459 1733 Pentheu‚
493 1682 528 1724 si
558 1696 624 1723 me
656 1681 871 1736 ligaueris,
905 1687 944 1721 te
975 1686 1014 1721 et
1045 1679 1156 1721 bona
1186 1686 1257 1720 tua
1287 1679 1551 1728 subuertam3
1585 1679 1652 1721 cui
1674 1679 1909 1721 Pentheus:
1939 1678 2017 1720 Li-

183 1763 259 1806 cet,
291 1756 439 1810 inquit,
487 1770 609 1797 omne
640 1769 768 1809 pecus
800 1761 838 1795 et
870 1768 959 1795 rem
995 1760 1218 1807 ceteraque
1254 1753 1442 1808 perdam,
1477 1753 1738 1813 conpedibus
1772 1760 1812 1794 te
1846 1752 2016 1802 teneb03
2068 1765 2070 1768 ’

182 1836 222 1870 et
252 1829 351 1882 quia
382 1828 595 1869 Pentheus
626 1827 744 1869 illum
775 1827 938 1883 ligauit,
986 1827 1232 1868 fulminatus
1263 1834 1324 1868 est
1355 1833 1500 1883 postea
1530 1827 1621 1882 ipse
1663 1834 1703 1868 et
1733 1827 1881 1869 domus
1911 1827 2015 1876 eius,

182 1909 224 1941 at
253 1900 387 1942 Liber
417 1900 545 1942 Pater
576 1901 798 1943 incolumis
828 1901 993 1942 mansit.
1066 1899 1194 1953 Quod
1226 1900 1362 1942 simile
1393 1900 1573 1956 sapienti
1603 1900 1695 1943 uiro
1731 1908 1791 1943 est
1822 1908 1861 1942 et
1892 1900 2015 1951 bono,

182 1988 305 2028 quem
336 1989 471 2030 neque
503 1989 646 2017 carcer
676 1989 812 2030 neque
843 1981 979 2016 metus
1014 1973 1160 2016 mortis
1191 1988 1328 2029 neque
1358 1973 1446 2016 ulla
1474 1974 1540 2017 uis
1570 1982 1707 2030 potest
1737 1975 1779 2016 in
1812 1975 2015 2017 seruitute

182 2147 255 2177 dem
280 2148 475 2178 balneatoris
503 2147 584 2186 (Cic.
612 2146 700 2177 Coet.
730 2148 782 2177 26.
810 2147 894 2177 Phil.
920 2146 1008 2184 XIII,
1033 2147 1099 2185 12),
1126 2156 1230 2186 neque
1255 2148 1306 2177 uel
1324 2147 1431 2177 Vossii
1456 2147 1576 2179 leuator
1600 2152 1663 2178 uno
1689 2148 1756 2178 loeo
1781 2148 1924 2178 Petronii
1953 2148 2014 2178 140
2081 2145 2093 2180 ’1

181 2205 260 2234 satis
285 2208 373 2233 tutus
400 2208 465 2241 est;
493 2208 578 2234 certe
603 2204 705 2233 leuare
731 2204 859 2242 quidem
884 2204 1011 2241 tollere,
1036 2204 1184 2241 liberare,
1212 2213 1369 2242 nusquam
1394 2204 1496 2234 furari
1516 2210 1574 2235 est.
1609 2205 1764 2235 Lauernio
1782 2205 1867 2243 apud
1884 2205 2016 2235 Festum
2079 2194 2091 2245 11

180 2261 325 2291 habetur.
352 2261 463 2299 Neque
486 2271 505 2290 a
529 2260 645 2297 lauare,
684 2270 787 2300 neque
813 2270 831 2290 a
854 2260 968 2290 labare.
995 2270 1110 2290 nomen
1135 2261 1314 2299 descendit,
1353 2265 1484 2301 etymon
1509 2262 1599 2292 uocis
1624 2263 1732 2300 potius
1758 2262 1792 2291 in
1818 2261 1949 2292 Graecis
1975 2261 2016 2290 11-
2062 2258 2090 2303 ι1

180 2319 258 2349 teris
285 2319 503 2357 quaerendum
528 2319 669 2355 uidetur,
704 2319 751 2348 ita
775 2322 811 2348 ut
835 2318 979 2347 Lauerna
1006 2314 1112 2359 (λάβω
1139 2336 1179 2339 ἡ·
1205 2315 1300 2362 λάφω
1328 2336 1368 2338 ss—
1394 2314 1520 2358 λάπτω)
1547 2328 1618 2348 cum
1644 2314 1770 2362 Λαφρία
1795 2314 1916 2362 Αθήνη,
1954 2317 2015 2347 Μ1-
2062 2305 2089 2346 ¹l

182 2385 282 2406 nerua
307 2375 508 2413 praedatrice
534 2372 694 2418 (λάφυρον
711 2390 755 2404 Ξ
771 2375 912 2413 praeda)⁷
940 2374 1135 2405 conferenda
1159 2376 1211 2408 sit,
1260 2376 1381 2405 Preller
1405 2375 1543 2415 Mythol.
1569 2375 1658 2406 Rom.
1687 2376 1760 2405 218.
1787 2376 1862 2406 458.
2061 2363 2065 2420 1

297 2432 329 2471 1)
358 2437 389 2462 et
415 2442 475 2462 om.
501 2441 527 2474 γ.
579 2432 612 2469 2)
640 2432 741 2462 tacita
765 2432 879 2462 uolunt
902 2441 928 2474 γ.
954 2432 1026 2461 rell.
1055 2432 1117 2462 uol.
1144 2436 1204 2462 tac.
1237 2451 1268 2453 —
1298 2433 1400 2462 tacita
1425 2433 1511 2462 dicta
1536 2442 1554 2461 a
1579 2432 1725 2462 lauando.
1752 2432 1835 2462 Nam
1851 2441 1882 2462 v.
1909 2431 2014 2461 Verba
2062 2421 2087 2459 11

180 2493 233 2519 aut
254 2489 325 2528 quia
349 2500 373 2519 c.
401 2489 452 2519 sil.
479 2498 524 2527 pr.
550 2488 612 2518 eius
637 2492 812 2518 mercentur
837 2498 896 2518 om.
922 2498 948 2530 γ.
1013 2489 1048 2528 3)
1074 2489 1222 2519 Fortasse
1249 2490 1335 2519 dicta
1361 2490 1403 2519 sit
1429 2499 1447 2519 a
1472 2489 1535 2519 lau.
1562 2498 1588 2531 γ.
1654 2490 1687 2528 5)
1713 2488 1795 2518 Meis
1821 2498 1847 2530 γ.
1865 2488 1933 2518 rell.
1952 2497 2012 2518 om.
2060 2455 2087 2542 11

180 2547 215 2584 G)
240 2545 380 2576 Inclinat
413 2555 439 2587 γ.
466 2546 536 2575 rell.
563 2556 623 2575 0111.
690 2547 723 2584 7)
750 2545 883 2575 dimittit
907 2554 934 2586 γ.
963 2564 1002 2566 ἡ
1029 2546 1128 2575 Porro
1154 2545 1230 2584 (om.
1255 2556 1280 2588 γ.
1308 2547 1339 2575 h.
1366 2547 1403 2583 l.)
1431 2547 1582 2584 pertinet
1608 2546 1648 2575 ad
1674 2546 1788 2575 lemma
1813 2554 1926 2575 uersus
1953 2544 2012 2582 653
2060 2540 2087 2588 μ1

180 2604 215 2632 in
239 2603 331 2632 libris
356 2602 483 2638 vcath
507 2603 547 2631 ad
574 2601 724 2632 Scholion
751 2605 914 2640 sumptum
940 2606 997 2632 est.
1047 2603 1081 2641 8)
1107 2603 1250 2641 probauit
1273 2613 1298 2645 γ.
1326 2603 1395 2633 rell.
1423 2602 1541 2641 probat.
1568 2603 1732 2641 captiuum
1757 2621 1798 2623 —
1825 2602 1924 2632 seruit
1950 2611 2012 2632 om.
2058 2589 2087 2652 11
2123 2605 2148 2635 Γ,

178 2669 206 2702 γ.
233 2660 314 2690 conf.
342 2659 385 2690 C:
414 2662 514 2699 ‘porro
539 2660 590 2699 qui
612 2664 751 2689 mentem.
777 2660 941 2689 conclusio
967 2659 1149 2700 sylloyitiea
1174 2660 1265 2698 (sic).
1295 2678 1334 2680 -—
1361 2659 1493 2690 uendere
1517 2669 1582 2689 cum
1601 2659 1700 2698 possis
1727 2660 1772 2699 (u.
1799 2660 1866 2698 69).
1893 2659 2013 2696 allego·
2076 2656 2086 2694 ἡ

179 2718 269 2747 ricos.
296 2727 370 2747 nam
396 2718 560 2756 captiuum
587 2726 713 2746 seruum
740 2716 831 2746 illum
855 2717 926 2746 uult
950 2717 1075 2754 haberi,
1112 2718 1167 2755 qui
1203 2717 1356 2755 pecuniae
1393 2717 1554 2755 parandae
1590 2726 1715 2755 semper
1752 2716 1863 2747 seruit.
1900 2722 2012 2744 sensus
2075 2718 2086 2745 ο

180 2778 287 2803 autem
313 2774 371 2803 est'
399 2779 458 2804 etc.
508 2774 542 2813 *)
571 2772 651 2803 Cum
676 2783 706 2802 u.
731 2773 824 2803 seruit
848 2774 918 2803 exit
944 2774 977 2803 in
1003 2773 1039 2803 fh
1065 2777 1280 2804 commentum
1296 2773 1436 2803 Acronis
1460 2774 1498 2802 ad
1524 2774 1556 2803 h.
1585 2773 1763 2812 epistulam.
1793 2771 1946 2802 Scholion
1971 2770 2012 2800 ad
2077 2777 2082 2798 ι

179 2839 209 2858 u.
239 2830 299 2858 73:
329 2830 461 2860 Penthea
485 2830 626 2860 Fabricii
646 2830 770 2859 incuria
787 2830 952 2868 sequentis
971 2830 1131 2868 epistulae
1157 2831 1280 2861 scholio
1307 2834 1453 2860 extremo
1479 2831 1668 2860 adiunctum
1694 2834 1753 2859 est.
1780 2828 1850 2859 Hoc
1876 2831 2011 2858 tractum
2071 2835 2081 2855 1

181 2903 190 2905 >
209 2903 220 2905 —
247 2886 382 2916 diuitiae
407 2896 466 2916 om.
494 2885 562 2928 QG.
590 2890 700 2916 exstat
724 2886 756 2916 in
782 2885 987 2929 B<p‚vcath.
1042 2888 1095 2926 11)
1124 2886 1205 2925 Syll.
1231 2887 1330 2916 conel.
1357 2895 1469 2916 seruus
1494 2896 1520 2928 γ.
1546 2887 1616 2915 rell.
1642 2895 1701 2915 om.
1759 2886 1814 2924 14)
1840 2884 1959 2914 Libert.
1984 2892 2011 2925 γ.
2055 2891 2081 2928 ,¹4

182 2941 251 2971 rell.
278 2952 337 2971 om.
389 2944 444 2981 15)
475 2943 594 2981 Occup.
666 2952 698 2972 re
723 2952 749 2983 γ.
776 2942 845 2972 rell.
872 2952 932 2972 om.
984 2944 1039 2980 16)
1066 2943 1165 2980 Verg.
1182 2961 1220 2963 Α
1240 2953 1341 2981 penus
1366 2953 1392 2984 γ.
1419 2943 1489 2972 rell.
1516 2952 1575 2973 om.
1604 2943 1684 2972 conf.
1702 2941 1859 2971 Priscian.
1887 2941 1951 2971 654
1975 2940 2010 2969 P.
2053 2923 2058 2996 1

185 2998 240 3037 19)
267 3008 285 3027 a
309 3008 376 3037 reye
401 3004 509 3037 pentec
529 3000 578 3038 (in
596 3000 674 3030 H01.
694 2999 837 3038 pentheu,
865 3000 898 3028 in
916 3008 1016 3037 marg.
1035 2999 1244 3029 PENTHEV
1267 2999 1303 3037 B,
1332 2999 1508 3029 PENTEV
1532 3001 1581 3041 φ).
1609 3002 1641 3028 et
1666 2999 1733 3036 ipse
1757 2997 1815 3027 sibi
1835 2997 1951 3028 soluere
1975 3006 2011 3026 ac
2053 2988 2058 3028 1

181 3058 297 3092 pentec
322 3054 383 3097 Βφ.
445 3057 501 3095 22)
527 3057 580 3086 sed
604 3057 676 3095 quia
702 3056 764 3100 Βφ.
791 3056 920 3095 ligauit.
942 3060 1046 3094 postea
1070 3056 1158 3086 sulm.
1185 3055 1235 3086 ille
1260 3060 1292 3086 et
1316 3055 1459 3086 dominus
1484 3054 1544 3094 (sic
1568 3054 1677 3093 plene)
1705 3054 1774 3084 eius
1798 3029 2057 3097 Βφ.1ι]εοῖο-1

183 3111 330 3153 11115Γφ.
397 3113 453 3151 23)
480 3114 561 3143 bono
588 3124 681 3153 quem
707 3123 849 3143 carceres
876 3122 978 3152 neque
1004 3123 1043 3143 m.
1070 3123 1110 3143 m.
1136 3113 1275 3152 nullaque
1299 3114 1348 3143 uis
1375 3123 1423 3152 po.
1450 3113 1482 3142 in
1507 3112 1662 3141 seruitute
1690 3114 1750 3141 ret.
1785 3119 1888 3149 neque
1923 3109 2011 3140 etiam
2052 3098 2123 3161 1

187 3167 323 3197 diuitiae
348 3166 421 3197 illae
446 3168 509 3211 Βφ.
2051 3182 2054 3200 ε

2052 3215 2054 3236 ι
