2148 3412
807 167 854 199 IN
881 167 1015 200 sERM.
1042 169 1067 206 1,
1093 173 1125 201 3.
1827 162 1879 202 53

164 290 215 330 Ec
245 291 348 331 male
379 290 503 331 lamus
533 290 583 331 In
607 306 651 346 p.
684 291 781 332 σαῖς.
815 291 959 332 haeret.
1021 292 1128 334 Male
1160 293 1295 343 laoeus,
1337 293 1605 349 [Indecenter
1634 294 1721 350 uel]
1754 295 1878 336 ualde

52 362 183 412 laxus,
228 362 470 404 indecenter
499 363 638 412 laxus3
688 363 793 419 [uel]
826 379 910 405 non
942 365 1043 406 male
1074 366 1209 415 laxus,
1256 367 1330 407 sed
1359 369 1463 409 male
1500 369 1646 415 haeret,
1693 383 1770 422 pro
1800 383 1880 410 non

53 436 198 485 haeret,
230 442 274 476 ut
304 435 377 491 (A.
399 436 469 486 IV,
493 437 557 491 8):
597 436 864 493 [Unam'mam
896 438 1149 494 adloquitur]
1182 439 1285 480 male
1306 455 1405 481 saria
1426 456 1614 483 sororem.
1679 441 1785 498 [Hic
1816 442 1880 482 di-

53 509 162 551 citur
190 509 359 563 pulsare
390 509 644 565 Vergilium,
679 510 750 564 qui
781 510 968 552 indecori
1001 518 1038 552 et
1070 512 1260 566 corporis
1291 520 1331 553 et
1360 513 1527 556 habitus
1555 514 1670 572 fuit]

163 584 230 623 32.
263 583 399 624 honus.
430 582 569 624 Verus
599 583 771 625 amicus.
1930 597 1946 624 5

163 657 228 696 33.
260 671 340 697 non
371 657 479 697 alius
510 671 543 711 q.
603 655 741 697 Docet
771 664 906 711 poeta,
938 673 1022 698 non
1053 673 1142 699 esse
1173 659 1313 699 omnia
1343 660 1636 714 uituperanda.

164 737 206 770 at
235 730 305 770 tibi
332 731 495 770 amicus.
554 728 619 769 Ita
649 730 1005 783 pronuntiandum
1038 731 1237 785 grauiter,
1274 741 1319 773 ut
1349 734 1401 773 sit
1422 734 1581 775 amicus
1602 749 1739 776 uerus.
1799 734 1882 776 His

52 801 254 856 exemplis
285 801 459 857 colligit,
492 802 722 844 amicorum
753 802 870 852 uitia,
932 802 966 844 si
997 803 1080 844 sint
1109 803 1233 853 leuia,
1265 819 1354 846 esse
1384 806 1569 847 ferenda.

164 883 206 915 at
234 876 437 929 inqem‘um
466 877 612 930 myeas.
688 874 823 927 Quasi
853 875 1051 917 Maenius
1081 877 1160 918 hoc
1191 877 1323 918 dicat:
1371 879 1443 919 sed
1488 879 1592 921 haec
1636 881 1679 920 in
1725 880 1882 922 inculto

53 962 225 1002 corpore
257 948 444 990 celantur
455 965 464 997 3
497 948 595 1003 quia
624 964 708 990 non
738 949 861 990 facile
893 949 1044 1003 probat
1074 950 1240 1005 aliquis,
1287 951 1518 1006 sapientem
1550 968 1639 994 esse
1671 968 1779 1004 eum,
1812 954 1884 1008 qui
1910 968 1951 999 JO

53 1020 161 1062 male
191 1021 378 1062 uestitur.

164 1095 229 1135 34.
262 1096 367 1137 latet.
425 1095 475 1136 Id
508 1102 581 1146 est,
615 1096 785 1137 celatur.

164 1169 229 1210 35.
262 1177 296 1209 te
325 1169 456 1224 ipsam
488 1178 661 1210 concute.
735 1169 913 1219 Excute,
960 1171 1193 1221 considera,
1240 1172 1467 1228 diligenter
1511 1174 1697 1228 exquire.
1768 1174 1883 1231 [Hoc

53 1240 249 1282 Maenius
280 1241 538 1298 respondet]
598 1241 695 1283 Hoc
725 1242 898 1284 Maenio
929 1245 1218 1298 respondetur.

164 1329 262 1356 num
291 1330 370 1371 qua
402 1323 425 1356 l.
457 1318 527 1357 uit.
557 1317 680 1357 insen.
712 1317 805 1357 olim
835 1317 1011 1359 Natura.
1072 1316 1291 1372 Numquid
1322 1319 1464 1373 aliqua
1495 1320 1693 1361 uitiorum
1733 1329 1884 1362 natura
1912 1335 1947 1365 1Γ

0 1419 1 1437 3
54 1387 178 1429 insita
207 1388 346 1438 fuerit,
377 1395 422 1429 ut
453 1387 527 1443 (A.
558 1388 615 1439 ΙΙ,
649 1391 715 1444 8);
748 1391 828 1430 iam
859 1405 942 1431 nox
972 1391 1138 1431 humida
1171 1392 1281 1433 caelo
1305 1394 1556 1449 praecipitat.

167 1461 377 1503 Inseaerc't.
437 1461 886 1517 Ingenue1·it,fecerit.

0 1530 3 1593 l
167 1536 233 1577 36.
264 1543 336 1577 aut
365 1538 484 1577 etiam
515 1551 546 1577 e.
578 1550 628 1583 m.
700 1535 813 1577 Mire
844 1536 927 1577 duo
959 1536 1086 1585 dixit3
1133 1537 1237 1578 uitia
1267 1539 1379 1579 enim
1419 1547 1489 1580 aut
1526 1548 1767 1591 nascuntur,
1814 1549 1885 1582 aut

0 1596 3 1659 ἔ
54 1608 165 1650 mala
194 1608 493 1650 consuetudine
524 1609 756 1650 trahuntur.
818 1608 1029 1660 Ostendit,
1061 1624 1112 1650 ex
1134 1611 1435 1652 consuetudine
1456 1613 1574 1654 nasci
1595 1614 1724 1655 multa
1755 1615 1866 1655 mala
1875 1629 1886 1663 3

55 1698 152 1724 nam
183 1682 217 1724 si
248 1683 352 1739 (te‘?)
388 1683 640 1739 neglexeris,
686 1682 860 1724 uitiosus
906 1683 1096 1732 efficeris,
1144 1684 1499 1738 quemadmodum
1543 1687 1736 1742 neglecto
1781 1702 1885 1743 agro
1913 1702 1954 1733 20

56 1756 201 1812 spinae
232 1756 495 1813 nascuntur[‚
527 1757 585 1797 ita
614 1755 929 1811 indisciplinato
959 1756 1064 1798 uitia
1093 1758 1382 1815 generantur]

169 1831 235 1871 37.
268 1832 388 1872 Filioe.
449 1829 597 1871 Herba
618 1830 896 1871 incommoda.

0 1676 4 1724 1

1 1727 5 1764 l

1 1770 6 1798 ι

3 1812 6 1878 l

4 1899 7 1948 ἶ
169 1904 236 1945 38.
266 1903 366 1945 illuc
390 1911 714 1959 praeuertamus.
773 1901 847 1944 Ad
877 1904 1070 1958 exempla
1099 1904 1171 1945 illa
1201 1912 1473 1947 transeamus.
1533 1907 1621 1948 Aut
1652 1908 1886 1958 redeamus,

2 1967 9 2026 j
58 1982 129 2017 aut
157 1976 390 2026 ueniamus,
422 1991 499 2031 pro
530 1983 804 2026 transeamus,
837 1977 943 2018 sicut
973 1974 1046 2031 (A.
1078 1976 1113 2027 I,
1144 1978 1267 2033 317):
1313 1980 1596 2035 volucremque
1625 1982 1726 2035 fuya
1754 1997 1887 2037 prae—

5 2026 10 2130 ξ
58 2053 234 2092 uertitur
264 2051 455 2092 Hebrum.

172 2125 238 2166 38.
268 2132 486 2166 amatorem
517 2124 622 2181 qaod
653 2125 815 2165 amicae.
875 2122 974 2165 Hoc
995 2129 1069 2173 est,
1101 2124 1213 2178 quod
1235 2124 1356 2166 dicit:
1387 2140 1472 2166 non
1502 2126 1704 2168 debemus
1734 2127 1891 2169 offendi

60 2198 175 2240 uitiis
205 2198 449 2248 amicorum,
492 2197 566 2239 sed
595 2211 670 2239 nos
700 2197 804 2238 uitia
835 2211 977 2239 eorum
1010 2196 1157 2238 saltem
1190 2197 1369 2240 tolerare
1399 2198 1613 2240 debemus.
1673 2200 1891 2242 Debemus

180 2378 212 2416 1)
238 2377 324 2407 Male
349 2377 417 2406 lax.
444 2376 634 2406 Indecenter
659 2377 765 2405 laxus.
794 2376 845 2404 his
872 2376 1031 2413 exemplis
1057 2385 1130 2404 mva
1156 2375 1230 2414 (om.
1249 2377 1300 2406 uel
1322 2394 1354 2396 —
1371 2377 1495 2416 uerus).
1522 2377 1690 2407 Fabricius
1709 2378 1776 2417 (fh)
1794 2380 1893 2409 habet

65 2435 165 2464 uerba
189 2434 314 2463 inclusa
340 2437 371 2462 et
397 2433 425 2468 Q
449 2433 546 2464 dicit:
574 2432 781 2470 ‘Scripturam
813 2432 906 2461 Fabr.
932 2432 1087 2461 intactam
1112 2432 1227 2471 reliqui
1253 2435 1401 2471 quamuis
1427 2435 1509 2463 male
1528 2444 1649 2463 sanam.
1676 2434 1804 2469 Quanto
1829 2445 1893 2464 me-

65 2491 146 2521 liora
170 2490 256 2520 infra
280 2490 396 2528 Porph.
424 2490 557 2519 exhibet
584 2494 615 2519 et
639 2488 879 2519 concinnioral’
906 2489 1066 2527 Equidem
1091 2489 1221 2526 longius
1248 2490 1363 2519 lemma
1389 2491 1580 2528 interposui,
1618 2495 1713 2529 atque
1739 2500 1797 2528 ope
1823 2492 1892 2521 cod.

66 2557 83 2588 γ
106 2551 208 2578 totum
233 2547 334 2577 schol.
362 2551 428 2576 tam
452 2547 617 2576 turbatum
642 2547 706 2575 iam
724 2547 769 2576 ita
798 2546 1010 2575 constitutum
1037 2545 1177 2580 uidetur,
1203 2549 1239 2575 ut
1257 2548 1438 2576 sententiae
1457 2548 1632 2585 simplices,
1659 2548 1699 2576 ad
1716 2557 1782 2577 rem
1800 2552 1894 2585 aptae

68 2608 162 2643 atque
187 2605 361 2635 concinnae
387 2604 463 2633 sint.
512 2603 547 2642 3)
574 2602 678 2632 Unan.
705 2603 810 2640 adloq.
839 2612 898 2631 om.
924 2612 950 2643 γ.
976 2602 1155 2631 unanimem
1179 2600 1250 2639 th‚
1281 2607 1316 2632 ut
1333 2602 1449 2632 Medic.
1476 2604 1596 2641 aliique
1614 2604 1689 2632 libri
1708 2604 1803 2642 Verg.
1824 2604 1894 2633 rell.

67 2661 270 2691 Unanimam.
296 2661 475 2698 Utrumque
492 2661 669 2697 dicebatur,
696 2662 778 2689 teste
804 2658 927 2688 Seruio.
954 2676 995 2678 —
1020 2658 1083 2687 Hic
1109 2675 1150 2678 -
1175 2658 1237 2688 fuit
1263 2658 1391 2700 ο111.γΟ.
1440 2660 1475 2698 5)
1499 2659 1601 2689 Verus
1628 2661 1749 2689 amicus
1773 2670 1800 2702 γ.
1825 2661 1895 2690 rell.

69 2727 130 2747 om.
179 2719 213 2757 7)
239 2717 300 2747 His
317 2735 354 2738 —
371 2716 504 2747 ferenda
529 2727 589 2746 om.
617 2715 654 2746 G.
705 2716 740 2754 8)
767 2716 832 2744 sint
859 2715 943 2744 leuia
967 2714 1088 2743 mvafh.
1108 2714 1194 2743 leuia
1220 2716 1285 2744 sint.
1302 2720 1380 2745 mut.
1399 2715 1436 2750 Q.
1486 2715 1520 2753 9)
1547 2715 1622 2744 dicit
1645 2725 1670 2756 γ.
1722 2716 1778 2754 12)
1806 2717 1826 2745 i.
1847 2726 1895 2745 ce-

70 2774 154 2803 latur
178 2783 204 2815 γ.
230 2774 299 2804 rell.
325 2784 386 2804 om.
453 2774 507 2811 13)
533 2773 627 2802 Prius
653 2772 751 2801 schol.
778 2781 837 2801 om.
865 2770 902 2800 Gr.
929 2771 997 2799 Hoc
1021 2770 1125 2799 Maen.
1152 2781 1233 2809 resp.
1259 2782 1319 2801 om.
1344 2771 1409 2813 γ,Ο.
1439 2771 1508 2801 Hoc
1532 2771 1656 2801 Moenio
1680 2773 1897 2809 respondetur

71 2839 98 2871 γ.
123 2831 192 2859 rell.
219 2840 278 2860 om.
330 2830 385 2867 15)
413 2830 470 2859 uit.
497 2834 564 2859 nat.
590 2838 606 2869 γ
632 2829 700 2857 rell.
727 2832 792 2857 nat.
820 2828 878 2857 uit.
931 2827 985 2865 16)
1013 2828 1118 2857 amida
1142 2827 1248 2865 Ribb.‚
1274 2833 1311 2858 ut
1329 2828 1439 2857 Ambr.
1468 2828 1561 2857 Bern.
1582 2827 1610 2856 A
1640 2828 1680 2856 ad
1698 2828 1774 2857 Hor.
1794 2829 1896 2866 Epod.

71 2886 143 2924 XII,
173 2888 222 2916 10.
249 2887 376 2916 humida
402 2886 475 2915 Aer.
504 2886 586 2914 libri.
640 2885 696 2923 17)
722 2885 922 2922 Ingenuerit⁷
950 2883 1008 2913 fec.
1034 2893 1061 2925 γ.
1086 2884 1156 2913 rell.
1177 2894 1235 2913 om.
1290 2885 1345 2922 18)
1372 2884 1453 2913 Mire
1479 2885 1556 2913 haec
1582 2884 1644 2913 duo
1670 2885 1841 2913 coniunxit
1861 2884 1896 2913 C.

73 2942 250 2972 ——z'nnasc.
277 2942 314 2971 C.
368 2942 422 2980 19)
450 2942 591 2971 conti-ali.
619 2940 652 2970 C.
694 2959 713 2960 w
735 2940 804 2970 Ost.
832 2950 873 2969 ex
899 2949 985 2969 cons.
1012 2949 1038 2981 γ.
1066 2940 1133 2968 rell.
1161 2941 1213 2969 Ex
1231 2950 1318 2969 cons.
1338 2945 1397 2970 ost.
1423 2939 1465 2969 C:
1492 2949 1533 2968 ex
1560 2950 1647 2969 cons.
1675 2945 1779 2970 autem
1805 2941 1898 2970 nobis

21 3021 25 3055 1
75 3000 175 3029 multa
200 3001 311 3029 insunt
335 3000 433 3035 uitia3
471 3009 543 3028 narn
569 2999 595 3027 si
628 2998 812 3035 neglexeris
838 3003 872 3033 te,
910 2997 1032 3026 w'tc'osas
1062 2996 1214 3035 efficieris,
1253 2996 1516 3035 quemadmodum
1543 3014 1583 3016 —
1610 2996 1828 3025 innascuntur.
1856 3014 1897 3017 —*

22 3058 27 3138 1
75 3056 134 3085 uit.
161 3056 298 3085 efficeris
322 3066 349 3097 γ.
414 3055 471 3094 21)
500 3056 545 3084 ita
571 3055 636 3083 ind.
662 3055 719 3083 uit.
746 3063 818 3092 gen.
846 3063 907 3083 om.
933 3053 988 3095 TC.
1017 3054 1061 3082 ita
1087 3053 1116 3081 [n
1142 3053 1256 3082 indisc.
1283 3063 1333 3081 va.
1360 3053 1393 3081 in
1420 3063 1479 3082 om.
1505 3052 1582 3088 th.
1645 3052 1702 3090 22)
1730 3053 1830 3081 schol.
1855 3061 1897 3080 ex

24 3144 27 3152 .
76 3120 93 3153 γ
116 3111 226 3142 Ambr.
251 3113 319 3141 rell.
346 3122 406 3141 om.
439 3111 547 3140 Herba
571 3110 682 3139 inutilis
715 3114 741 3139 et
772 3111 918 3140 incomm.
946 3109 971 3138 C
1047 3107 1104 3147 23)
1131 3108 1180 3137 Ad
1215 3118 1340 3146 exemp.
1373 3109 1405 3137 il.
1438 3112 1640 3138 transeamus
1671 3118 1696 3150 γ.
1730 3109 1800 3137 rell.
1836 3118 1897 3139 om.

23 3153 28 3224 1
77 3166 155 3199 Illuc
177 3168 344 3200 redeamus
371 3172 401 3198 et
425 3168 514 3207 prius
538 3167 692 3198 dicamus.
719 3167 794 3197 illuc
819 3166 996 3203 ueniamus,
1022 3165 1062 3195 ad
1089 3164 1237 3204 exempla
1263 3164 1397 3195 scilicet.
1425 3164 1490 3195 tale
1515 3168 1562 3194 est
1590 3164 1684 3194 illud:
1712 3164 1833 3194 uolucr.
1861 3162 1897 3193 C.

25 3226 28 3254 Ι

26 3257 31 3412 l
