2148 3412
219 161 242 198 (ἲ
856 166 960 199 ACR.
988 167 1047 198 ΕΤ
1073 164 1238 197 PORPH.
1265 163 1414 195 COMM.

217 295 320 336 haec
359 307 624 342 enumerare,
671 292 795 332 homo
837 290 1030 345 garrulus
1067 287 1243 328 nimium
1285 285 1497 341 fatigetur.
1556 283 1657 325 Fuit
1699 292 1840 325 tamen
1882 283 2042 326 Fabius

216 382 342 422 eques
374 367 588 408 Romanus
624 364 927 413 Narbonensis,
975 362 1045 417 qui
1090 361 1252 415 aliquos
1296 358 1426 400 libros
1468 358 1725 413 pertinentes
1763 358 1816 398 ad
1856 355 2042 399 Stoicam

217 440 524 496 philosophiam
563 437 823 492 conscripsit.
883 436 967 477 Hic
1009 441 1147 476 autem
1184 432 1344 473 Fabius
1373 431 1659 486 Pompeianas
1697 438 1838 486 partes
1878 438 2043 473 secutus

218 513 317 569 [est]
351 528 443 554 cum
475 512 654 554 Horatio
686 512 736 551 de
769 508 1005 564 disciplinis
1036 521 1161 562 saepe
1193 504 1426 554 contendit3
1458 504 1553 546 ideo
1584 505 1643 546 ait
1673 505 1886 561 loquacem.

149 596 166 625 5
329 588 392 627 14.
424 587 484 629 Ne
516 595 549 627 te
580 599 724 626 morer.
785 582 949 638 Magna
979 580 1184 622 breuitate
1215 578 1399 621 occurrit
1428 585 1624 633 quattuor
1653 578 1859 633 personis,
1904 584 1950 619 ut
1978 577 2043 618 in-

215 659 403 714 tellegas,
436 674 517 713 quo
548 658 653 699 uelis
684 656 794 697 trahi
825 670 958 711 posse.

328 734 391 774 15.
422 733 531 781 audi,
555 747 630 787 quo
653 746 736 772 rem
759 731 967 771 deducam.
1029 725 1172 779 Quid?
1202 725 1298 767 uolo
1330 724 1484 776 dicere,
1519 725 1618 780 quia
1648 739 1793 767 omnes
1815 731 2045 780 queruntur

213 806 265 847 de
297 804 628 861 professionibus
659 804 757 853 suis,
791 810 830 844 et
860 816 982 843 nemo
1013 800 1103 841 uult
1133 814 1203 841 eas
1235 799 1442 842 deserere.

327 880 391 920 16.
424 880 495 935 qui
522 879 637 920 modo
669 879 790 919 miles.
851 875 985 917 Deest
1016 888 1116 916 eras.

151 960 186 991 10
326 954 389 994 19.
423 954 507 994 licet
537 969 568 993 e.
601 953 733 993 beatis.
780 949 916 992 Vobis
938 948 1120 998 mutatis,
1143 947 1303 989 scilicet
1322 945 1657 1002 professionibus
1677 945 1841 988 uestris.

326 1028 504 1067 20*22.
536 1026 632 1081 quid
663 1040 808 1067 causae
840 1033 896 1065 est
925 1037 1022 1064 mer.
1053 1023 1150 1078 quin
1171 1022 1212 1063 il.
1233 1022 1419 1078 Juppz'ter
1441 1022 1578 1063 ambas
1598 1021 1732 1062 Iratos
1755 1021 1900 1062 buccas
1925 1019 2045 1075 inflet

213 1097 310 1151 Qua
340 1114 466 1141 causa
495 1098 696 1154 Juppiter
725 1112 808 1139 non
840 1097 929 1137 iure
960 1095 1076 1136 inflet
1105 1102 1250 1136 contra
1281 1109 1351 1136 eos
1381 1094 1536 1136 buccas
1569 1093 1702 1151 [suas]
1735 1093 1762 1134 i.
1783 1108 1817 1134 e.
1839 1092 2046 1134 irascatur

211 1180 249 1213 et
281 1180 455 1228 exspuat
490 1173 533 1213 in
569 1172 697 1213 facies
729 1186 872 1212 eorum
904 1176 944 1210 et
973 1168 1202 1224 promittat,
1235 1183 1278 1210 se
1308 1167 1484 1224 posthac
1513 1182 1662 1223 preces
1692 1182 1838 1209 eorum
1864 1181 1949 1208 non
1969 1161 2045 1207 ad-

209 1246 460 1287 missurum?
522 1244 663 1301 [Ordo
695 1251 773 1285 est:
809 1242 926 1295 Quid
956 1256 1107 1284 causae
1139 1251 1212 1291 est,
1247 1241 1349 1296 quin
1379 1241 1582 1297 <Iuppiter
1611 1241 1761 1283 merito
1792 1241 1924 1282 iratus
1955 1255 2044 1281 am-

146 1331 184 1362 15
210 1318 285 1360 bas
315 1318 469 1360 buccas
500 1318 614 1359 inflet
634 1317 729 1367 illis,
760 1317 827 1358 uel
850 1316 951 1372 quid
973 1329 1124 1357 causae
1145 1323 1219 1366 est,
1253 1315 1355 1370 quin
1375 1314 1576 1370 Juppiter
1596 1314 1745 1356 merito
1766 1314 1897 1356 iratus
1919 1313 2044 1364 dicat,

210 1407 345 1447 neque
366 1392 451 1432 iani
472 1392 560 1433 fore
592 1406 634 1432 se
665 1390 831 1432 facilem
864 1389 1052 1445 posthac,
1084 1396 1130 1430 ut
1160 1388 1364 1444 praebeat
1385 1402 1530 1429 aurem
1557 1387 1729 1445 uotis?].
1789 1389 1951 1430 Buccas
1980 1389 2043 1429 in-

206 1466 281 1520 flet.
341 1465 522 1521 Propter
553 1465 835 1515 iracundiam,
875 1463 988 1518 quod
1019 1469 1079 1504 est
1115 1462 1422 1518 indignationis
1462 1461 1644 1518 signum.
1704 1464 1810 1504 uotis
1841 1470 1886 1504 ut
1907 1477 1976 1518 pr.
2007 1477 2043 1502 α.

210 1538 271 1581 Ut
300 1539 498 1594 precibus
528 1539 696 1580 illorum
727 1537 958 1594 propitium
990 1551 1033 1578 se
1064 1542 1258 1592 praestet.

325 1614 389 1654 23.
419 1621 624 1669 praeterea
645 1627 684 1652 u.
708 1629 737 1653 s.
774 1627 813 1653 u.
852 1627 885 1667 q.
921 1612 945 1651 ἰζ
987 1624 1020 1651 r.
1079 1608 1144 1651 Ne
1165 1609 1521 1665 quemadmodum
1553 1609 1626 1664 qui
1655 1608 1860 1651 iocularia
1890 1616 2043 1659 narrat,

144 1698 184 1730 20
210 1685 352 1727 ridens
382 1686 603 1741 percurrit,
636 1692 676 1726 et
706 1699 785 1740 ego
817 1683 960 1725 ridens
990 1698 1249 1738 percurram,
1283 1683 1395 1738 quod
1427 1683 1568 1738 coepi:
1605 1683 1736 1739 [audi‚
1769 1697 1852 1738 qua
1882 1682 2044 1724 ratione

209 1759 341 1814 coepi.
403 1758 522 1800 Ordo
553 1765 633 1800 est:
680 1758 907 1799 Praeterea
945 1772 998 1799 ne
1036 1757 1097 1799 sic
1135 1772 1394 1813 percurram,
1441 1765 1487 1798 ut.
1532 1757 1604 1812 qui
1649 1756 1792 1798 ridens
1837 1756 2045 1812 percurrit

208 1832 422 1883 iocularia,
455 1848 709 1887 quamquam
733 1831 833 1887 quid
855 1838 966 1873 uetat
988 1845 1136 1872 uerum
1158 1831 1298 1872 dicere
1320 1830 1552 1871 ridentem?
1589 1831 1856 1887 Quamquam.
1890 1829 2042 1886 Deest]

209 1905 317 1955 audi,
365 1906 463 1960 quia
493 1906 698 1948 rationem
730 1906 836 1961 cepi.
898 1903 1058 1946 Sensus
1089 1911 1169 1946 est:
1217 1918 1471 1959 quamquam
1506 1902 1704 1960 [laetitia]
1737 1903 1792 1944 ad
1822 1904 2043 1946 ueritatem

326 2098 358 2134 1)
384 2096 579 2135 defatigetur
605 2097 640 2126 (J.
675 2114 710 2116 —
737 2100 834 2125 tamen
858 2104 918 2125 oni.
945 2094 994 2125 fh.
1021 2093 1095 2123 Fuit
1119 2097 1216 2122 atatem
1241 2103 1266 2122 c.
1292 2110 1333 2113 w*
1348 2092 1481 2132 fabium.
1501 2092 1623 2123 fabium
1640 2092 1802 2123 marimum
1818 2097 2044 2123 commemorat

211 2152 442 2182 narbonensem
468 2154 521 2190 qui
548 2153 756 2189 pompeianas
782 2156 890 2189 partes
916 2155 1043 2180 secutus
1061 2150 1178 2187 aliquot
1195 2150 1293 2179 libros
1311 2150 1351 2179 ad
1368 2151 1501 2180 stoicam
1522 2150 1600 2190 (sic)
1620 2151 1820 2188 pertinentes
1838 2150 2043 2188 conscripsit,

207 2213 316 2245 utpote
330 2207 583 2246 facundissimus.
611 2206 644 2236 Si
664 2208 768 2246 inquit
785 2208 891 2236 onmia
917 2216 1034 2244 genera
1059 2207 1225 2236 hominum
1251 2216 1469 2237 enumerarem
1495 2209 1548 2246 qui
1576 2209 1645 2246 plus
1664 2208 1796 2237 laudant
1819 2208 1925 2237 aliena
1943 2207 2044 2237 offitia

209 2273 301 2301 quam
328 2274 393 2293 sua.
422 2274 483 2294 non
509 2265 612 2294 solum
638 2265 700 2293 alio
725 2265 953 2294 lassitudinem
978 2263 1131 2293 inferrem
1157 2264 1213 2293 sed
1240 2265 1335 2294 etiam
1360 2264 1488 2294 fabium.
1552 2263 1587 2303 2)
1613 2274 1630 2306 γ
1654 2265 1723 2294 bis:
1765 2266 1791 2293 1.
1817 2264 1893 2302 aliq.
1920 2264 1976 2293 lib.
2003 2264 2044 2293 ad

208 2324 266 2349 sto.
293 2321 370 2357 phil.
397 2322 596 2359 pertinentes
624 2344 630 2349 .
658 2344 663 2350 .
692 2322 720 2350 2.
748 2326 873 2350 secutus
898 2321 975 2359 aliq.
1002 2322 1058 2350 lib.
1084 2320 1206 2359 scripsit
1230 2321 1270 2350 ad
1302 2322 1435 2351 stoicam
1469 2321 1543 2360 (oni.
1575 2321 1654 2359 phil.
1680 2326 1716 2351 ut
1740 2321 1808 2364 Βφ)
1840 2321 2042 2359 pertinentes

210 2381 239 2405 et
265 2387 335 2406 cum
360 2400 365 2406 .
395 2390 419 2413 ,ς
446 2379 625 2415 conscripsit
651 2387 769 2416 magna
797 2379 843 2407 br.
870 2383 929 2407 etc.
990 2378 1025 2416 4)
1053 2387 1291 2415 nonnumquam
1318 2379 1356 2408 de
1383 2383 1472 2408 secta
1497 2379 1596 2408 stoica
1621 2388 1690 2407 cum
1717 2378 1853 2408 Horatio
1879 2377 2044 2408 contendit

209 2432 332 2462 acriter.
360 2433 394 2463 C.
419 2444 485 2473 ymo
510 2436 556 2464 ait
579 2434 618 2464 X.
684 2435 718 2473 6)
746 2445 805 2473 quo
830 2434 904 2463 uelis
928 2434 1012 2464 trahi
1037 2443 1064 2476 γ.
1092 2434 1176 2463 trahi
1203 2435 1317 2472 quouis
1344 2434 1390 2464 fh.
1417 2436 1486 2464 rell.
1514 2436 1626 2474 quouis
1653 2440 1691 2465 tr.
1720 2453 1756 2455 Μ
1786 2435 1917 2464 Lemma
1942 2435 2042 2464 inter-

208 2491 299 2526 posui
327 2489 350 2519 C
377 2491 437 2520 hoe
462 2492 556 2521 schol.
585 2492 634 2520 ad.
660 2501 689 2521 u.
720 2493 757 2520 19
786 2492 904 2529 posuit,
931 2491 1014 2529 quod
1040 2491 1207 2529 ignorasse
1232 2492 1362 2520 uidetur
1381 2491 1408 2526 Q
1427 2492 1552 2522 dicens:
1578 2493 1694 2532 Alagma
1720 2496 1779 2522 etc.
1807 2492 1969 2530 pertinere
1986 2501 2042 2529 po-

208 2546 273 2575 tius
299 2548 426 2576 uidetur
451 2549 491 2577 ad
516 2549 612 2577 uerba
638 2548 727 2586 Atqui
750 2548 817 2577 licet
840 2557 901 2576 esse
926 2547 1017 2576 beatis
1041 2557 1070 2576 u.
1102 2549 1150 2576 19.
1218 2548 1250 2586 7)
1281 2548 1361 2581 Quid
1381 2548 1449 2577 uolo
1474 2549 1560 2580 libri.
1587 2548 1671 2585 Quid
1695 2548 1785 2577 uelim
1810 2547 1848 2582 Q.
1914 2548 1949 2587 8)
1976 2548 2042 2577 suis

209 2612 268 2631 om.
293 2612 319 2643 γ.
384 2605 417 2641 9)
444 2614 473 2632 u.
504 2606 554 2633 16.
581 2604 652 2634 eris.
678 2614 734 2642 pro
759 2609 827 2634 esto
852 2614 877 2646 γ.
904 2614 933 2633 u.
964 2605 1015 2633 17.
1041 2603 1200 2633 consultus.
1228 2614 1253 2633 s.
1282 2605 1345 2634 eris
1377 2614 1403 2646 γ.
1429 2605 1568 2634 rusticus.
1601 2614 1623 2634 s.
1657 2606 1710 2642 qui
1743 2614 1776 2633 es
1805 2613 1832 2646 γ.
1858 2614 1888 2633 u.
1918 2605 1967 2633 18.
1995 2603 2042 2633 eia

207 2658 362 2689 hortando
389 2660 466 2689 dicit
492 2665 527 2689 ut
553 2661 651 2691 mittet
679 2660 812 2698 (mutent
838 2660 906 2703 Βφ)
938 2660 1054 2690 officia.
1123 2660 1177 2699 10)
1204 2661 1302 2690 Vobis
1327 2671 1344 2703 γ
1368 2662 1436 2691 rell.
1470 2671 1530 2691 om.
1557 2680 1597 2683 V
1624 2660 1877 2699 professionibus
1908 2670 1934 2702 γ.
1967 2669 2042 2689 con-

208 2715 385 2744 ditionibus
411 2715 490 2751 th.
517 2717 615 2746 schol.
644 2727 703 2747 om.
723 2716 923 2753 XG‚Cinvca.
950 2717 1023 2756 quid
1045 2726 1139 2747 causa
1164 2721 1192 2746 et
1214 2727 1270 2755 pro
1297 2727 1395 2756 qnare
1418 2728 1484 2748 ¹non
1509 2728 1535 2760 γ.
1560 2718 1640 2757 quin.
1666 2723 1702 2747 ut
1726 2727 1788 2747 non
1813 2727 1839 2759 γ.
1893 2717 1948 2756 12)
1975 2726 2040 2747 non

207 2772 273 2800 iure
297 2780 322 2813 γ.
350 2773 418 2801 rell.
447 2774 512 2801 iure
539 2783 610 2803 non.
643 2792 679 2794 —
708 2784 780 2803 suas
806 2785 866 2804 om.
891 2784 916 2816 γ.
945 2778 1017 2812 post
1041 2783 1112 2803 suas
1143 2774 1179 2803 fh
1212 2775 1242 2803 h.
1277 2776 1296 2803 l.
1330 2776 1465 2813 interpo.
1499 2775 1578 2813 quod
1601 2779 1643 2803 est
1665 2774 1878 2814 imlcynate'om's
1910 2773 2039 2813 siquam,

210 2837 288 2865 quae
313 2829 410 2857 uerba
435 2839 451 2869 γ
477 2835 637 2868 tamquam
664 2836 845 2868 separatam
872 2832 1011 2868 glossam
1041 2831 1081 2860 ad
1114 2831 1222 2860 buccas
1254 2831 1336 2868 ἰφῃίθί
1364 2833 1470 2861 habet.
1502 2832 1578 2860 uide
1610 2831 1705 2860 infra.
1772 2831 1827 2869 13)
1855 2840 1887 2859 se
1913 2839 1974 2860 om.
2000 2830 2038 2858 X.

214 2885 266 2922 14)
295 2883 380 2913 Ordo
408 2902 445 2905 -—
472 2887 553 2915 uotis
580 2897 639 2916 om.
665 2896 691 2928 γ.
760 2888 814 2925 16)
839 2887 902 2916 iam
928 2888 1013 2917 libri.
1039 2891 1099 2916 tam
1123 2887 1202 2917 Hor.
1230 2892 1262 2916 et
1286 2888 1313 2923 Q
1337 2889 1434 2917 tacite
1460 2897 1521 2917 rec.
1555 2897 1597 2917 ex
1622 2887 1655 2916 C.
1688 2887 1731 2916 ita
1763 2887 2038 2925 subintellegitur.

213 2941 267 2977 17)
295 2941 369 2968 uotis
393 2942 479 2970 libri.
507 2942 605 2979 (uotis
631 2943 651 2972 i.
679 2953 704 2972 e.
731 2944 876 2980 precibus
904 2945 1031 2974 illorum
1056 2944 1095 2982 C)
1131 2945 1321 2974 rectissime.
1355 2945 1475 2974 uocibus
1505 2945 1603 2974 tacite
1638 2950 1668 2974 et
1700 2948 1818 2973 temere
1851 2945 1965 2973 incute.
1999 2942 2037 2978 Q.

209 2996 323 3026 Preces
351 3003 379 3026 et
406 3003 480 3027 uota
505 3004 639 3036 possunt
664 3001 792 3037 glossae
817 3010 940 3038 uocum,
966 3011 1027 3031 non
1052 3012 1148 3031 uoces
1173 3011 1243 3031 esse
1269 3006 1415 3031 uotorum
1442 3011 1466 3031 s.
1494 3011 1630 3039 precum.
1657 3019 1697 3021 m*
1724 3001 1857 3038 Propter
1875 3001 1950 3029 irae.
1977 3009 2038 3029 om.

208 3062 233 3094 γ.
260 3059 388 3090 propter
413 3064 472 3083 om.
499 3054 538 3086 X.
566 3074 571 3075 ν
596 3074 604 3075 ff
633 3056 827 3094 indignantis
844 3056 881 3087 C.
931 3058 983 3087 20»
1001 3057 1079 3097 ζ22)
1105 3059 1180 3087 audi
1199 3076 1240 3078 -—
1265 3058 1367 3088 Deest
1392 3068 1454 3088 om.
1479 3057 1536 3100 γΧ.
1586 3057 1643 3095 21)
1672 3061 1719 3086 est
1743 3067 1804 3086 om.
1829 3067 1860 3086 v.
1911 3056 1968 3095 22)
1994 3055 2039 3085 νὶ-

209 3109 280 3139 dens
306 3111 323 3138 i.
350 3112 506 3147 percurrit
530 3112 638 3141 ridens
662 3122 688 3155 γ.
754 3114 810 3152 23)
836 3115 989 3144 rationem
1013 3115 1086 3153 X,v.
1113 3115 1181 3145 rell.
1208 3116 1339 3144 ratione.
1365 3115 1431 3153 cepi
1455 3114 1485 3143 X
1509 3123 1565 3152 pro
1588 3114 1676 3152 uulg.
1707 3114 1781 3144 lect.
1813 3114 1907 3151 coepi.
1941 3116 2037 3143 recte.

210 3166 289 3196 conf.
315 3166 443 3197 Terent.
470 3167 586 3198 Heaut.
613 3168 650 3203 V,
678 3170 706 3200 2.
740 3171 786 3199 11.
815 3189 819 3190 ν
848 3189 854 3191 -
880 3171 1008 3201 laetitia
1035 3182 1095 3202 0111.
1122 3181 1138 3191 ·'

1127 3195 1147 3214 ⁴·
1174 3173 1257 3202 risus
1283 3181 1308 3213 't'-
1336 3171 1405 3201 rell.
1431 3182 1492 3202 om.
1520 3171 1633 3201 abesse
1658 3170 1698 3199 X.
