2148 3412
782 115 831 147 IN
857 115 965 148 ΛΒΤ.
989 115 1122 147 roET.
1790 104 1871 144 575

160 241 212 292 [J
229 235 485 279 Terminatis
503 238 830 295 (superioribus)
847 238 968 281 libris
988 238 1091 280 IIII.
1119 239 1352 281 Car-minum
1369 237 1589 294 conposuit
1604 238 1728 280 istum
1750 237 1874 293 quin-

45 319 132 355 tum
154 311 206 353 de
229 312 324 354 Arte
341 312 499 367 poetica
530 310 584 352 ad
605 310 805 354 Pisonem
836 313 1047 367 quendam
1078 318 1258 368 poetam,
1290 313 1334 354 in
1365 328 1447 368 quo
1477 312 1581 354 uitia
1611 311 1874 367 superstitio-

46 401 185 429 sorum
215 390 435 441 poetarum
468 385 656 427 cauenda
687 400 776 427 esse
807 387 937 435 docet,
984 386 1056 441 qui
1086 387 1277 428 ordinem
1309 393 1349 428 et
1393 385 1689 428 similitudines
1733 400 1875 427 rerum

46 459 151 515 (suis
182 458 324 515 dictis)
355 473 441 500 non
463 465 632 500 seruant
662 459 867 514 simulque
895 467 1122 516 praecepta
1137 462 1317 517 poetriae
1338 460 1499 510 tribuit,
1530 459 1682 515 quibus
1701 465 1875 514 possunt

45 532 194 575 instrui
226 531 401 574 studiosi
432 532 588 587 quique
618 540 851 588 poetarum.
924 533 1053 575 Unde
1083 534 1127 574 in
1158 534 1391 589 primordio
1436 534 1551 584 dicit,
1597 533 1875 575 deridendum

46 621 154 656 eum,
201 606 274 661 qui
303 605 355 647 de
385 620 469 647 una
498 620 543 647 re
575 605 792 662 disputare
823 606 1025 649 inchoans
1056 607 1344 649 diuersitatem
1374 607 1647 649 materiarum
1677 606 1877 662 conponit

45 679 209 721 dicens:
244 676 377 729 Sicut,
409 678 555 734 inquit,
587 679 735 735 pictor,
769 680 803 721 si
834 680 1006 723 humano
1039 682 1163 737 capiti
1182 682 1377 723 ceruicem
1398 684 1580 738 equinam
1600 680 1775 729 dederit,
1807 696 1876 722 su—

45 752 253 810 periorem
284 752 483 794 uidelicet
512 759 677 808 partem
707 754 893 796 mulieris
922 755 1124 809 formosae
1157 754 1340 810 speciem
1385 754 1611 796 habentem
1659 753 1873 810 [eamque]

45 826 196 883 pennis
227 826 491 868 decorauerit
521 833 561 868 et
590 826 634 867 in
665 827 824 882 piscem
855 828 1048 870 desinere
1078 828 1236 878 fecerit,
1269 827 1542 878 deridebitur,
1586 828 1645 869 ita
1674 834 1810 882 poeta,
1843 827 1877 868 si

0 907 1 932 ἶ
45 900 155 943 ultra
182 900 354 942 modum
384 900 604 942 materiam
634 901 859 956 sumpserit
889 908 929 942 et
958 901 1241 943 inordinatam
1263 915 1388 943 sensu
1410 901 1749 957 conpilatamque
1778 915 1874 943 uer-

49 974 127 1024 bis,
157 980 340 1016 meretur
371 974 556 1016 derideri
587 980 711 1030 atque
744 975 996 1030 contempni.
1031 981 1082 1029 Q

157 1047 227 1089 De
260 1047 558 1103 inaequalitate
589 1048 729 1104 operis
759 1049 956 1104 loquitur,
999 1056 1037 1091 et
1069 1050 1139 1090 dat
1184 1055 1412 1105 praecepta
1456 1048 1669 1091 scribendi
1713 1063 1876 1104 poema.

45 1121 104 1164 Et
132 1121 316 1178 primum
345 1128 620 1178 praeceptum
650 1129 712 1164 est
742 1123 794 1164 de
825 1123 1100 1179 dispositione
1122 1129 1162 1165 et
1183 1123 1476 1165 conuenientia
1499 1123 1708 1165 carminis.
1728 1122 1742 1178 Η
1761 1120 1878 1164 Scri-

46 1196 107 1238 bit
138 1202 276 1238 autem
306 1196 361 1237 ad
391 1195 582 1247 Pisones,
627 1196 741 1239 uiros
769 1197 934 1239 nobiles
965 1204 1006 1238 et
1035 1197 1226 1248 disertos,
1273 1197 1326 1238 ad
1357 1202 1521 1252 patrem
1552 1203 1592 1238 et
1620 1195 1766 1245 filium,
1811 1195 1880 1237 uel

46 1275 91 1312 ut
109 1267 200 1311 Alii
232 1269 389 1320 dicunt,
421 1269 475 1311 ad
505 1270 669 1313 fratres.
688 1296 739 1300 -e
763 1271 893 1327 Capiti
919 1277 1058 1313 autem
1079 1297 1132 1300 -—

162 1345 283 1385 1-3.
317 1344 440 1385 Hum.
473 1345 598 1400 capiti
626 1359 733 1386 ceru-
763 1347 894 1401 pictor
926 1360 980 1402 eq.
1016 1345 1192 1400 Iunqere
1215 1369 1265 1374 —-
1288 1344 1487 1385 membris.
1551 1343 1729 1399 [autem]
1765 1341 1880 1384 Con-

47 1425 169 1474 parat
198 1431 362 1473 poema,
395 1417 507 1472 quod
539 1417 628 1459 sine
659 1418 905 1460 oeconomia
951 1418 1004 1459 sit
1048 1419 1239 1473 picturae
1284 1417 1490 1459 eiusmodi
1538 1415 1727 1474 [simile]
1775 1431 1882 1471 quae

47 1491 200 1534 habeat
237 1491 446 1533 ceruicem
478 1491 675 1547 equinam
708 1507 802 1533 cum
832 1494 968 1535 forma
1011 1492 1196 1533 humana
1242 1498 1282 1533 et
1326 1491 1591 1533 diuersorum
1637 1490 1881 1531 animalium

48 1566 239 1608 membra
261 1571 301 1606 et
330 1565 496 1620 pinnas,
529 1580 636 1619 quae
667 1581 847 1621 persona
878 1566 1042 1608 desinat
1072 1566 1116 1607 in
1147 1566 1319 1621 piscem.

162 1642 199 1681 2.
231 1648 267 1681 et
297 1654 387 1682 aar.
419 1640 608 1682 inducere
633 1640 808 1696 plumas.
883 1640 936 1681 Id
973 1647 1046 1692 est,
1087 1640 1291 1696 inponere
1328 1639 1481 1695 pinnas
1510 1638 1641 1680 uariis
1672 1637 1882 1680 coloribus

51 1713 262 1771 [naturae]
294 1713 478 1762 floridas,
514 1713 584 1756 uel
614 1715 757 1756 uarias
787 1715 978 1757 inducere
1001 1715 1179 1771 plumas,
1217 1714 1262 1755 id
1292 1721 1366 1765 est,
1407 1712 1587 1771 [uarios]
1620 1712 1882 1756 diuersarum

50 1788 190 1830 auium
220 1787 394 1830 colores.

166 1939 199 1978 1)
227 1939 296 1969 Hoc
321 1939 467 1969 scholion
492 1938 659 1978 quadratis
686 1939 851 1978 signatum
876 1939 958 1977 petii
985 1948 1026 1969 cx
1050 1938 1134 1982 Btpb.
1160 1939 1235 1969 uide
1260 1938 1406 1969 inferius.
1434 1939 1651 1978 superioribus
1677 1939 1739 1982 Βφ.
1767 1949 1828 1969 om.
1854 1940 1884 1969 b.

51 1996 154 2027 Term-
181 1996 254 2026 IIII.
281 2006 375 2026 carm.
403 1996 496 2026 libris
522 1997 551 2026 b.
602 1996 636 2034 2)
664 1996 703 2025 ad
729 1996 846 2035 quend.
873 1997 933 2034 pis.
959 2006 1008 2034 po.
1035 1997 1065 2025 b.
1115 1997 1149 2035 4)
1176 1998 1243 2026 suis
1269 1996 1367 2026 dictis
1393 1996 1455 2039 Βφ.
1482 2006 1542 2026 om.
1568 1997 1599 2026 b.
1651 1996 1685 2035 5)
1711 1997 1828 2025 instrui
1854 1997 1883 2025 b.

5 2069 7 2096 3
52 2054 181 2083 instrui.
208 2062 292 2091 poss.
319 2053 404 2084 Mon.
432 2052 558 2083 institui
584 2052 647 2095 Βφ.
675 2053 758 2083 stud.
785 2062 875 2091 queq.
900 2054 931 2082 b.
982 2051 1017 2091 6)
1043 2054 1195 2091 compilat
1214 2053 1274 2096 Βφ.
1302 2052 1423 2091 coponz't
1447 2054 1530 2083 sicut
1557 2054 1701 2092 inquiens
1724 2053 1829 2091 pictor
1854 2053 1884 2082 b.

6 2104 7 2107 ¹
53 2120 136 2141 mon.
202 2111 236 2150 7)
263 2111 371 2140 dicens
397 2110 488 2141 Sicut
514 2111 621 2149 inquit
645 2111 709 2153 Βφ.
774 2110 809 2149 8)
838 2121 907 2148 sup.
935 2120 984 2148 pa.
1011 2110 1077 2139 uid.
1115 2110 1203 2139 Mon.
1230 2127 1271 2130 ⁴—
1298 2119 1432 2148 eumque
1467 2110 1527 2152 Βφ.
1555 2120 1614 2139 om.
1642 2111 1670 2139 b.
1697 2109 1783 2139 Mon.
1850 2111 1884 2148 9)

52 2169 162 2208 pennis
187 2169 271 2211 Bab.
333 2168 390 2207 12)
417 2169 437 2198 b
462 2169 582 2207 pergit.
609 2168 658 2198 De
684 2169 770 2207 ineq.
798 2178 847 2206 op.
877 2168 940 2206 loq.
982 2172 1024 2198 et.
1065 2168 1120 2198 dat
1155 2170 1328 2206 praecepta
1355 2167 1441 2206 (rell.
1466 2170 1594 2205 praeter
1620 2166 1645 2197 C
1671 2166 1884 2205 praeceptum)

7 2231 9 2244 ¹
52 2243 93 2248 ——
119 2226 160 2256 ad
184 2227 301 2256 fratres
327 2235 389 2256 om.
415 2225 478 2267 Βφ.
505 2223 530 2254 C
555 2225 601 2254 sic
626 2225 758 2263 incipit:
784 2224 855 2264 ,1192'15
878 2224 917 2254 de
942 2224 1048 2263 operis
1074 2224 1304 2262 inaequalitate
1329 2224 1448 2262 datque
1473 2226 1652 2262 praecepta.
1718 2224 1774 2262 13)
1802 2224 1887 2261 prius

7 2305 10 2331 ἶ
53 2282 206 2321 XNG‚rv.
232 2283 362 2321 primum
386 2283 436 2324 rb,
470 2281 556 2311 Med.
583 2281 678 2317 ath.
705 2299 746 2301 ζ
774 2282 990 2320 disputatione
1013 2282 1043 2311 b.
1111 2282 1167 2320 14)
1192 2281 1306 2311 scribit
1330 2285 1383 2310 aut
1405 2281 1435 2310 b.
1464 2298 1503 2302 —-
1529 2281 1623 2310 filium
1647 2280 1768 2322 ·sb‚afh.
1807 2281 1887 2310 filios

9 2365 11 2368 .
52 2341 82 2371 N
105 2340 191 2370 Med.
216 2339 419 2379 XG(Q).rvc.
487 2337 544 2378 15)
570 2339 646 2368 libri
684 2339 820 2368 habent:
858 2339 985 2369 fratres.
1025 2338 1121 2378 Capiti
1144 2341 1253 2375 aulem,
1289 2338 1387 2368 uerba
1412 2337 1441 2373 Q
1466 2338 1624 2367 additicia
1649 2340 1752 2375 putat.
1793 2336 1890 2376 Capiti

53 2398 159 2437 potius
194 2397 393 2435 principium
418 2396 578 2426 lemmatis
605 2399 670 2433 est,
709 2396 792 2434 quod
818 2396 1023 2433 amplificaui.
1073 2395 1248 2426 Caeterum
1284 2398 1387 2434 patet,
1424 2395 1504 2424 hanc
1541 2394 1655 2424 scholii
1691 2398 1816 2432 partem
1851 2398 1888 2423 ut

8 2461 12 2498 g
52 2455 191 2493 priorem
228 2463 297 2484 esse
334 2456 516 2491 corruptam
553 2457 649 2491 atque
687 2462 722 2482 eo
759 2453 856 2481 etiam
895 2456 1094 2491 suspectam,
1127 2453 1221 2492 quod,
1259 2453 1328 2490 ipso
1365 2455 1555 2490 argumento
1593 2451 1733 2488 sublato,
1770 2451 1888 2481 notitia

8 2506 12 2538 ἕ
53 2512 92 2542 de
115 2512 288 2542 Pisonibus
327 2515 358 2540 et
395 2519 523 2540 sensum
561 2514 593 2539 et
629 2510 871 2548 expositionem
908 2510 1125 2548 interrumpit.
1175 2509 1388 2545 Quamobrem
1424 2508 1575 2546 praemisi
1612 2512 1707 2537 uetus
1744 2508 1887 2537 scholion

54 2577 95 2598 ex
120 2568 173 2611 Βφ
200 2572 231 2598 et
256 2568 276 2597 b
302 2568 448 2606 petitum,
485 2567 582 2596 ualde
608 2567 737 2605 quidem
763 2567 927 2604 dubitans,
964 2570 1072 2597 utrum
1108 2567 1226 2597 Acroni
1263 2566 1472 2596 tribuendum
1510 2566 1553 2594 sit
1589 2574 1701 2601 necne,
1739 2565 1887 2603 quamuis

10 2622 14 2668 ξ
53 2626 73 2655 b
109 2625 269 2663 adiungat
314 2624 459 2654 scholion
500 2623 729 2654 Acronianum.
799 2623 924 2654 Similia
960 2623 1111 2662 leguntur
1149 2625 1182 2653 in
1217 2623 1404 2653 Monacensi
1430 2622 1540 2651 codice
1577 2622 1659 2651 375:
1697 2621 1811 2651 ‘Istum
1848 2622 1888 2650 li-

54 2683 145 2713 brum
182 2683 220 2711 de
256 2685 325 2711 arte
358 2681 485 2719 poetica
523 2681 563 2710 ad
601 2681 761 2720 quendam
797 2681 942 2718 pisonem
979 2681 1167 2718 composuit.
1216 2680 1253 2710 In
1278 2690 1339 2719 quo
1364 2680 1445 2710 uitia
1470 2697 1511 2700 ›ff-
1538 2679 1676 2708 derideri
1703 2678 1779 2715 (om.
1814 2688 1888 2707 con-

55 2739 203 2778 tempni).
244 2739 375 2768 Initium
417 2748 459 2768 ex
498 2738 591 2768 Bern.
636 2735 716 2767 327»)
756 2739 922 2767 exscribo:
975 2737 1119 2767 ‘Pisones
1156 2742 1248 2776 pater
1291 2742 1317 2767 et
1354 2736 1412 2774 filii
1446 2736 1641 2765 nobilissimi
1678 2736 1802 2764 romani
1839 2745 1888 2764 co-

11 2793 16 2841 J
55 2797 232 2826 mediarum
257 2796 431 2833 scriptores
457 2805 527 2825 cum
553 2795 702 2825 uiderent
727 2795 886 2825 comedias
912 2795 1086 2825 multorum
1112 2795 1303 2833 reprehendi
1330 2798 1359 2823 et
1397 2793 1581 2830 contempni
1607 2802 1625 2821 a
1660 2792 1800 2822 romanis
1836 2792 1889 2821 uel

12 2863 17 2874 =·
55 2857 182 2891 propter
207 2853 239 2882 in
258 2857 402 2883 ornatam
419 2853 587 2882 materiam
612 2852 664 2881 uel
690 2855 820 2890 propter
847 2852 1061 2889 proprietates
1086 2861 1293 2889 personarum
1319 2859 1384 2880 nou
1408 2850 1489 2879 bene
1514 2853 1659 2878 seruatas
1684 2849 1735 2878 uel
1761 2852 1889 2886 propter

15 2916 17 2938 Ξ
56 2910 151 2939 aliam
177 2919 305 2940 causam
328 2910 433 2939 malae
458 2909 701 2947 compositionis
728 2909 790 2938 sibi
816 2912 928 2938 cuntes
956 2909 992 2947 (l.
1019 2908 1199 2946 timentes),
1227 2916 1266 2936 ne
1292 2908 1495 2936 incurrerent
1521 2906 1650 2943 aliquod
1689 2905 1815 2934 illorum
1840 2906 1888 2935 ui-

12 2960 16 2966 *
56 2966 182 3003 tiorum,
207 2969 402 3005 rogauerunt
427 2967 577 3004 cratium,
603 2969 640 2995 ut
664 2965 785 2995 faceret
810 2967 856 2995 eis
882 2966 1023 3004 aliquem
1047 2968 1219 2995 tractatum
1258 2964 1296 2993 de
1333 2963 1584 3000 proprietatibus
1622 2966 1653 2992 et
1688 2966 1804 2992 natura
1838 2972 1889 2991 co-

16 3010 17 3014 *
56 3024 241 3052 mediarum.
269 3022 338 3058 Qua
363 3023 503 3061 propter'
532 3026 591 3052 etc.
651 3022 707 3061 20)
734 3023 771 3052 Id
796 3026 846 3052 est
870 3024 918 3064 *fb-
945 3023 1016 3052 rell.
1044 3031 1104 3052 om.
1133 3023 1219 3059 inpo.
1239 3029 1358 3058 pennas
1382 3020 1430 3060 Tb.
1449 3019 1517 3048 rell.
1544 3019 1619 3057 imp.
1645 3019 1780 3057 plumas.
1831 3020 1888 3058 21)

18 3065 19 3069 Ἰ
56 3082 186 3108 naturas
210 3089 236 3121 γ.
264 3083 399 3110 naturae
424 3080 455 3109 h.
483 3089 541 3109 om.
568 3080 598 3108 b.
626 3080 696 3108 rell.
722 3082 850 3109 natura.
879 3097 917 3100 Μ
944 3080 1060 3109 lemma
1085 3082 1186 3116 repet.
1211 3078 1260 3118 ⁴4²1).
1288 3077 1393 3106 uarios
1419 3086 1480 3105 om.
1506 3077 1556 3117 rb.
1582 3075 1667 3106 conf.
1684 3075 1726 3106 C:
1748 3075 1891 3114 penicillo

19 3123 21 3125 ‚
59 3134 222 3176 adiunyere
246 3136 371 3174 plumas
396 3146 465 3169 uar.
494 3137 554 3167 col.
581 3135 668 3175 quasi
714 3140 829 3166 natura
855 3136 985 3166 floridas
1010 3136 1062 3166 uel
1087 3135 1194 3165 uarias
1220 3135 1241 3164 i.
1267 3134 1333 3164 diu.
1359 3142 1409 3164 au.
1438 3132 1569 3163 colores.

1903 908 1944 943 10

1906 1277 1947 1309 15

1908 1647 1950 1679 20
