2148 3412
120 966 160 997 10

117 1707 123 1715 ·
184 1692 465 1734 amicitiarum
499 1691 761 1748 [significat]

183 162 266 203 490
825 169 928 203 Aca.
954 171 1014 202 ET
1039 169 1206 202 PORPH.
1232 169 1380 202 COMM.

185 295 324 336 citiam
356 293 499 335 diuitis
529 294 581 344 ei,
628 293 700 348 qui
731 307 814 335 non
846 293 898 335 sit
929 299 1146 348 expertus3
1193 298 1403 334 caeterum
1434 306 1479 333 rc
1509 292 1602 347 ipsa
1631 291 1799 347 plenam
1834 305 1923 333 esse
1953 291 2005 332 ti-

184 368 311 410 moris
343 375 382 408 ct
412 366 640 409 molestiae.

297 442 361 483 87.
393 442 488 483 dum
525 449 594 482 tua
631 442 749 482 nauis
793 442 834 482 in
872 441 951 482 alto
988 448 1055 482 est.
1135 439 1244 481 Cum
1289 452 1537 494 prosperum
1585 453 1752 480 cursum
1798 437 2007 479 amicitiae

183 524 321 564 tenes3
353 520 393 556 et
423 521 485 555 est
514 521 659 569 tropus
690 513 907 569 allegoria.

297 589 362 630 88.
394 603 442 630 oze
463 596 630 629 mutata..
689 587 741 628 Id
772 594 852 629 est:
888 586 953 628 Nc
984 587 1037 629 ob
1069 586 1253 641 aliquam
1284 585 1556 627 offensionem
1587 585 1788 626 merearis
1820 584 2006 634 excludi;

183 676 290 703 aura
319 661 388 702 uel
418 661 555 702 tenuis
585 674 634 702 ac
664 659 770 702 leuis
800 660 937 715 culpa.

297 735 362 776 89.
398 735 581 777 Oderunt
611 734 778 776 hilarem
810 736 950 776 tristes.
1010 732 1098 774 Hic
1127 732 1320 782 ostendit,
1352 731 1531 773 similem
1562 732 1768 774 similibus
1798 731 2010 773 delectari.

298 809 363 849 92.
399 808 579 850 Oderunt
592 816 787 864 porrecta
808 816 1028 862 nequiit-em.
1089 805 1176 847 Hic
1206 805 1399 856 ostendit,
1437 806 1540 861 quid
1570 806 1623 848 sit
1651 806 1756 848 leuis
1786 821 1901 855 aura,
1931 805 2010 846 hoc

184 888 259 932 est,
304 895 437 936 parua
473 896 613 932 causa,
660 897 734 923 cur
771 881 865 935 quis
905 896 988 923 non
1034 887 1206 922 ametur.
1281 880 1435 922 Pocula
1479 888 1686 935 negantem
1729 894 1811 921 non
1856 884 2011 929 amant,

186 954 351 996 etiamsi
382 962 426 996 tu
456 955 612 997 malam
642 955 928 997 ualetudinem
959 954 1155 996 ostendas
1185 953 1239 995 ad
1269 954 1581 995 excusationem
1612 968 1696 995 non
1725 952 1912 994 bibendi.

296 1038 503 1084 neqsmtem
530 1044 617 1085 poc.
648 1030 846 1086 quamuis
906 1027 1050 1069 Etiam
1080 1034 1235 1068 metum
1268 1027 1487 1084 (uomitus)
1520 1035 1772 1069 causantem.

297 1104 363 1144 94.
396 1106 514 1144 Deme
533 1103 742 1159 supercilio
763 1103 916 1144 nubem.
977 1100 1042 1142 Ne
1072 1108 1124 1151 te,
1158 1101 1306 1156 inquit,
1338 1101 1498 1142 tristem
1529 1100 1746 1156 praebeas,
1779 1107 1850 1142 aut
1881 1100 2006 1142 nimis

185 1190 399 1225 seuerum3
431 1191 529 1217 nam
560 1182 735 1231 propter
764 1175 843 1217 hoc
875 1176 1023 1230 (hanc)
1055 1175 1174 1216 multi
1205 1175 1347 1216 odium
1379 1181 1687 1216 contraxerunt.

293 1250 529 1306 plerumque
560 1250 771 1292 modestus.
831 1248 965 1291 Deest
996 1250 1126 1299 etiam,
1159 1255 1204 1290 ut
1234 1249 1304 1290 sit:
1337 1254 1455 1291 etiam
1486 1250 1696 1291 modestus.

298 1324 361 1365 95.
397 1324 582 1379 Occupat
610 1324 773 1365 obscuri
799 1328 978 1380 speciem.
1046 1321 1090 1363 A
1135 1323 1353 1378 superiore
1397 1323 1562 1378 pendet.
1634 1321 1707 1363 An
1753 1336 1829 1378 per
1859 1336 1902 1363 se
1946 1321 2011 1362 in-

183 1396 467 1452 tellegendum
499 1404 578 1438 est:
610 1396 694 1439 nen
726 1412 814 1439 csse
846 1397 945 1439 satis
977 1397 1157 1438 bonum?
1189 1412 1242 1437 an
1274 1396 1334 1438 sic
1365 1397 1616 1451 accipimus:
1653 1396 1771 1437 itate
1792 1410 2010 1451 conpares,

184 1478 242 1521 ut,
274 1470 409 1526 qualis
439 1485 495 1521 es,
527 1471 622 1512 talis
653 1471 929 1512 existimeris?

297 1545 362 1586 96.
397 1546 508 1586 Inter
530 1553 674 1587 cimela
697 1545 798 1601 leqes
821 1554 855 1586 et
868 1553 1048 1601 percont.
1070 1545 1216 1586 doctos.
1276 1544 1392 1585 Inter
1423 1550 1573 1585 cuncta
1603 1544 1794 1585 hortatur
1809 1542 2010 1593 Lollium,

183 1632 385 1672 quaerere
417 1618 689 1673 disciplinam
721 1625 761 1659 et
791 1618 1025 1660 doctrinam
1057 1632 1147 1660 esse
1178 1617 1458 1660 necessariam
1506 1617 1559 1659 ad
1605 1617 2011 1660 commendationem

297 1768 363 1807 97.
395 1767 487 1816 Qua
516 1767 672 1808 ratione
702 1780 832 1822 queas.
889 1765 941 1806 Id
972 1772 1050 1807 est:
1087 1765 1440 1820 quemadmodum
1472 1766 1607 1821 possis
1639 1765 1822 1807 suauiter
1852 1765 2010 1806 uiuere.

299 1841 365 1882 98.
396 1841 512 1895 inops
542 1842 660 1894 aqitet
689 1848 881 1896 uexetque
914 1840 1070 1896 cupido.
1128 1837 1338 1881 Auaritia.

297 1914 362 1954 99.
394 1914 502 1956 Num
529 1929 663 1970 pauor
695 1922 729 1955 et
757 1928 896 1956 rerum
916 1914 1165 1955 mediocriter
1184 1915 1346 1955 utilium
1367 1928 1467 1970 spes.
1526 1912 1657 1956 Recte
1688 1913 1814 1962 dixit3
1850 1919 2010 1955 utrum-

185 2000 264 2041 que
295 1986 407 2028 enim
442 1986 542 2043 [est]
577 1987 795 2029 stultitiae:
827 1987 895 2029 uel
927 2002 1096 2043 patiere,
1128 2002 1181 2029 nc
1212 1987 1387 2037 amittat,
1419 1987 1487 2028 uel
1509 2001 1679 2042 sperare
1700 2001 1795 2029 cum
1817 1992 1915 2029 uoto
1946 1986 2010 2027 in-

187 2061 303 2115 genti
334 2074 401 2101 res
430 2060 699 2101 mediocriter
729 2060 862 2103 utiles.
1768 2098 1779 2104 -

299 2134 392 2175 100.
430 2134 622 2176 Virtutem
652 2135 837 2176 doctrina
861 2143 994 2190 paret.
1073 2134 1169 2176 Hae
1207 2149 1352 2177 omnes
1393 2135 1657 2190 quaestiones
1687 2134 1739 2176 de
1770 2133 1889 2190 (hac)
1920 2148 2008 2175 mo-

185 2206 264 2248 rali
295 2206 564 2263 philosophia
595 2214 825 2249 sumuntur.

298 2329 332 2367 2)
360 2333 391 2358 et
415 2330 488 2359 mol.
515 2329 570 2359 R2.
598 2334 624 2359 ec
648 2339 708 2359 om.
735 2329 778 2358 M.
803 2330 872 2359 rell.
898 2340 934 2359 ac
958 2331 1030 2360 mol.
1077 2330 1113 2369 4)
1141 2334 1243 2368 tropos
1270 2329 1382 2368 2G,va.
1410 2327 1585 2372 ἀλληγορία
1609 2330 1656 2360 fh.
1706 2330 1740 2368 5)
1765 2331 1805 2360 ab
1833 2330 1880 2359 2R
1906 2329 1939 2368 (1
1966 2339 2008 2360 m.
2091 2314 2093 2318 Α

184 2394 262 2414 corr.
289 2385 349 2424 ob).
376 2403 416 2406 „-
442 2386 584 2415 excludi.
610 2386 736 2415 oderam
760 2386 809 2415 hil.
836 2390 873 2415 tr.
899 2386 961 2415 Hic
987 2404 1028 2407 ⁷—
1054 2387 1209 2416 delectari
1235 2396 1313 2416 aura
1338 2388 1389 2417 uel
1416 2405 1457 2408 Ἦ
1483 2387 1575 2425 culpa
1592 2387 1661 2416 MR.
1712 2387 1746 2426 7)
1773 2386 1872 2416 simili
1895 2387 2007 2416 deleet.

184 2440 250 2470 afh.
300 2441 334 2479 9)
362 2441 479 2471 Pocula
504 2452 553 2471 res
577 2447 673 2472 autem
689 2442 760 2472 MR.
787 2443 901 2480 pocula
927 2447 1033 2473 autem
1052 2442 1112 2473 2G.
1139 2444 1252 2481 pocula
1276 2448 1373 2473 aeirem
1396 2448 1549 2483 necantem
1572 2443 1660 2472 vafh.
1686 2443 1804 2473 Pocula
1828 2447 2011 2472 recusantem
2102 2459 2105 2469 ι
2144 2458 2148 2464 -

184 2497 251 2534 (uel
276 2500 473 2538 renuentem)
501 2499 539 2534 Q.
566 2500 638 2529 Poe.
665 2509 738 2537 neg.
767 2503 844 2529 sunt
870 2500 998 2529 Horatii
1025 2501 1132 2529 uerba.
1158 2500 1273 2530 ualetu.
1292 2501 1335 2532 M.
1357 2501 1425 2530 rell.
1444 2500 1659 2530 ualitudinem
1720 2501 1774 2539 10)
1799 2500 1931 2530 bibendi
1956 2509 2010 2530 ne-
2101 2516 2106 2523 -
2137 2504 2146 2533 'L

183 2558 315 2591 gantem
334 2557 431 2585 etiam
448 2560 565 2586 mature
582 2560 757 2586 causantur
773 2556 902 2586 MAQG.
921 2557 1052 2587 biberim
1075 2562 1248 2595 negantem
1273 2561 1300 2586 ct
1322 2561 1436 2586 mature
1462 2561 1635 2587 causantur
1653 2556 1688 2585 R.
1722 2557 1865 2586 bibendi.
1892 2556 2009 2591 Quam-
2144 2571 2145 2576 =

183 2612 233 2640 uis
257 2616 414 2642 nocturno
441 2612 509 2651 (no.
536 2612 569 2651 a)
608 2616 741 2651 negante
778 2612 960 2651 (negantem
983 2614 1016 2652 a)
1056 2615 1150 2644 ctiam
1187 2618 1329 2644 maturae
1369 2614 1518 2653 (naturae
1543 2614 1576 2653 a)
1614 2617 1788 2643 causantur
1812 2623 1842 2643 v.
1879 2614 2008 2644 bibendi
2075 2555 2080 2660 l
2138 2628 2145 2646 z

187 2667 344 2707 Quamuis]
372 2669 552 2707 Negantein
580 2670 678 2699 etiam
703 2673 837 2699 naturae
863 2674 1040 2700 causantur
1065 2671 1110 2700 fh.
1143 2672 1275 2700 bibendi
1299 2671 1319 2700 i.
1337 2680 1361 2699 c.
1388 2680 1446 2700 non
1470 2674 1573 2700 amani
1596 2673 1770 2709 negantem
1794 2670 1882 2700 etiam
1904 2670 1933 2699 si
1954 2679 2009 2700 na-
2075 2668 2079 2712 ξ

183 2728 281 2754 tm'am
297 2729 441 2755 causatur
455 2725 492 2761 Q.
520 2726 678 2764 Equidem
702 2727 822 2756 retinui
848 2731 1001 2766 ozeyavzteiiz
1026 2728 1056 2756 in
1082 2728 1242 2765 lemmate,
1269 2737 1409 2766 ponens:
1437 2728 1535 2757 etiam
1560 2730 1663 2756 metum
1687 2736 1710 2758 s.
1728 2727 1852 2756 uomitus
1877 2736 2009 2756 causan-
2073 2715 2078 2773 J

183 2784 247 2810 tem.
273 2782 341 2825 Βφε
368 2787 482 2821 tepores
507 2784 527 2812 i.
554 2784 704 2813 uomitus.
757 2783 811 2818 12)
835 2783 931 2812 min-us
956 2784 1014 2812 Ra.
1039 2785 1108 2815 rell.
1134 2784 1229 2813 ninus.
1297 2783 1352 2823 13)
1377 2784 1454 2813 hanc
1485 2784 1525 2822 (s.
1553 2784 1683 2822 nubem)
1709 2793 1791 2812 omn.
1820 2784 1904 2813 libri.
1931 2784 2007 2813 haec
2098 2792 2103 2809 >

185 2835 222 2871 Q.
248 2838 361 2868 nubem.
390 2839 568 2869 tristitiam.
596 2840 642 2869 Ne
668 2843 701 2869 te
726 2856 768 2859 Ἠ
794 2843 924 2877 propter
949 2840 1001 2869 hoc
1027 2840 1120 2869 multi
1147 2840 1218 2870 odio
1242 2840 1436 2870 incurrerunt
1461 2840 1524 2883 Βφ.
1556 2840 1587 2869 in
1610 2840 1680 2869 odia
1705 2841 1822 2870 incurr.
1850 2839 1916 2870 Cic.
1945 2839 2007 2870 Off.
2073 2777 2101 2891 ll

184 2892 208 2927 Ι,
234 2893 286 2922 42.
339 2896 393 2934 14)
419 2896 460 2933 pl.
486 2896 572 2926 modo
597 2896 640 2925 M.
665 2894 855 2934 plerunque]
885 2897 977 2926 modo
1002 2897 1092 2926 deest
1117 2901 1152 2926 ut
1177 2897 1213 2926 R.
1234 2915 1272 2917 -κ-
1289 2897 1461 2926 modestum
1484 2896 1556 2925 MR.
1610 2896 1664 2935 15)
1692 2905 1731 2925 an
1752 2905 1809 2934 per
1833 2900 1859 2926 te
1883 2895 2008 2926 MRAG
2093 2892 2101 2934 ζ

189 2938 234 2989 (s)
261 2960 297 2979 an
325 2960 415 2987 perse
441 2953 471 2984 2.
491 2961 590 2990 parce
614 2962 633 2982 v
659 2951 765 2990 (Qec)
781 2951 877 2987 ath.
904 2953 956 2990 qui
984 2953 1078 2982 dicit:
1107 2955 1151 2982 ‘ut
1181 2962 1239 2982 nos
1258 2953 1350 2983 Fabr.
1368 2962 1457 2991 quam
1473 2951 1631 2982 emendare
1653 2961 1712 2981 ‘non
1730 2952 1900 2990 potuimus.'
1951 2953 2007 2993 16)
2090 2936 2099 2994 ι’

183 3006 312 3035 bonum.
338 3016 379 3035 an
405 3008 451 3036 sic
476 3009 651 3046 accipimus
676 3008 797 3043 vath.
836 3009 965 3038 bonum.
992 3018 1029 3038 (ιο
1054 3008 1128 3037 cinis
1155 3008 1232 3047 (sic)
1259 3010 1300 3038 M.
1328 3011 1377 3039 ho.
1403 3008 1499 3038 acinis
1524 3009 1559 3037 R.
1586 3008 1730 3037 accicim's
1756 3010 1785 3037 2.
1838 3010 1892 3047 18)
1920 3011 2008 3039 Inter
2069 2895 2076 3072 l

182 3066 298 3091 cuncta
323 3062 403 3091 hort.
430 3063 510 3093 Loll.
537 3074 688 3102 quaerere
725 3065 929 3102 disciplinam
955 3065 1016 3107 Βφ.
1043 3065 1111 3093 rell.
1138 3074 1199 3095 om.
1264 3066 1321 3104 20)
1350 3066 1514 3103 significat
1538 3074 1598 3094 om.
1635 3065 1687 3107 Βφ
1710 3068 1741 3094 et
1765 3065 1798 3093 M
1824 3064 1924 3103 (negl.
1950 3065 2005 3104 Q).

182 3117 271 3146 RA2.
322 3116 379 3156 21)
404 3124 499 3156 queat
521 3120 616 3157 possit
639 3120 701 3163 Βφ.
728 3129 844 3159 quaeas
870 3121 913 3150 M.
943 3121 979 3150 Id
1005 3125 1053 3150 est
1078 3121 1191 3153 R2.va.
1220 3122 1252 3151 id
1277 3122 1320 3151 M.
1347 3122 1479 3152 Scilicet
1504 3122 1550 3150 fh.
1617 3122 1674 3161 22)
1700 3121 1849 3152 Auaritia
1874 3132 1933 3153 om.
1957 3122 2007 3152 fh.
2086 3159 2088 3162 y

185 3173 242 3211 24)
271 3177 318 3203 est
345 3182 405 3204 oin.
432 3174 533 3205 ΜΗΘ.
566 3181 668 3205 utrum
694 3177 778 3206 enim
804 3176 969 3207 stultitiae
994 3180 1041 3207 est
1067 3177 1097 3207 2.
1149 3177 1205 3215 26)
1233 3178 1271 3208 de
1296 3177 1353 3208 hac
1378 3177 1443 3208 M2.
1469 3176 1612 3208 morabili
1638 3177 1680 3207 M.

2066 3254 2071 3412 I
2089 3260 2094 3284 1
