2148 3412
4 2818 7 2851 l

6 2929 10 2992 ἱ

775 173 823 203 IN
849 172 986 203 suRM.
1015 172 1040 210 1,
1073 176 1120 203 lo.
1552 168 1555 171 ’
1783 163 1855 200 181

767 351 1127 395 PORPHYRION.

147 444 295 497 Nempe
326 443 404 483 inc.
437 442 474 482 cl.
500 457 541 497 p.
575 457 605 482 (·.
639 456 789 482 uersus.
850 441 1092 497 Respondet
1123 442 1188 491 iis,
1234 458 1257 482 a
1289 442 1441 496 quibus
1482 443 1719 497 inculpatus
1764 450 1865 490 erat,

39 515 149 571 quod
178 514 337 556 Lucilii
368 529 517 555 uersus
549 515 817 569 dampnasset
840 515 882 555 in
905 529 954 555 ea
975 514 1104 556 satira
1126 515 1218 570 (4.),
1253 530 1378 569 quam
1410 531 1537 571 supra
1567 515 1727 565 habuit,
1759 529 1866 568 quac

40 590 97 631 sic
128 588 293 643 incipit:
330 588 497 643 Eupolis
528 597 643 643 alque
680 589 868 629 Cratinus
900 588 1265 644 Aristophanesque
1291 598 1448 644 poemen
1487 605 1584 630 nam
1616 589 1778 630 dixerat
1808 587 1868 629 ibi
1918 599 1934 624 ἵ,

41 664 97 717 (u.
120 664 156 703 8.
180 663 256 716 9.):
290 662 419 702 (turus
442 676 666 717 conponere
690 676 844 703 nors-m.
907 662 1012 703 Nam
1042 663 1121 716 suit
1142 663 1214 703 hoc
1239 663 1418 703 uitiosus.
1479 661 1603 703 Nunc
1634 669 1772 703 autem
1804 662 1868 702 di-

41 736 107 786 cit,
152 750 234 776 non
265 749 307 776 se
339 741 505 789 poetam
538 734 785 788 inprobasse
817 735 890 776 sed
922 749 1070 776 uersus
1101 735 1204 785 eius.
1254 751 1356 789 quos
1389 751 1469 777 non
1503 752 1576 778 suo
1608 736 1710 777 uitio
1743 735 1869 776 duros

40 808 111 851 sed
141 808 294 850 saeculi
326 808 435 849 fecit.

151 884 224 923 2--
234 884 272 922 4.
305 882 352 922 Αἱ
382 883 482 923 idem
507 883 612 939 quod
633 884 715 923 sale
737 884 861 923 multo
886 882 1026 923 Urbem
1050 883 1250 936 defricuit,
1274 883 1360 924 σΙια.
1395 884 1501 924 lami.
1527 884 1673 924 eadem.
1737 883 1871 924 Salem

41 971 116 1012 pro
144 954 382 996 urbanitate
413 955 564 1009 posuit.
626 955 711 996 Sed
757 956 861 997 sales
906 956 949 996 in
995 956 1071 997 hac
1119 956 1428 1012 significatione
1473 956 1694 1011 pluraliter
1739 956 1872 998 solent

41 1029 145 1078 dici3
190 1043 336 1069 uerum
382 1028 481 1082 quia
513 1029 701 1082 defricuit
732 1028 921 1071 dicturus
953 1038 1054 1080 erat,
1101 1044 1271 1071 necesse
1301 1029 1460 1075 habuit,
1507 1030 1626 1084 quasi
1659 1030 1709 1070 de
1742 1029 1871 1071 uerbo

45 1102 158 1160 [uere
188 1101 231 1142 id
253 1102 316 1143 sal
336 1101 510 1157 faceret]
544 1101 672 1155 loqui,
705 1109 745 1142 et
775 1103 869 1144 ideo
902 1103 1110 1158 singulari
1141 1117 1316 1145 numero
1348 1103 1464 1144 dixit.
1528 1101 1697 1145 Scimus
1718 1110 1870 1151 autem,

42 1175 254 1218 Lucilium
286 1174 460 1216 urbanis
491 1175 649 1216 salibus
679 1175 832 1217 multos
862 1175 1150 1218 Romanorum
1187 1177 1406 1232 carpsisse.

152 1251 188 1291 5.
222 1251 256 1291 6.
288 1263 385 1290 nam
413 1250 472 1291 sic
505 1250 558 1290 Et
589 1250 736 1291 Laberi
762 1250 921 1292 Mims.
989 1249 1142 1306 Negat,
1192 1250 1370 1306 [Lucilii
1402 1250 1566 1306 uersus]
1614 1266 1872 1306 magnopere

43 1323 253 1365 mirandos
283 1337 386 1373 esse,
433 1323 627 1376 quamuis
657 1323 760 1364 iocis
791 1330 830 1364 et
860 1323 1141 1364 amaritudine
1172 1323 1436 1364 abundantes
1468 1324 1562 1373 sint.
1611 1339 1758 1365 reuera
1795 1324 1873 1365 hu-
1925 1334 1940 1359 ³

43 1396 159 1438 miles
190 1403 230 1437 et
259 1396 303 1436 in
332 1395 476 1437 uerbis
507 1402 545 1437 et
576 1396 620 1436 in
652 1396 999 1451 conceptionibus
1031 1404 1069 1438 et
1102 1397 1145 1437 in
1176 1397 1364 1438 materia.

155 1472 191 1511 7.
223 1471 333 1525 Eryo
364 1485 444 1511 non
474 1471 571 1511 satis
603 1479 671 1520 est,
706 1471 788 1511 risu
821 1471 929 1512 dida..
961 1472 1052 1512 rict.
1075 1471 1176 1512 Ami.
1236 1470 1333 1511 Non
1364 1471 1464 1512 satis
1495 1480 1568 1521 est,
1601 1471 1749 1526 inquit,
1782 1481 1874 1513 tan—

44 1552 129 1585 tum
158 1543 282 1585 modo
305 1542 434 1597 loqui,
465 1550 508 1584 ut
531 1543 603 1598 qui
625 1543 780 1593 audiat,
814 1544 961 1593 rideat,
995 1544 1189 1598 quamuis
1219 1559 1303 1586 non
1335 1544 1594 1597 negauerim,
1642 1559 1732 1586 csse
1764 1553 1803 1585 et
1833 1545 1873 1585 in

45 1618 121 1659 hoc
150 1616 393 1658 nonnullam
423 1617 632 1658 uirtutem.

155 1692 191 1732 9.
222 1691 295 1733 Est
325 1692 522 1733 breuitate
553 1706 665 1747 opus,
699 1701 742 1733 ut
774 1708 885 1734 eurr.
917 1701 1014 1733 sent.
1047 1708 1125 1734 neu
1155 1708 1204 1733 se.
1275 1691 1491 1733 Breuitate
1523 1693 1724 1734 orationis
1755 1701 1875 1734 111611-

45 1765 142 1806 dum
172 1779 261 1806 esse
292 1764 362 1814 ait,
395 1772 437 1805 ut
460 1765 542 1806 cito
564 1766 769 1806 sententia
790 1765 971 1815 finiatur,
1009 1781 1060 1806 ne
1082 1766 1336 1821 defatigetur
1358 1766 1534 1807 auditor.
1596 1766 1876 1821 Eloquentiae

46 1838 155 1879 enim
184 1838 316 1879 uirtus
347 1853 430 1879 non
462 1846 623 1879 tantum
654 1839 697 1879 in
729 1853 778 1880 eo
810 1847 883 1889 est,
930 1846 975 1880 ut
1004 1854 1140 1894 pauca
1175 1840 1357 1895 copiose,
1405 1840 1477 1880 sed
1523 1840 1647 1880 etiam
1692 1839 1877 1881 breuiter

46 1912 174 1954 multa
203 1912 409 1954 dicantur.
471 1911 545 1954 Sic
576 1921 616 1954 et
645 1911 820 1954 Marcus
843 1911 950 1955 Cato
981 1920 1019 1954 et
1043 1912 1265 1955 Sallustius
1295 1912 1521 1954 laudantur
1543 1913 1711 1969 [multa]
1728 1916 1876 1969 paucis

49 1986 273 2028 absoluisse.

159 2159 312 2190 PORPH.
364 2159 544 2189 EGLOGA
569 2160 623 2189 XI.
652 2159 694 2188 M.
721 2160 750 2189 X
774 2160 920 2189 SERMo
947 2161 977 2189 2.

161 2215 196 2257 3)
220 2217 267 2247 hic
291 2216 390 2259 ΜΒφ.
417 2216 454 2246 z'is
478 2216 659 2252 R,2vath.
687 2234 726 2237 —-
754 2217 902 2254 culpatus
928 2216 1006 2253 R‚C.
1034 2216 1128 2254 Resp.
1155 2217 1209 2246 hic
1233 2216 1420 2255 culpantibus
1444 2226 1478 2246 se
1504 2218 1585 2255 quod
1610 2217 1671 2259 Βφ.
1701 2217 1803 2246 lucilii
1819 2217 1881 2246 MR

52 2276 82 2302 et
106 2273 174 2302 edd.
212 2272 315 2303 Lucili
348 2271 468 2311 Q(G?).
533 2273 569 2312 4)
596 2274 786 2312 dampnasse
809 2272 919 2311 Mffl).
947 2276 1055 2311 satyra
1090 2273 1256 2310 MR,vafh.
1283 2278 1391 2303 satura
1417 2271 1537 2311 Q(G‘?).
1603 2274 1637 2310 5)
1660 2274 1810 2312 yratinus
1836 2273 1879 2302 M.

57 2347 93 2350 -—
117 2330 206 2359 arist.
231 2339 280 2368 po.
307 2340 369 2359 om.
397 2330 426 2359 2.
453 2329 579 2359 aristof.
605 2329 648 2358 M.
675 2334 816 2367 comp'on.
847 2346 883 2349 —
911 2329 1034 2366 improb.
1058 2329 1102 2358 M.
1166 2330 1221 2367 10)
1249 2329 1323 2359 solet
1346 2330 1418 2366 RN.
1446 2329 1594 2359 defricuit
1619 2339 1704 2359 omn.
1732 2330 1818 2366 libri,
1845 2334 1882 2359 ut

52 2387 86 2415 in
108 2387 267 2416 lemmate.
294 2386 343 2415 Ad
368 2386 440 2416 Aer.
467 2385 495 2421 Q
514 2387 629 2415 inculc.
650 2385 833 2424 perfricuit.
886 2386 940 2424 11)
966 2386 1113 2415 dicturus
1140 2390 1209 2415 erat
1234 2385 1306 2414 MR.
1333 2387 1401 2415 rell.
1429 2390 1498 2415 erat
1525 2387 1681 2415 [licturus.
1707 2385 1795 2414 habit
1819 2394 1882 2423 qua

0 2471 1 2491 ζ
54 2443 115 2472 fide
139 2452 217 2472 ueno
241 2443 330 2482 (sie).
358 2443 459 2482 Loqui
485 2443 518 2472 id
545 2452 580 2472 eo
607 2443 690 2480 sing.
717 2442 760 2471 M.
789 2452 852 2480 qua
864 2441 931 2480 fide
953 2451 1029 2470 neno
1053 2442 1141 2480 loqui
1169 2442 1229 2471 QG,
1256 2443 1345 2480 quasi
1371 2442 1407 2471 de
1432 2442 1522 2471 uerbo
1540 2443 1626 2480 loqui
1645 2442 1682 2471 R.
1701 2442 1791 2480 quasi
1810 2451 1884 2471 uere

54 2499 87 2528 id
111 2500 157 2528 sal
181 2498 283 2529 facere
306 2509 335 2529 v.
362 2500 455 2538 quasi
481 2509 555 2528 uere
581 2500 612 2528 id
638 2499 685 2528 sal
710 2497 830 2528 faceret
855 2498 952 2533 ath.
980 2499 1131 2528 similiter
1156 2499 1274 2528 Acron.
1301 2499 1391 2536 posui
1417 2499 1510 2536 quasi
1528 2498 1563 2527 de
1579 2498 1669 2527 uerbo
1686 2498 1773 2537 loqui.
1801 2498 1883 2528 conf.

55 2555 123 2585 Ter.
147 2555 197 2585 Ad
222 2557 303 2594 prol.
334 2557 391 2585 11:
418 2557 551 2585 uerbum
576 2555 612 2584 de
635 2555 725 2584 uerbo
750 2556 942 2593 exprimere.
968 2565 983 2584 e
1008 2556 1104 2585 uerbo
1130 2554 1196 2584 Cic.
1212 2555 1315 2584 Acad.
1344 2555 1397 2591 IV,
1416 2556 1464 2585 lo.
1490 2554 1532 2583 ad
1555 2555 1685 2584 uerbum
1714 2554 1783 2584 Cic.
1810 2555 1884 2584 Fin.

55 2611 81 2649 Ι,
105 2612 135 2642 2.
164 2614 213 2642 19.
239 2612 310 2655 Bc:
354 2612 463 2642 Urbem
486 2612 640 2651 defricuit.
666 2612 807 2642 Constat
832 2612 977 2641 lucilium
1002 2622 1032 2641 ιι.
1061 2622 1085 2641 s.
1111 2622 1151 2640 m.
1177 2622 1201 2640 r.
1227 2612 1393 2649 carpsisse.
1424 2612 1509 2640 unde
1545 2611 1624 2640 dicit
1661 2612 1736 2649 quia
1774 2612 1883 2641 eodem

56 2669 193 2698 carmine
218 2679 279 2708 quo
305 2669 396 2698 illum
423 2669 510 2699 dixit
535 2670 639 2699 multa
664 2670 825 2706 incompte
851 2669 1037 2706 protulisse.
1065 2668 1173 2698 eodem
1199 2669 1341 2697 carmine
1366 2668 1514 2697 laudauit
1540 2668 1628 2697 illum
1654 2669 1776 2697 urbane
1801 2669 1884 2698 uitia

57 2725 226 2756 multorum
250 2727 419 2764 carpsisse.
471 2727 527 2765 14)
553 2726 633 2755 Nam
656 2725 775 2768 pvafh,
801 2730 838 2754 ut
863 2735 945 2754 omn.
972 2729 1052 2754 uett.
1078 2725 1168 2754 codd.
1194 2725 1271 2755 Hor.
1297 2724 1366 2754 Non
1392 2725 1438 2754 sic
1463 2734 1490 2753 a.
1517 2725 1597 2753 Num
1614 2723 1652 2760 G,
1679 2729 1714 2753 ut
1732 2725 1786 2753 alii
1804 2734 1886 2754 rece.

4 2802 6 2815 .
59 2781 146 2811 codd.
171 2781 281 2811 FJMR
307 2782 429 2812 Genou.
457 2787 517 2812 etc.
543 2783 670 2821 Negant
684 2783 720 2811 R.
737 2800 772 2802 —
797 2781 913 2811 Lucilia¹
937 2791 1047 2810 uersus
1072 2791 1113 2810 va
1139 2781 1300 2819 (Lucillii)
1327 2781 1373 2810 fh.
1401 2780 1505 2810 Lucili
1532 2781 1559 2815 Q
1585 2791 1644 2809 om.
1671 2780 1775 2810 MRG.
1829 2781 1883 2819 15)

5 2854 7 2876 ¹.
59 2836 191 2868 habund.
216 2838 353 2876 MRG,v.
422 2840 476 2878 16)
502 2839 588 2869 rebus
614 2844 645 2869 et
671 2841 703 2868 in
729 2849 816 2868 conc.
836 2839 870 2867 R.
898 2839 1164 2875 conceptionibus
1191 2842 1268 2867 mat..
1297 2838 1391 2867 MR2.
1419 2838 1487 2866 rell.
1516 2837 1781 2874 conceptionibus
1806 2841 1833 2866 et
1856 2836 1887 2866 in

60 2898 132 2924 mat.
183 2896 236 2934 17)
262 2895 370 2925 deduc.
390 2896 458 2933 R‚a‚
484 2900 519 2926 ut
538 2895 760 2938 EsstleMPR
785 2896 874 2925 Sorb.
902 2895 950 2924 St.
976 2895 1062 2924 Vict.
1091 2896 1186 2924 7980.
1216 2896 1301 2924 7984
1329 2894 1451 2924 Genou.
1479 2894 1573 2923 Fran.
1599 2894 1718 2923 Bernn.
1745 2893 1797 2923 AF
1824 2898 1883 2923 ete.

8 2993 10 3005 >
61 2949 203 2981 diducere
226 2951 324 2994 Yva¹¹⁷
350 2958 386 2983 ut
409 2953 521 2983 Ambr.
548 2953 638 2982 Barc.
657 2952 774 2981 Bernu.
802 2952 858 2981 CD
886 2952 971 2981 Parr.
999 2952 1071 2980 FHI
1098 2951 1145 2981 St.
1166 2951 1272 2980 Germ.
1299 2955 1358 2980 etc.
1427 2951 1480 2989 18)
1507 2950 1593 2979 audit
1608 2951 1671 2993 Βφ.
1693 2968 1726 2971 --
1746 2955 1773 2980 ct
1797 2952 1831 2980 in
1858 2951 1887 2980 2.

63 3004 118 3044 21)
141 3017 206 3037 cum
231 3008 294 3037 cito
318 3008 404 3038 vasli.
430 3013 461 3038 ut
485 3009 548 3038 cito
573 3007 789 3046 MRA2G(Q).
816 3008 899 3036 (licat
922 3007 1009 3037 vafh.
1077 3008 1133 3046 23)
1159 3008 1284 3036 Marcus
1310 3011 1380 3036 cato
1406 3006 1448 3035 M.
1474 3007 1543 3036 rell.
1568 3007 1612 3036 M.
1647 3006 1736 3036 Cato.
1764 3005 1888 3046 (G‘.>)Q.

63 3072 121 3092 om.
146 3064 280 3094 Ilsarcua
307 3065 435 3095 Sallust.
462 3065 537 3103 M,a.
563 3066 631 3095 rell.
659 3064 777 3094 Salust.
805 3065 854 3093 Sic
881 3069 912 3094 et
937 3065 981 3093 M.
1022 3083 1026 3084 ν
1057 3068 1127 3094 cato
1154 3064 1314 3093 Salustius
1342 3063 1491 3092 laudatur
1507 3063 1578 3099 R‚v.
1598 3063 1640 3091 M.
1661 3062 1754 3099 Cato,
1781 3074 1800 3092 a
1819 3063 1889 3092 Sal-

63 3117 144 3148 lustin
168 3120 316 3150 laudatur
340 3132 367 3151 a.
394 3126 465 3152 cato
491 3122 561 3151 sall.
586 3122 629 3157 M,
656 3131 716 3151 om.
741 3125 783 3150 et.
809 3138 851 3141 ——
888 3122 987 3150 multa
1011 3132 1072 3150 om.
1099 3120 1222 3150 MRQG.
1261 3119 1343 3149 conf.
1370 3119 1447 3148 Sall.
1475 3118 1546 3149 Cat.
1573 3121 1610 3149 4:
1650 3120 1770 3158 paucis.
1810 3129 1888 3157 pau-

64 3174 200 3206 cissimis
235 3177 306 3215 Iug.
335 3179 385 3208 17.
413 3178 569 3208 Victorin.
597 3178 629 3207 in
654 3177 749 3209 Rhet.
776 3177 842 3207 Cic.
869 3178 923 3215 57,
950 3179 990 3207 30
1019 3178 1073 3208 Or.

1903 966 1938 995 11·
