2148 3412
218 150 269 189 88
856 156 960 189 Aen.
986 155 1045 187 ΕΤ
1071 153 1236 186 PORPH.
1262 152 1411 185 COMM.

331 287 366 323 7.
400 282 567 325 Maianis
599 289 746 322 trintum
785 280 954 335 pedibus
996 292 1104 320 num.
1140 277 1308 332 facetus.
1370 273 1484 328 Quia
1514 274 1672 316 scilicet
1703 273 1786 315 alio
1815 279 1948 315 metro
1977 273 2043 314 usi

216 364 308 398 sunt
344 354 524 411 [antiqui
556 352 739 408 poetae]‚
772 351 993 408 (archaeas
1005 352 1042 407 22)
1075 349 1147 406 qui
1177 348 1415 391 comoedias
1446 348 1716 404 scripserunt,
1747 346 1829 389 alio
1850 345 2042 388 Lucilius

216 429 307 484 (qui
322 429 359 480 ¹5)
392 427 541 469 satiras
572 425 818 481 composuit.

330 503 367 543 ὃ.
407 507 612 541 emunctae
642 514 681 540 n.
741 498 792 539 Id
823 506 906 540 est:
938 504 1071 539 tersus
1101 503 1225 550 atque
1257 495 1443 551 elegans,
1476 494 1630 537 decens
1660 501 1700 536 et
1730 494 1888 536 ridens.

149 586 167 615 5
330 578 365 615 9.
399 575 462 614 10.
495 575 536 614 in
567 573 667 614 liora
689 587 804 628 saepe
835 572 1034 621 ducentos,
1073 571 1120 612 Ut
1141 585 1271 624 mayn.
1303 584 1444 611 uersus
1475 577 1586 612 stans
1614 569 1710 625 pede
1731 570 1774 609 in
1793 582 1887 610 uno.
1945 565 2043 608 Hoc

216 654 294 688 cst:
339 661 538 701 magnam
570 660 658 687 rem
689 660 732 687 se
767 645 906 686 facere
936 650 1101 700 putans,
1148 644 1183 685 si
1212 643 1364 686 multos
1394 658 1540 685 uersus
1569 641 1744 684 minimo
1782 640 2043 696 tempusculo

215 721 403 762 dictaret.

330 794 394 833 11.
432 793 530 834 Cum
556 793 699 848 flueret
729 792 845 833 lutul.
881 799 968 832 erat
1005 791 1110 846 quod
1148 791 1286 832 tollere
1322 791 1459 832 uelles.
1519 790 1652 831 uelles.
1684 788 1849 830 Posses.
1909 784 2042 827 Alle-

217 866 383 922 goricos
414 881 438 906 a
467 865 651 915 flumine,
698 879 779 919 quo
811 863 1034 920 significat,
1070 863 1200 904 multa
1230 877 1325 904 eum
1371 863 1444 904 sed
1489 862 1724 904 inordinate
1769 860 1947 909 dixisse3
1993 873 2045 900 ex

149 950 188 981 lo
216 938 366 994 quibus
397 946 536 979 tamen
568 945 661 980 sunt
692 937 906 987 nonnulla,
940 951 1046 991 quae
1077 936 1208 978 uelles
1237 935 1336 977 inde
1367 950 1594 992 excerpere
1615 942 1656 977 et
1675 949 1753 990 pro
1774 934 1855 976 tuis
1875 932 2044 975 habere.

328 1014 392 1053 12.
426 1013 490 1052 13.
524 1011 736 1053 Scre'bendi
762 1019 886 1052 recte:
917 1025 1013 1052 nam
1042 1018 1089 1052 ut
1118 1010 1300 1060 multum,
1331 1011 1392 1051 nil
1421 1023 1571 1051 moror.
1629 1007 1739 1058 Non,
1776 1007 1926 1062 inquit,
1971 1006 2044 1048 la-

214 1085 403 1135 borabat,
436 1092 480 1125 ut
509 1091 620 1125 recte
652 1083 866 1134 scriberet,
899 1083 972 1125 sed
1002 1091 1047 1125 ut
1076 1083 1257 1125 multum.
1317 1081 1406 1124 Sed
1437 1097 1516 1138 ego
1547 1082 1627 1123 hoc
1657 1081 1765 1123 nolo.

327 1160 390 1199 14.
423 1173 505 1199 ecce
541 1158 744 1213 Crispinus
774 1159 935 1199 minimo
966 1172 1038 1198 ine.
1062 1172 1106 1213 p.
1181 1155 1339 1198 Sensus
1371 1170 1422 1197 ex
1452 1154 1712 1211 prouerbiali
1745 1153 2045 1196 consuetudine

213 1232 382 1280 ductus3
419 1231 599 1273 solemus
630 1245 813 1286 namque
845 1231 1005 1272 dicere:
1053 1232 1214 1272 minimo
1245 1245 1305 1271 me
1337 1230 1456 1284 dequo
1483 1236 1696 1285 prouocat,
1729 1242 1823 1269 cum
1852 1227 2045 1269 uolumus

145 1317 186 1348 15
212 1319 335 1359 quem
367 1304 552 1360 intellegi
583 1311 743 1345 tantum
773 1304 916 1345 ualere
960 1305 1118 1346 minimo
1152 1305 1285 1358 (liquo,
1334 1309 1535 1358 quantum
1581 1302 1709 1343 alium
1740 1301 1836 1343 totis
1870 1300 2045 1343 uiribus.

218 1378 428 1434 Crispinus
459 1385 598 1419 autem
628 1392 711 1419 non
743 1385 828 1418 tam
859 1376 991 1419 bonos
1021 1391 1146 1431 quam
1182 1376 1335 1418 multos
1380 1390 1527 1417 uersus
1557 1375 1751 1418 faciebat.
1828 1373 1961 1417 Cuius
2006 1380 2046 1415 et

212 1466 339 1506 supra
370 1449 436 1507 (S.
470 1450 502 1501 Ι,
537 1453 573 1501 1,
609 1452 710 1507 120)
742 1450 933 1492 meminit
963 1450 1126 1492 dicens:
1158 1465 1206 1492 ne
1236 1465 1295 1491 nie
1331 1449 1507 1505 Crispini
1532 1450 1678 1491 scrinia
1698 1450 1800 1505 lippi
1821 1449 2046 1505 Conpilasse

205 1534 337 1581 putes.

323 1600 457 1654 accipe
477 1600 512 1639 si
528 1600 602 1639 uis.
661 1597 938 1653 Accipiamus
966 1597 1034 1638 ait.
1084 1596 1302 1639 Mimetico
1323 1603 1462 1638 autem
1483 1596 1723 1638 charactere
1744 1601 2045 1652 prouocantem

144 1681 186 1713 20
215 1669 296 1727 [se]
332 1671 385 1711 ad
417 1671 686 1713 scribendum
720 1669 967 1726 Crispinum
998 1670 1191 1712 ostendit.

325 1745 389 1784 19.
421 1744 475 1785 At
505 1752 547 1785 tu
580 1745 793 1786 conclusas
824 1744 925 1785 hirc.
955 1744 1042 1798 foll.
1075 1758 1214 1785 auras.
1246 1749 1286 1783 et
1316 1742 1493 1797 reliqua.
1552 1741 1638 1784 Per
1680 1742 1785 1784 haec
1820 1742 2042 1798 significat,

213 1815 462 1872 Crispinum
492 1817 635 1858 inflata
666 1823 705 1858 et
735 1816 904 1873 turgida
936 1816 1132 1858 scribere.
1192 1815 1309 1857 Hinc
1339 1822 1478 1857 autem
1509 1817 1673 1858 Persius
1701 1816 1805 1857 illud
1835 1816 2045 1858 transtulit

212 1889 286 1946 (V,
321 1890 415 1945 1Ο);
469 1892 528 1932 Tu
571 1905 694 1945 neque
735 1890 945 1932 anhelanti
986 1891 1183 1946 coquitur,
1229 1890 1326 1932 dum
1368 1904 1501 1932 massa
1546 1892 1700 1932 camino
1748 1891 1855 1933 Folle
1891 1891 2045 1948 premis

210 1971 362 2006 uentos.

349 2134 382 2173 1)
407 2136 457 2164 usi
483 2140 557 2165 sunt
584 2133 599 2177 Η
625 2145 698 2178 αρχ.
726 2144 789 2165 eas.
817 2135 880 2165 alio
906 2135 1036 2165 lucilius
1062 2138 1190 2174 satyras
1222 2144 1322 2173 comp.
1348 2135 1390 2173 M,
1418 2133 1431 2176 ΙΙ
1457 2145 1517 2166 om.
1552 2145 1625 2175 ergo
1658 2137 1773 2176 antiqui
1795 2146 1849 2176 ΡΟ.
1883 2135 1935 2176 qui
1964 2146 2041 2167 com.

210 2189 400 2229 (ai-eliaeas‘?
428 2192 510 2222 conf.
539 2193 636 2222 schol.
664 2193 704 2221 ad
729 2201 758 2221 n.
789 2190 821 2231 1)
847 2193 1054 2230 scripserunt.
1080 2191 1122 2221 R:
1161 2192 1210 2221 usi
1237 2196 1312 2221 sunt
1338 2213 1550 2222 .......
1581 2194 1743 2223 comedias
1769 2203 1830 2223 scr.
1858 2198 1929 2231 etc.‚
1955 2196 2039 2232 spat.

209 2257 278 2276 nac.
306 2248 355 2277 lit.
383 2257 429 2285 gr.
454 2257 539 2278 more
565 2257 620 2278 suo
645 2248 840 2286 relinquens.
860 2266 900 2268 ffi—
915 2247 1030 2286 (antiqui
1046 2257 1100 2285 pa.
1126 2247 1185 2286 qui.
1211 2247 1329 2283 vath.
1354 2248 1403 2277 usi
1430 2251 1503 2277 sunt
1527 2249 1659 2279 archeas
1678 2249 1814 2293 (αρχεας
1831 2249 1867 2289 2)
1888 2249 1940 2289 qui
1962 2259 2040 2280 com.

208 2303 269 2332 A2.
296 2303 366 2333 Non
392 2313 471 2342 opus
497 2308 546 2334 est
570 2313 607 2333 eac
628 2304 771 2342 praeced.
797 2303 906 2333 scholio
932 2309 1073 2342 repetere
1102 2303 1218 2342 antiqui
1235 2307 1349 2342 poetae.
1399 2305 1433 2343 3)
1459 2304 1511 2343 qui
1526 2306 1796 2344 interponendum
1813 2307 1953 2336 uidetur.
2003 2307 2040 2345 4)

207 2359 363 2389 hemuncte
381 2360 414 2389 M
433 2360 635 2399 (hemunctue
660 2364 746 2390 teste
765 2359 802 2395 Q.
821 2360 898 2399 l.1.)
924 2361 1105 2390 Emurchae
1128 2370 1158 2390 v.
1182 2360 1221 2389 Id
1246 2363 1294 2390 est
1318 2360 1472 2404 MA2qu.
1500 2362 1537 2391 Id
1563 2366 1611 2391 est
1636 2362 1731 2392 MA2.
1757 2363 1826 2392 rell.
1852 2372 1913 2393 om.
1939 2367 2040 2393 tersus

207 2419 303 2453 atque
330 2416 496 2453 elegantes,
534 2417 601 2445 dec.
628 2421 659 2446 et
684 2416 744 2445 rid.
770 2416 804 2445 M
830 2414 982 2457 (Halm),
1020 2420 1126 2446 tersus
1152 2420 1217 2454 atq.
1244 2416 1376 2454 elegans
1403 2418 1470 2448 dec.
1496 2422 1528 2448 et
1560 2419 1619 2448 rid.
1648 2418 1770 2459 2G(Q).
1805 2424 1911 2449 tersus
1943 2423 2040 2458 atque

209 2471 365 2509 eliganter
390 2473 498 2502 ridens
515 2472 579 2515 Βφ.
606 2481 717 2502 uersus
743 2477 840 2511 atque
866 2472 938 2510 eleg
955 2482 967 2501 s
995 2472 1073 2511 (sic)
1098 2473 1226 2509 decem,
1253 2483 1313 2503 om.
1340 2478 1371 2503 et
1396 2474 1516 2512 ridens,
1545 2485 1575 2504 v.
1601 2485 1711 2505 uersus
1738 2476 1902 2514 elegantes
1928 2479 1960 2505 et.
1986 2476 2040 2504 de—

209 2530 326 2556 centes.
353 2527 420 2565 afh,
451 2538 511 2558 om.
540 2533 571 2557 et
596 2529 718 2558 ridens.
749 2528 785 2557 Id
812 2532 859 2557 est
885 2532 980 2557 tersas
1002 2528 1041 2558 A.
1091 2528 1125 2567 5)
1151 2528 1188 2558 In
1214 2539 1267 2559 ore
1293 2529 1414 2567 (Halm.
1441 2541 1497 2561 ora
1522 2530 1550 2566 Q
1575 2532 1595 2560 l.
1622 2531 1658 2570 l.)
1692 2541 1767 2570 sepe
1791 2532 1835 2562 M.
1899 2532 1934 2571 6)
1959 2535 2040 2562 tem·
2101 2533 2107 2539 ‘

207 2583 339 2620 pusculo
370 2593 428 2613 om.
468 2584 555 2615 libri.
622 2585 657 2622 8)
685 2593 744 2622 quo
770 2584 836 2613 toll.
863 2584 905 2613 M.
931 2584 1001 2613 rell.
1035 2584 1125 2622 quod.
1156 2584 1246 2614 uelles
1276 2590 1349 2623 post
1380 2587 1495 2617 lemma
1530 2588 1656 2617 iteraui.
1694 2588 1810 2618 Posses
1845 2597 1882 2618 sa
1916 2588 1969 2617 all.
2005 2588 2039 2617 M

209 2639 362 2677 (Halm)
428 2640 462 2678 9)
490 2640 655 2679 diyessisse
681 2639 743 2682 Βφ.
811 2640 866 2679 10)
892 2644 993 2670 tamen
1016 2640 1098 2669 MR2
1126 2641 1193 2680 (tl—1)
1220 2640 1320 2680 G(Q).
1347 2646 1464 2673 tantum
1487 2643 1575 2673 vafh.
1601 2662 1641 2665 -
1669 2644 1762 2674 uelles
1786 2644 1819 2673 M
1844 2645 1915 2674 rell.
1948 2645 2038 2675 uelis.

209 2695 281 2724 inde
307 2705 366 2725 om.
395 2696 432 2725 R.
500 2694 556 2734 11)
582 2696 644 2725 lab.
669 2705 729 2724 non
753 2700 789 2725 ut
816 2696 860 2725 fh.
928 2697 983 2735 12)
1009 2701 1044 2726 ut
1069 2707 1128 2727 om.
1154 2698 1244 2727 vafh.
1271 2716 1313 2719 —
1340 2700 1396 2729 sed
1421 2702 1567 2738 multum,
1605 2701 1752 2740 quoniam
1777 2702 1811 2732 in
1836 2701 2038 2740 corrigendis

207 2752 354 2781 uersibus
379 2753 508 2783 nolebat
531 2754 655 2782 morari.
681 2753 736 2782 sed
762 2762 820 2791 ego
846 2753 992 2783 horatius
1017 2755 1076 2784 hoc
1100 2755 1182 2784 nolo.
1209 2756 1285 2793 quin
1311 2756 1417 2793 potius
1442 2766 1559 2794 paucos
1584 2757 1707 2787 dictare
1732 2762 1763 2787 et
1788 2758 1823 2787 in
1848 2758 2037 2797 corrigendo

208 2807 323 2835 morari
350 2808 409 2849 Bc».
448 2826 487 2829 ——
525 2810 621 2839 scrib.
647 2810 703 2838 sed
729 2812 764 2838 ut
790 2810 899 2840 multa.
928 2811 1013 2848 quod
1040 2820 1101 2840 non
1128 2820 1219 2848 nego⁷
1259 2820 1360 2849 neque
1386 2812 1529 2842 diffiteor
1565 2813 1694 2843 facilem
1731 2813 1843 2850 fuisse,
1881 2815 1937 2843 sed
1972 2823 2037 2844 non

208 2863 303 2899 probo
327 2862 361 2891 C.
414 2865 467 2903 14)
494 2866 631 2895 solemus
656 2865 733 2894 enim
757 2866 825 2895 afh.
890 2867 943 2905 15)
970 2876 1062 2904 quem
1090 2876 1149 2896 om.
1181 2867 1240 2896 R2.
1268 2885 1307 2888 -η
1335 2873 1455 2906 quanto
1479 2869 1554 2906 M,v.
1581 2870 1674 2899 alium
1697 2869 1823 2899 MRA2.
1848 2871 1918 2900 rell.
1944 2871 2034 2900 alius.

212 2919 265 2956 16)
292 2919 382 2948 malos
407 2921 451 2949 fh.
504 2923 557 2960 19)
583 2921 711 2959 Accipe,
738 2922 764 2951 si
790 2923 839 2951 uis
861 2922 1073 2962 [Accipiam]
1093 2922 1257 2961 Accipiam
1282 2925 1327 2954 ait
1353 2924 1398 2953 fh.
1426 2925 1494 2954 rell.
1522 2925 1730 2963 Accipiamus.
1755 2926 1792 2955 In
1818 2926 1892 2955 Hor.
1918 2926 2037 2964 Accipe

207 2974 266 3003 iam
292 2980 321 3003 et
349 2981 429 3005 uctt.
456 2978 589 3014 codices,
617 2982 651 3006 ut
666 2978 777 3008 Ambr.
802 2987 819 3019 γ
845 2977 1021 3016 (accipiam,
1049 2979 1090 3008 al.
1115 2979 1216 3017 accipe
1240 2979 1310 3009 iam.
1333 2982 1346 3009 1
1367 2981 1424 3019 ιιι.)
1452 2981 1544 3011 Laur.
1572 2983 1590 3011 8
1616 2991 1697 3011 saec.
1722 2981 1810 3011 XIII.
1835 2982 1922 3011 Parr.
1947 2982 2034 3020 FIM,

208 3035 239 3060 et
265 3032 334 3060 edd.
361 3042 438 3061 saec.
464 3033 521 3062 XV
547 3039 580 3063 ut
600 3035 700 3072 Neap.
728 3035 813 3064 Med.
842 3036 880 3064 74
907 3036 948 3064 al.
964 3053 1004 3056 »-
1020 3036 1175 3066 Mimitico
1200 3046 1220 3066 v
1245 3042 1351 3066 autem
1377 3047 1435 3066 om.
1457 3038 1540 3081 2332.
1559 3047 1593 3067 se
1608 3038 1654 3067 fh.
1672 3038 1740 3067 rell.
1759 3047 1819 3067 om.
1868 3038 1925 3077 21)
1951 3038 2035 3068 auris

207 3087 240 3116 M
267 3088 415 3127 (Halm).
467 3088 523 3128 22)
549 3090 612 3119 intl.
638 3095 664 3120 et
689 3091 809 3120 torrida
832 3090 931 3121 M2G.
958 3101 994 3121 ac
1019 3093 1149 3131 turgida
1172 3092 1262 3122 vafh.
1312 3094 1369 3132 23>
1395 3095 1528 3124 neelami
1554 3094 1597 3124 M.
1622 3094 1778 3124 nehelanti
1805 3093 1842 3124 G.
1875 3094 2033 3124 hanelanti

206 3143 269 3173 R2:
297 3145 446 3174 wiell-anti
471 3155 502 3175 v.
530 3147 598 3175 rell.
625 3147 797 3177 anhelanti.
822 3148 912 3178 Folle
938 3158 984 3187 pr.
1010 3153 1096 3179 uent.
1123 3158 1183 3181 om.
1209 3149 1277 3178 afh.
1304 3150 1403 3180 Folles
1422 3151 1451 3180 2.
1478 3154 1569 3181 uento
1594 3150 1656 3188 G‚v
1683 3150 1865 3190 (praemis).
