2148 3412
145 918 186 950 10

144 1282 183 1313 15

140 1649 181 1679 20

221 124 299 163 174
856 133 961 166 ACR.
987 134 1046 165 ET
1072 133 1238 166 PORPH.
1263 133 1411 166 COMM.

327 258 393 298 38.
429 257 541 305 Ouae
570 271 691 311 neque
720 257 761 297 z‘n
792 257 888 298 aede
917 264 1064 297 sonent.
1141 257 1189 296 ln
1219 257 1315 297 aede
1345 255 1572 311 Apollinis,
1618 257 1691 299 ubi
1721 257 1855 299 solent
1883 257 2032 302 docere

215 338 374 383 poetae.
441 328 491 369 In
512 328 676 378 Museo,
710 329 752 368 in
775 328 1006 370 Athenaeo.
1066 328 1117 369 Id
1148 335 1209 370 est
1238 343 1287 369 ea
1318 329 1469 380 scribo,
1507 344 1612 384 quae
1643 344 1778 385 neque
1809 330 2032 374 recitantur

214 401 256 441 in
288 399 519 450 Athenaeo,
553 415 687 455 neque
718 401 798 442 sint
830 402 996 458 agenda
1027 401 1069 442 in
1101 402 1276 443 theatro.

327 475 532 521 certantia,
564 475 692 515 iudice
711 476 861 530 Tarpa.
884 475 901 529 Η
923 473 1057 527 Quasi
1087 475 1141 516 ad
1163 474 1403 517 certaminis
1433 475 1776 530 prouocationem
1806 476 2030 520 uenientia.

219 549 353 600 Tarpa
384 545 555 600 quidam
587 546 756 588 criticus
787 547 870 588 illis
900 546 1158 603 temporibus
1188 548 1264 588 fuit
1295 554 1335 588 et
1364 548 1566 604 magister
1609 548 1698 589 ludi
1743 547 1821 606 [et]
1869 549 2032 592 auditor

212 617 410 659 adsiduus
440 626 671 673 poetarum,
704 619 775 674 qui
806 634 951 661 uersus
972 634 1115 662 eorum
1137 620 1279 676 pueris
1299 620 1483 662 traderet
1502 621 1798 663 decantandos.
1821 623 1838 676 ΙΙ
1857 621 2032 665 Veteres

213 689 390 746 [autem]
422 690 510 731 ludi
542 691 733 747 magistri
763 692 807 733 in
837 692 1012 734 aedibus
1042 693 1172 735 sacris
1203 693 1423 744 docebant,
1455 709 1632 748 quorum
1662 694 1869 736 maximus
1890 694 2032 751 Tarpa

211 770 318 811 erat;
350 764 477 804 iudice
508 778 609 819 ergo
640 765 698 805 ait
727 779 790 815 eo,
822 765 933 820 quod
963 766 1084 820 pueri
1114 781 1260 808 uersus
1290 774 1484 808 sonantes
1515 767 1591 809 sub
1622 781 1671 809 eo
1714 767 1853 809 iudice
1883 777 2030 810 essent.

211 834 292 876 Vel
322 836 365 876 in
396 837 498 877 aede
530 836 748 879 Musarum
781 838 850 888 ait,
884 853 965 893 quo
996 838 1185 881 solebant
1205 846 1354 894 poetae
1375 840 1599 882 conuenire
1629 847 1670 881 et
1699 840 1811 882 dicta
1831 856 1906 882 sua
1925 841 2031 883 mul-

211 908 263 949 tis
294 909 559 951 audientibus
590 910 766 952 recitare
801 918 1017 966 captantes
1060 912 1228 953 laudem
1274 927 1324 954 ex
1369 913 1575 963 uersibus,
1621 920 1662 954 et
1705 914 1800 955 ideo
1845 913 2030 970 Tarpam

210 981 392 1022 iudicem
422 982 566 1032 uoluit,
599 983 666 1024 uel
697 984 809 1038 quod
839 984 983 1039 Tarpa
1012 985 1193 1040 probare
1225 986 1520 1036 consueuisset,
1558 1001 1665 1041 quae
1695 987 1749 1027 ad
1769 1001 1938 1028 scenam
1959 987 2029 1029 de·
2082 1044 2083 1047 Ἴ
2107 1005 2115 1034 e

208 1055 382 1095 ferenda
412 1064 560 1097 essent.
632 1056 717 1098 Per
747 1057 826 1098 hoo
855 1057 959 1098 illud
990 1058 1069 1099 ait:
1116 1059 1228 1100 dicta
1257 1074 1351 1100 mea
1380 1059 1563 1100 alienum
1600 1060 1802 1101 iudicium
1839 1075 1923 1101 non
1959 1074 2030 1101 ex-

208 1135 417 1181 spectant,
470 1143 547 1170 nec
596 1130 834 1172 comoedias
879 1131 1029 1181 scribo,
1076 1146 1182 1186 quae
1227 1132 1394 1187 saepius
1439 1140 1650 1188 spectatae
1687 1133 1800 1188 apud
1830 1132 2028 1189 populum

207 1199 442 1258 uileseant[,
475 1202 548 1243 sed
578 1203 681 1243 mihi
711 1203 956 1261 satisfacio].

320 1274 388 1315 40.
419 1283 578 1330 arquta.
640 1274 820 1318 Callida.

319 1348 384 1389 41.
417 1349 546 1390 comis.
607 1347 773 1391 Suauis.

317 1425 492 1475 qarrzi‘e.
555 1421 765 1473 Scribere,
797 1424 962 1480 nugari,
993 1431 1038 1465 ut
1068 1423 1120 1465 de
1150 1438 1194 1465 se
1225 1423 1304 1465 ait:
1337 1424 1445 1466 ludo.

320 1494 478 1536 libellos.
540 1493 806 1538 Comoedias.

318 1568 384 1607 42.
422 1568 533 1609 Unus
552 1570 755 1618 uiuorum,
780 1570 978 1612 Fundani.
1040 1570 1233 1612 Fundani
1248 1570 1465 1612 uocatiuus
1486 1576 1547 1611 est
1569 1584 1700 1612 casus.
1750 1569 1866 1611 Inter
1885 1583 2029 1611 omnes
2076 1588 2077 1592 ¹
2136 1597 2148 1603 ι

234 1639 354 1681 uiuos
375 1648 418 1682 tu
440 1641 546 1683 bene
568 1642 718 1684 scribis
749 1643 998 1685 comoedias.
1066 1641 1276 1694 Ostendit,
1321 1643 1405 1685 illis
1436 1642 1694 1698 temporibus
1724 1643 1927 1698 optimum
1959 1657 2027 1684 co·
2074 1665 2077 1692 f

205 1713 583 1770 moediographum
606 1717 865 1758 Fundanium
893 1716 1033 1758 fuisse.
1056 1717 1072 1770 Η
1095 1717 1335 1759 Fundanius
1366 1716 1538 1772 quidam
1558 1716 1636 1759 fuit
1655 1715 1915 1772 temporibus
1934 1714 2026 1758 Ho-
2073 1740 2075 1751 ι

204 1785 300 1826 ratii
331 1786 513 1842 optimus
544 1788 725 1844 scriptor
753 1788 1004 1831 fabularum.
1026 1791 1042 1844 ΙΙ

315 1860 382 1901 42.
414 1861 481 1902 43.
514 1862 641 1904 Pollio
671 1876 810 1918 requm
838 1864 948 1917 facta
980 1864 1093 1904 canit.
1153 1864 1291 1905 Facta.
1324 1862 1421 1904 Hoc
1452 1870 1525 1912 est,
1558 1862 1830 1918 tragoediam.
1890 1861 2026 1904 Pollio

204 1933 465 1988 tragoediam
510 1936 679 1991 scripsit
722 1936 922 1987 trimetro,
969 1936 1069 1991 quia
1099 1936 1278 1977 trimetri
1309 1936 1504 1977 dicuntur
1533 1950 1680 1978 uersus
1709 1935 2023 1992 tragoediarum
2070 1963 2073 1989 3

207 2005 348 2063 [esse].

2099 1938 2104 1976 *.
2097 1819 2105 1908 ..mm-j
2099 1721 2107 1807 ,ψ

307 2081 410 2136 pede
432 2095 640 2137 percusso.
699 2081 750 2122 Id
781 2090 861 2124 est:
894 2082 1081 2124 trimetro
1111 2082 1306 2132 iambico,
1338 2081 1537 2137 quoniam
1568 2090 1652 2124 tres
1673 2096 1866 2124 caesuras
1887 2080 2021 2124 habet.
2069 2078 2071 2120 i

308 2167 510 2209 percusso.
570 2154 789 2198 Dimenso.

338 2333 371 2372 1)
398 2333 442 2371 gl.
467 2334 501 2363 in
524 2342 558 2374 γε
584 2333 746 2372 Apollinis
774 2351 809 2355 —
837 2336 951 2372 peetae
974 2343 1001 2375 γ.
1028 2333 1097 2362 rell.
1123 2342 1183 2362 om.
1211 2350 1253 2353 —
1279 2332 1331 2362 Ex
1356 2332 1428 2362 lem.
1455 2332 1571 2362 iteraui
1608 2332 1644 2361 In
1668 2331 1752 2362 aede.
1778 2330 1881 2362 musio
1906 2331 1942 2362 fh
1967 2331 2023 2370 (ex
2066 2343 2068 2362 ι

200 2398 216 2429 γ
241 2390 323 2418 nitul
348 2390 529 2428 adnotaui).
556 2390 589 2419 in
613 2399 743 2420 musaeo
766 2389 843 2420 Ath.
862 2400 890 2419 a.
917 2391 951 2419 in
977 2399 1086 2420 museo
1111 2389 1189 2419 Ath.
1215 2387 1336 2428 Q(G‘.2).
1362 2389 1411 2418 De
1436 2389 1546 2418 Museo
1573 2387 1746 2430 (μουσείῳ)
1772 2388 1913 2418 Romano
1940 2386 2022 2419 conf.
2065 2386 2068 2415 l

200 2445 288 2475 Suet.
316 2445 429 2476 Claud.
456 2447 507 2475 42.
538 2445 698 2484 Spartian.
726 2444 828 2475 Hadr.
856 2446 908 2475 20.
954 2446 1000 2476 De
1026 2447 1192 2477 Athenaeo
1220 2447 1332 2476 Aurel.
1358 2445 1442 2475 Vict.
1468 2446 1507 2474 de
1532 2444 1625 2476 Caes.
1656 2446 1705 2474 14.
1769 2446 1804 2483 4)
1830 2448 1969 2475 certante
1994 2443 2022 2479 Q
2064 2443 2067 2481 ξ

202 2502 276 2540 (err.
303 2502 403 2542 typ.).
429 2502 535 2532 Verba
560 2502 654 2535 Quasi
678 2519 720 2523 —
744 2502 946 2532 decantandos
970 2513 985 2544 γ
1011 2503 1145 2533 inferius
1170 2504 1288 2540 posuit,
1314 2512 1374 2532 om.
1403 2500 1593 2541 G(Q)‚mva,
1629 2505 1703 2539 post
1727 2500 1854 2538 theatro,
1878 2504 1915 2530 ut
1939 2509 2020 2535 mva,

200 2568 352 2597 pergens:
379 2559 511 2588 Veteres
536 2559 688 2596 magistri
714 2559 782 2588 ludi
810 2559 862 2597 (νε
889 2569 929 2588 m.
956 2560 993 2598 1.)
1019 2563 1078 2588 etc.
1106 2558 1150 2594 Q:
1178 2558 1336 2588 ‘Ceterum
1362 2568 1402 2588 ne
1426 2567 1507 2597 quae
1532 2562 1655 2588 restant
1680 2558 1809 2596 quidem
1834 2558 1943 2588 omnia
1967 2565 2021 2596 ge-

198 2615 298 2644 nuina
323 2620 417 2651 sunt3
442 2614 514 2645 fort.
542 2615 735 2645 includenda
761 2619 852 2644 erant
878 2616 983 2645 omnia
1006 2625 1106 2654 usque
1131 2616 1172 2646 ad
1197 2616 1227 2645 in
1252 2616 1324 2645 aede
1347 2613 1520 2644 musarum)
1569 2616 1604 2654 5)
1629 2616 1758 2653 quidam
1782 2614 1913 2644 rusticus
1938 2613 1972 2643 il.
1997 2616 2018 2642 t.
2062 2639 2064 2645 .

198 2671 260 2700 fuit
283 2675 326 2700 aet
350 2681 432 2709 mag.
460 2671 526 2701 ludi
554 2672 683 2701 auditor
706 2682 732 2713 γ.
760 2672 843 2702 conf.
863 2671 903 2701 C:
931 2672 1050 2702 Metius
1067 2672 1172 2710 Tarpa
1197 2671 1258 2702 fuit
1275 2672 1364 2701 iudex
1381 2672 1511 2708 criticas,
1536 2672 1664 2701 auditor
1687 2671 1835 2701 assiduus
1852 2671 2020 2700 Poematum
2062 2681 2063 2708 j

198 2731 228 2755 et
240 2727 406 2757 Poetarum
426 2729 459 2758 in
477 2729 556 2757 aede
572 2728 731 2766 Apollinis
749 2738 805 2758 seu
822 2728 986 2759 Musarum
1004 2733 1036 2759 et
1052 2738 1082 2767 q.
1109 2738 1173 2767 seq.
1208 2729 1246 2758 In
1262 2728 1315 2771 Βφ
1333 2729 1455 2758 nullum
1475 2728 1573 2758 schol.
1591 2728 1632 2756 ad
1650 2728 1681 2757 h.
1700 2728 1719 2757 l.
1770 2728 1803 2765 7)
1829 2727 1902 2756 Vet.
1926 2729 2019 2755 autem

199 2784 265 2812 ludi
291 2785 439 2822 magistri
465 2784 510 2814 fh.
562 2786 617 2824 11)
644 2795 739 2815 scena
763 2796 787 2827 γ.
842 2786 894 2824 14)
922 2786 978 2815 sed
1003 2796 1043 2815 m.
1071 2786 1172 2816 satisf.
1199 2795 1258 2815 om.
1284 2795 1311 2826 γ.
1373 2785 1428 2822 17)
1455 2784 1530 2814 ludo
1556 2793 1617 2814 om.
1642 2783 1688 2813 fh.
1752 2784 1806 2822 18)
1832 2782 2018 2813 Comoedias

198 2849 224 2879 γ.
251 2840 318 2868 rell.
345 2851 406 2869 om.
471 2841 525 2879 19)
551 2841 695 2871 Fundani
719 2859 758 2862 ——
785 2851 877 2871 casus
901 2852 928 2883 γ.
956 2843 1025 2871 rell.
1052 2852 1113 2871 om.
1173 2842 1230 2879 20)
1260 2842 1440 2871 Ostendere
1463 2840 1508 2870 fh.
1574 2840 1631 2878 21)
1657 2839 1746 2869 fund.
1773 2838 1874 2869 fuisse
1897 2849 1924 2880 γ.
1948 2838 2017 2868 rell.

2090 2318 2098 2420 --·—-›
2094 2275 2097 2298 -,

199 2895 298 2925 fuisse
322 2895 411 2925 fund.
436 2897 624 2927 Fundanius
661 2916 703 2919 -—
739 2897 922 2928 fabulurum
947 2908 971 2939 γ.
999 2899 1067 2928 rell.
1093 2908 1154 2928 om.
1219 2900 1275 2938 23)
1300 2899 1404 2928 Facta.
1430 2897 1499 2927 Hoc
1524 2900 1573 2926 est
1597 2900 1680 2934 trag.
1706 2905 1731 2936 γ.
1758 2896 1826 2925 rell.
1852 2905 1912 2925 om.
1961 2894 2016 2933 24)
2059 2926 2061 2931 ,

200 2951 305 2981 scribit
325 2961 350 2992 γ.
368 2970 404 2972 ὴ-
421 2962 503 2982 uers.
530 2959 611 2992 trag.
637 2964 662 2995 γ.
690 2955 760 2984 rell.
786 2959 870 2993 trag.
896 2964 980 2984 uers.
1008 2964 1111 2984 uersus
1135 2964 1196 2984 esse
1221 2965 1280 2984 om.
1307 2954 1420 2990 man.
1475 2953 1532 2991 27)
1559 2953 1655 2982 habet
1671 2951 1801 2981 dimenso
1826 2949 1840 2993 ΙΙ
1866 2952 1886 2981 i.
1903 2959 2017 2989 magno
2057 2952 2061 3006 j

200 3008 321 3045 impetu
348 3017 456 3038 uersus
483 3019 652 3048 expressos
678 3020 703 3051 γ.
730 3011 799 3040 rell.
827 3021 887 3041 om.
914 3011 1044 3041 dimenso
1068 3012 1166 3042 habet
1183 3016 1290 3041 autem
1308 3011 1442 3040 demerso
1459 3020 1501 3040 m.
1520 3009 1650 3039 dimerso
1674 3019 1704 3038 v.
1730 3008 1758 3043 Q
1781 3009 1879 3038 habet
1904 3008 2015 3037 lemma
2057 3010 2059 3020 ⁴

194 3064 270 3102 pede
295 3068 312 3092 t.
338 3064 365 3093 cl.
391 3064 431 3094 C:
454 3065 529 3103 pede
554 3071 597 3095 ter
616 3076 770 3105 percusso.
797 3067 830 3097 id
855 3072 914 3101 est,
941 3072 985 3098 ter
1009 3067 1147 3097 dimensa
1174 3077 1246 3097 nam
1260 3067 1442 3105 Tragoedia
1465 3065 1608 3096 trimetris
1631 3065 1766 3094 uersibus
1790 3065 1856 3094 fere
1880 3063 2014 3093 texitur.
2056 3062 2058 3120 ἰ

199 3120 268 3162 Βφε
292 3120 365 3158 pede
390 3125 433 3150 cer
453 3131 535 3159 perc.
562 3123 582 3152 i.
607 3124 762 3154 trimetris
788 3125 943 3156 uersibuS.
