2148 3412
257 131 336 172 122
884 139 989 171 ACR.
1014 138 1074 170 ΕΤ
1099 136 1266 169 PORPH.
1293 137 1441 170 COMM.

255 263 350 305 Non
380 263 564 318 paenitet
593 276 659 302 me
688 261 927 303 huiusmodi
956 261 1100 316 patris,
1146 266 1185 301 et
1214 260 1309 301 ideo
1339 274 1423 300 non
1467 273 1534 299 me
1578 257 1800 299 defendam
1845 270 1894 297 eo
1937 255 2073 308 modo,
2114 255 2115 264 ¹

255 352 338 391 quo
368 337 498 378 solent
528 335 718 376 homines
749 349 838 376 sese
869 335 1106 384 defendere,
1138 333 1289 388 quibus
1319 330 1499 374 obicitur
1529 330 1785 386 ignobilitas,
1817 329 1889 383 qui
1920 328 2074 381 dicunt,
2110 368 2114 391 ξ

254 426 337 452 non
368 409 463 451 dolo
493 422 567 449 suo
597 422 734 462 neque
763 407 976 450 uoluntate
1021 408 1179 449 factum
1223 420 1327 456 esse,
1371 411 1417 446 ut
1455 403 1508 445 ab
1553 402 1788 444 istiusmodi
1833 401 2075 457 parentibus

256 488 537 524 nascerentur.

190 567 207 595 5
368 569 523 597 sanum.
584 552 700 594 Dum
732 569 823 595 sum
854 569 991 596 sanus.

2110 392 2117 451 a

2109 449 2114 542 l

368 643 497 683 eoque.
557 626 801 681 Propterea,
834 627 1024 681 ideoque.
2108 668 2112 680 .

368 701 433 742 90.
465 701 567 748 Non,
598 709 643 741 ut
672 715 819 755 maqmz
850 701 953 741 dolo.
1014 699 1128 740 Dolo.
1161 697 1292 740 Vitio.
1353 695 1473 737 Ordo
1506 695 1626 752 [est]:
1672 709 1828 750 magna
1857 708 1957 749 pars
1988 693 2014 736 i.
2044 708 2077 736 e.

256 774 491 822 hominum3
523 788 547 815 ο
577 788 661 815 non
691 787 758 814 me
790 773 849 814 sic
880 771 1116 813 defendam.
2109 766 2111 775 ¹

370 848 436 888 92.
467 848 566 888 istis.
627 845 898 888 Hominibus.
2108 867 2123 919 ι.

198 932 233 962 1⁰
373 922 438 962 93.
469 921 586 962 ratio.
647 918 876 960 Sententia.
2107 923 2123 964 [ss

369 1008 464 1035 nam
494 995 532 1034 si
557 1001 638 1034 nat.
669 994 695 1034 ν’.
753 992 804 1033 Id
819 998 901 1033 est:
934 991 969 1032 si
999 997 1148 1032 natura
1179 990 1438 1039 concederet,
1470 996 1516 1030 ut
1545 988 1735 1030 homines
1765 993 2081 1029 renascerentur
2107 991 2112 1038 Ξ

260 1067 378 1123 [uel]
441 1065 605 1118 Quodsi
634 1072 785 1106 natura
815 1065 971 1106 faceret
1001 1064 1184 1117 aliquem
1215 1079 1239 1104 a
1271 1070 1383 1104 certo
1414 1077 1524 1103 anno
1554 1068 1744 1116 repetere
1788 1061 1921 1102 uitam
1966 1075 2080 1102 suam
2108 1043 2112 1070 ⁸

258 1148 349 1195 post
378 1145 568 1189 mortem,
615 1145 654 1179 et
683 1139 799 1179 fieret
830 1138 891 1178 illi
921 1145 1104 1192 potestas
1135 1136 1321 1192 eligendi
1352 1151 1376 1177 a
1406 1135 1515 1186 fatis,
1552 1149 1658 1189 quos
1687 1135 1826 1185 uellet,
1872 1140 2080 1189 parentes,
2102 1161 2115 1207 L

258 1220 477 1255 contentus
508 1227 641 1254 essem
671 1211 918 1266 parentibus
952 1211 1069 1252 meis.
2107 1212 2119 1266 ’Ἴ

195 1296 232 1326 15
371 1288 435 1328 95.
469 1287 606 1341 leqere.
636 1285 822 1341 Eligere.
870 1286 924 1327 ad
942 1286 1094 1339 fastum
1116 1299 1246 1341 quosc.
1262 1298 1355 1340 par.
1382 1284 1471 1340 Opt.
1492 1298 1522 1325 s.
1545 1297 1578 1338 q.
1620 1282 1807 1324 Intuens.
1840 1282 1904 1323 Ad
1923 1283 2081 1336 fastum.
2106 1278 2110 1335 ξ

258 1358 329 1400 Ad
360 1359 615 1415 superbiam,
661 1359 715 1400 ad
745 1358 1019 1408 nobilitatem,
1065 1373 1118 1399 an
1149 1358 1203 1398 ad
1233 1357 1419 1413 eligendi
1449 1356 1676 1406 fastidium,
1723 1356 1837 1411 qued
1875 1370 1926 1397 ex
1963 1355 2082 1410 eopia
2101 1338 2108 1395 ιΙ

260 1432 473 1474 nascitur?
2105 1425 2108 1432 ⁸

374 1508 440 1548 96.
474 1507 649 1562 Optaret.
707 1504 844 1556 Alius,
877 1505 949 1560 qui
981 1505 1117 1555 uellet,
1149 1505 1335 1561 eligeret.

373 1581 438 1621 96.
471 1588 690 1622 contentus.
749 1579 883 1621 Deest
913 1594 1046 1621 essem.

193 1663 234 1695 20
373 1654 438 1694 97.
470 1654 649 1695 honestos
667 1654 861 1694 Fascibus
881 1661 917 1694 el
937 1653 1054 1694 sellis.
1097 1653 1301 1693 Fascibus.
1323 1651 1441 1692 sellis.
1472 1650 1758 1692 Praefectura.
1780 1648 2082 1705 Dignitatibus.

259 1725 403 1781 Magis
433 1741 548 1767 meos
578 1726 780 1781 eligerem
811 1740 936 1779 quam
968 1725 1209 1766 consulares
1240 1731 1312 1766 aut
1341 1730 1568 1779 praetores.

373 1799 438 1840 97.
471 1800 536 1840 98.
570 1800 725 1841 demens
754 1799 908 1840 Iudicio
938 1799 1065 1854 melfi,
1096 1813 1221 1840 sanus
1250 1800 1435 1853 fortasse.
1494 1797 1703 1853 Zeugma:
1745 1799 1928 1852 fortasse.
1960 1812 2082 1840 scmus

258 1874 288 1926 f.
321 1880 346 1913 t.
405 1872 517 1913 Mire
547 1872 626 1914 hoe
659 1872 817 1928 [dixit]‚
863 1872 962 1926 quia
1006 1872 1097 1927 ipse
1135 1886 1262 1926 eques
1306 1871 1549 1926 permansit,
1595 1878 1833 1926 contempto
1878 1871 2083 1913 senatorio
2108 1872 2116 1908 τ’

259 1945 419 1986 ordine.

194 2030 234 2060 25
375 2027 452 2060 tuo.
514 2017 554 2060 O
586 2010 826 2060 Maecenas.

374 2093 490 2148 quod.
550 2091 616 2133 Eo
647 2092 772 2146 quod.

374 2166 439 2206 99.
470 2180 583 2207 onus.
645 2164 749 2221 [Pro
780 2165 912 2222 toga]
974 2165 1218 2207 Nobilitatis
1249 2165 1421 2208 seilicet.

372 2239 512 2280 solitus
535 2247 705 2295 portare
733 2239 952 2281 molestum.
1011 2237 1125 2291 Quia
1169 2254 1317 2281 reuera
1360 2239 1595 2281 molestiam
1638 2239 1807 2291 habent,
1853 2239 1926 2294 qui
1956 2255 1981 2281 a
2010 2254 2104 2325 no·t
2146 2239 2148 2242 ’

263 2311 417 2353 bilibus
446 2319 689 2354 nascuntur.

194 2394 235 2425 80
375 2386 467 2427 100.
499 2387 601 2429 Nam
620 2386 718 2427 mihi
735 2388 922 2428 continuo
944 2388 1073 2428 maior
1094 2401 1230 2442 quaer.
1252 2388 1306 2442 so.
1327 2402 1404 2428 res.
1463 2386 1514 2427 Id
1531 2393 1610 2429 est:
1644 2387 1678 2429 si
1708 2387 1885 2442 adeptus
1915 2387 2096 2429 fuissem=
2145 2420 2148 2427 .

260 2458 463 2500 maiorem
494 2459 758 2515 dignitatem,
790 2459 920 2501 multa
951 2459 1055 2501 mihi
1087 2466 1223 2502 essent
1253 2460 1502 2502 necessaria.

376 2623 411 2667 5)
437 2626 523 2656 Dum
549 2636 619 2656 sum
645 2636 712 2656 san.
738 2636 764 2668 γ.
790 2628 859 2656 rell.
886 2637 946 2657 om.
973 2627 1085 2665 Propt.
1113 2628 1249 2665 ideoque
1273 2637 1300 2669 γ.
1327 2628 1396 2657 rell.
1423 2638 1483 2657 om.
1534 2627 1570 2668 7)
1594 2628 1682 2659 Vitio
1708 2638 1735 2670 γ.
1761 2629 1830 2658 rell.
1858 2639 1918 2660 om.
1952 2633 2000 2660 est
2023 2637 2100 2680 om.¹

261 2692 287 2725 γ.
315 2684 400 2713 Ordo
426 2701 466 2705 ——
494 2683 662 2713 <lesendam
687 2693 712 2724 γ.
740 2684 808 2713 rell.
835 2685 975 2714 habent:
1015 2685 1102 2715 Ordo
1128 2689 1196 2715 est:
1225 2695 1289 2715 non
1315 2686 1361 2714 sic
1386 2694 1435 2715 me
1461 2684 1520 2723 (me
1543 2685 1586 2714 sic
1610 2686 1711 2715 tacite
1735 2689 1878 2724 transpo.
1908 2687 1951 2727 Q)
1978 2686 2115 2728 defen-{¹
2146 2715 2148 2718 .

264 2740 347 2777 (lam,
373 2743 407 2768 ut.
432 2749 549 2778 magna
574 2750 647 2778 pars
672 2741 846 2770 hominum.
897 2741 931 2779 9)
957 2741 1150 2771 Hominibus
1175 2751 1200 2783 γ.
1228 2742 1294 2771 rell.
1321 2752 1382 2771 om.
1436 2742 1492 2781 12)
1519 2742 1571 2771 uel
1597 2752 1656 2772 om.
1683 2752 1708 2783 γ.
1728 2761 1760 2764 υ
1780 2744 1920 2782 reperire
1943 2754 1969 2786 γ.
1995 2744 2082 2775 Prio-

261 2806 325 2825 rem
351 2796 463 2826 scholii
487 2802 611 2835 partem
637 2799 805 2835 signatura
841 2816 883 2818 >—
921 2802 1166 2828 renascerentur
1190 2809 1250 2829 om.
1279 2798 1402 2835 Gnnva.
1441 2800 1495 2837 qui
1523 2799 1661 2828 habent:
1697 2799 1735 2828 Id
1761 2804 1825 2830 est:
1863 2801 1945 2830 Nam
1971 2804 2082 2830 natura

262 2852 381 2882 faceret
406 2857 437 2882 et
462 2863 491 2891 q.
519 2863 584 2892 seq.
636 2854 691 2892 13)
719 2864 797 2892 quos
822 2854 870 2883 uel
892 2854 937 2884 fh.
990 2856 1044 2893 16)
1069 2865 1105 2884 ac
1129 2854 1217 2884 vafh.
1244 2859 1270 2884 et
1294 2856 1365 2884 nob.
1384 2854 1417 2885 C.
1436 2855 1477 2885 ad
1500 2856 1572 2885 nob.
1591 2853 1729 2897 7(G‘?Q).
1779 2874 1819 2878 »-
1868 2857 1998 2895 Eligere
2014 2842 2099 2898 T‚G.l

264 2910 381 2939 Inlnens
405 2911 445 2939 ad
470 2912 588 2941 fastum
612 2920 639 2953 γ,
666 2921 745 2950 quae
770 2913 869 2941 uerba
894 2913 1068 2950 separanda
1096 2916 1197 2948 erant,
1235 2913 1386 2950 qutmiam
1413 2922 1474 2941 non
1500 2913 1666 2942 dicebatur
1700 2912 1779 2942 tueri
1812 2913 1860 2942 vel
1892 2913 2003 2942 intueri
2034 2911 2080 2942 ad.

263 2966 380 2995 lemma
405 2966 536 3005 mlsasc.
564 2968 636 2997 ideo
661 2968 924 3006 amplificandum
950 2972 1027 2998 erat.
1080 2969 1135 3008 18)
1163 2969 1257 2998 Alius·
1284 2988 1325 2990 ἡ
1352 2970 1487 3007 eligeret
1511 2978 1538 3010 γ.
1564 2969 1632 2998 rell.
1660 2979 1719 2999 om.
1786 2969 1842 3007 19)
1869 2970 1970 2999 Deest
1993 2977 2081 2999 essem

262 3031 288 3062 γ.
315 3023 382 3051 rell.
409 3033 468 3052 0111.
535 3026 590 3063 20)
617 3025 843 3063 Dignitatibus
868 3035 894 3066 γ.
922 3025 989 3054 rell.
1016 3035 1074 3054 om.
1114 3026 1317 3055 Praefectura
1341 3036 1368 3068 γ.
1395 3027 1462 3055 rell.
1489 3036 1549 3055 om.
1615 3026 1671 3064 23)
1698 3026 1784 3055 dixit
1809 3036 1868 3055 om.
1893 3036 1920 3068 γ.
1985 3025 2041 3063 25)
2064 3032 2080 3053 o

263 3087 409 3107 mecenas
433 3089 458 3121 γ.
485 3082 553 3110 rell.
580 3092 639 3111 om.
706 3082 763 3121 26)
789 3081 836 3111 Eo
862 3082 946 3120 quod
971 3091 999 3123 γ.
1025 3082 1093 3111 rell.
1121 3091 1180 3112 om.
1245 3083 1303 3121 27)
1329 3083 1389 3112 Pro
1415 3086 1492 3120 toga
1518 3091 1577 3112 om.
1602 3081 1813 3124 yG(Q),u1va.
1838 3082 1940 3112 honus.
1970 3071 2115 3122 nobili-1·

262 3135 342 3163 tatis
370 3135 494 3165 scilicet
519 3146 544 3178 γ.
572 3138 642 3169 rell.
670 3148 730 3168 0111.
783 3138 840 3176 28)
867 3136 951 3172 Quia
984 3156 1016 3158 --
1044 3142 1221 3167 nascuntur
1245 3148 1306 3168 om.
1334 3138 1525 3179 G(Q)‚1nva.
1575 3138 1632 3177 30)
1658 3138 1775 3168 fuisset
1800 3148 1826 3180 γ.
1851 3139 1923 3169 rell.
1950 3141 2044 3169 esset.
2094 3141 2115 3167 i*

2094 3123 2097 3139 1

2093 3171 2096 3198 l

2094 3203 2096 3235 l

2093 3286 2095 3311 i

2092 3322 2095 3412 l
