2148 3412
146 911 184 943 10

143 1278 181 1310 15

139 2010 179 2040 25

214 115 293 155 176
843 121 948 154 ACR.
974 122 1034 153 ET
1062 120 1228 153 Poura.
1254 121 1401 154 COMM.

211 248 254 289 in
286 249 403 289 Accio
433 253 473 287 et
505 244 708 301 [deludet
735 243 922 284 Ennium
968 243 1087 298 quasi
1118 257 1199 284 non
1231 242 1452 284 habentem
1485 243 1749 299 grauitatem,
1795 243 1869 285 sed
1899 243 1958 284 ita
1987 251 2030 285 ut

212 335 282 362 cos
311 321 487 361 fateatur
518 316 710 359 meliores
743 316 899 373 [esse]?

323 394 387 433 54.
421 392 510 432 Non
542 391 654 431 ridet.
715 389 906 431 Lucilius
935 388 1106 430 scilicet.

322 465 523 519 yrauitate
553 465 736 504 minores.
796 461 940 503 Minus
970 475 1122 516 graues
1153 475 1278 515 quam
1308 461 1540 516 oportebat.

323 539 387 579 55.
420 537 581 578 maiore.
641 535 692 575 Id
722 542 804 577 est:
837 549 921 576 non
951 542 1165 588 tamquam
1195 533 1328 575 maior
1358 533 1411 575 sit
1440 533 1519 583 his,
1551 548 1654 588 quos
1684 533 1966 590 reprehendit.

322 613 432 651 Acci.
493 607 580 649 Hic
609 608 722 662 apud
752 607 929 649 Latinos
960 606 1121 662 primus
1150 605 1414 662 tragoediam
1443 606 1623 661 scripsit.

323 683 387 723 55.
425 682 523 724 Cum
558 682 604 722 de
639 697 679 722 se
701 682 889 736 loquitur.
947 679 997 720 Id
1019 687 1098 721 est:
1131 680 1299 735 quando
1330 679 1381 720 de
1403 694 1446 721 se
1476 679 1673 734 loquitur,
1710 694 1794 721 non
1825 679 1886 721 sic
1916 679 2029 731 dicit,
2090 697 2092 703 >

209 755 328 811 quasi
359 754 507 796 melior
537 754 587 796 sit
619 753 702 795 illis
732 753 879 808 poetis,
912 767 1016 807 quos
1045 752 1135 807 ipse
1165 752 1447 808 reprehendit.

322 829 386 870 56.
423 828 531 878 Quid
560 836 680 869 uetat.
759 824 876 878 Quid
906 832 1031 875 uetat,
1062 832 1108 866 ut
1137 839 1230 881 ego,
1263 839 1357 866 cum
1388 825 1527 881 legam
1558 824 1787 875 Lucilium,
1819 839 2030 879 quaeram,

209 909 347 943 utrum
378 908 527 942 natura
557 915 632 942 sua
661 899 882 955 negauerit
911 898 950 940 ei
982 898 1235 952 compositos
1266 912 1411 940 uersus
1441 899 1579 940 facere
1614 913 1668 939 an
1698 905 1849 939 natura
1879 913 2030 949 rerum,

208 974 260 1016 de
291 974 441 1029 quibus
473 973 664 1028 scripsit?
709 971 905 1013 Aliter:
939 970 1056 1023 Quid
1086 971 1281 1026 prohibet
1311 986 1526 1026 quaerere,
1562 980 1701 1012 utrum
1731 971 1903 1027 ingenio
1937 972 2028 1029 [an]

208 1063 258 1089 ac
278 1055 426 1088 natura
447 1047 574 1089 duros
594 1061 740 1088 uersus
769 1045 926 1094 fecerit,
956 1060 1010 1085 an
1040 1044 1181 1099 operis
1211 1044 1484 1086 necessitate?

321 1122 439 1162 dura.
499 1119 595 1162 Hoc
626 1126 705 1161 est:
739 1117 896 1174 Operis
926 1117 1085 1160 satirici
1115 1117 1347 1172 dispositio.

320 1195 461 1235 cuntis.
519 1193 645 1243 Mire,
682 1192 781 1248 quia
811 1190 991 1248 pedibus
1021 1197 1194 1233 currunt
1223 1191 1433 1233 uersiculi.
1484 1192 1635 1233 Euntes
1664 1190 1877 1233 dicuntur:
1914 1191 2031 1246 quasi

207 1265 356 1308 leniter
384 1266 529 1317 fluunt,
563 1266 634 1321 qui
664 1281 748 1307 non
779 1272 874 1307 sunt
903 1264 1054 1320 asperi.

320 1342 386 1382 57.
417 1355 514 1382 num
543 1341 666 1382 illius.
738 1338 824 1380 Pro
854 1347 994 1381 utrum
1023 1337 1174 1393 posuit.
1248 1353 1346 1380 num
1389 1352 1538 1380 rerum.
1613 1337 1771 1379 Iterum
1816 1352 1912 1379 num
1955 1352 2030 1393 pro

207 1429 261 1455 an
291 1413 407 1455 dicit.

319 1488 385 1528 58.
417 1488 556 1541 mayz's.
615 1485 785 1527 Melius.

317 1561 461 1614 factos.
521 1558 618 1600 Hoc
649 1565 723 1608 est,
755 1557 1040 1612 perfectiores,
1072 1557 1323 1612 conpositos.

319 1634 384 1674 59.
417 1634 475 1674 Ac
505 1633 543 1673 si
569 1633 655 1687 quis
679 1632 860 1687 pedibus.
922 1628 970 1671 Si
1001 1629 1095 1685 quis
1125 1630 1350 1681 inuenitur,
1397 1630 1467 1685 qui
1514 1636 1731 1672 contentus
1761 1636 1822 1671 est
1867 1628 2029 1684 quales-

206 1720 385 1761 cumque
414 1720 561 1747 uersus
589 1706 740 1754 facere,
774 1703 1000 1746 dummodo
1030 1703 1173 1758 plures
1203 1703 1343 1754 faeiat,
1389 1703 1573 1745 concedo
1604 1702 1781 1758 politum
1811 1717 1901 1744 esse
1930 1701 2029 1744 Lu-
2072 1717 2074 1730 J

206 1778 362 1828 cilium,
395 1779 466 1834 qui
497 1793 621 1834 asper
651 1777 740 1820 fuit.

312 1852 484 1908 pedibus
515 1852 609 1908 quid
630 1851 819 1893 claudere
839 1852 952 1892 senis.
1013 1849 1192 1905 Aliquid
1221 1849 1355 1899 finire,
1388 1849 1638 1891 concludere
1668 1849 1792 1899 senis,
1829 1848 1941 1903 quod
1970 1848 2028 1890 fe·
2069 1855 2071 1889 ὲ

206 1924 262 1966 cit
290 1924 495 1966 Lucilius.

319 1999 384 2039 60.
415 1999 503 2040 Hoc
525 2005 680 2039 tantum
702 2005 918 2039 contentus.
980 1995 1153 2038 Scilicet
1183 2003 1226 2037 ut
1258 1995 1493 2045 concludat,
1530 1995 1643 2051 quod
1672 1994 1805 2051 possit
1835 1993 2028 2036 scribere.

206 2070 431 2127 Scripsisse.
490 2069 576 2112 Pro
606 2071 788 2112 scribere.

319 2145 383 2185 62.
418 2144 482 2185 63.
515 2144 682 2185 Etrusci
714 2143 843 2193 Quale
871 2143 950 2196 suit
983 2142 1105 2184 Cassi.
1169 2141 1443 2197 [Parmensis‚
1476 2141 1574 2196 quia
1604 2141 1656 2183 de
1676 2141 1833 2182 Parma
1863 2140 2028 2183 ciuitate

321 2378 353 2416 1)
379 2377 457 2407 actio
474 2376 577 2414 G,mv.
595 2376 692 2407 Accio
717 2375 780 2406 afh.
805 2375 888 2405 Attio
913 2374 980 2410 CQ.
1009 2392 1043 2395 ——
1074 2375 1160 2404 ridet
1184 2385 1210 2417 γ.
1236 2375 1346 2415 (Hor.)
1372 2376 1441 2406 rell.
1464 2377 1607 2407 deridet.
1631 2376 1780 2407 hennium
1803 2386 1831 2419 γ.
1887 2375 1922 2416 6)
1947 2374 2029 2406 Accii
2060 2388 2063 2422 ζ’

204 2434 230 2463 E
257 2433 291 2474 (l
318 2443 358 2463 m.
385 2443 464 2463 corr.
490 2433 586 2471 Acci)
612 2432 705 2474 BtpD.
731 2432 798 2462 acci
821 2431 920 2473 ·(‚afh,
944 2436 980 2462 ut
997 2431 1118 2461 Bernn.
1143 2432 1200 2461 BD
1226 2432 1323 2462 Fran.
1350 2432 1459 2463 Ambr.
1486 2433 1673 2471 Babington
1698 2434 1740 2462 ad
1766 2432 1838 2463 Acci
1861 2441 1962 2471 neque
1987 2441 2026 2461 ex

203 2491 293 2521 codd.
321 2490 451 2520 Oxonn.
476 2499 579 2528 neque
604 2498 646 2518 ex
671 2489 774 2518 Harll.
800 2498 866 2518 uar.
893 2489 981 2518 lectt.
1008 2490 1145 2518 notauit.
1173 2488 1255 2526 (Atti
1278 2488 1379 2528 G?Q).
1448 2490 1503 2528 12)
1528 2491 1622 2519 duros
1648 2499 1730 2520 uers.
1757 2490 1798 2520 fe.
1823 2499 1850 2531 γ.
1876 2490 1945 2519 rell.
1970 2488 2027 2517 du·
2058 2483 2060 2518 1

203 2547 302 2576 riores
327 2546 367 2576 fe.
392 2555 516 2575 uersus.
542 2556 581 2575 an
605 2549 718 2575 natm-a
742 2546 920 2575 eiciendum
946 2546 1010 2575 uid.
1031 2544 1069 2582 Q,
1095 2546 1151 2574 sed
1176 2555 1216 2575 ex
1242 2546 1317 2575 Hor.
1345 2551 1376 2576 et
1400 2547 1516 2585 Porph.
1543 2547 1688 2576 indctum
1714 2550 1772 2576 est.
1798 2555 1834 2576 ac
1857 2545 1949 2584 posui
1973 2552 2027 2583 pro
2057 2554 2059 2560 ⁴

203 2612 303 2632 rerum
327 2606 439 2632 natura
463 2613 503 2632 cm
528 2608 643 2632 natura
675 2604 695 2632 i.
721 2611 746 2631 e.
777 2606 905 2631 natura-e
935 2601 1025 2639 ratio,
1064 2612 1154 2640 quae,
1190 2607 1225 2632 ut
1250 2602 1361 2633 Cicero
1387 2603 1462 2642 Leg.
1488 2604 1512 2641 Ι,
1540 2604 1557 2632 6
1583 2604 1639 2641 ait,
1677 2603 1766 2633 iubet
1792 2612 1840 2640 ea,
1877 2610 1956 2640 quae
1979 2600 2026 2631 fa·
2055 2610 2059 2648 Ι·

203 2661 316 2689 cienda
352 2665 429 2691 sunt
465 2661 676 2699 prohibetque
701 2661 869 2690 contraria.
917 2658 970 2689 Sic
996 2660 1163 2698 ingenium
1190 2664 1220 2690 et
1245 2665 1360 2690 natura
1385 2669 1492 2690 secum
1518 2659 1668 2697 coniungi
1692 2663 1835 2697 possunt.
1875 2657 1918 2688 C:
1945 2655 2026 2693 Quid
2056 2649 2057 2657 ¹

2097 155 2127 210 ἦ
2098 62 2101 70 ,

2081 2666 2089 2704 l

203 2717 353 2754 prohibet
370 2728 419 2747 me
437 2728 479 2756 q..
498 2727 573 2747 num
590 2718 677 2747 illius
694 2721 816 2746 natura.
846 2727 886 2746 an
903 2718 1007 2755 magis
1025 2726 1131 2747 earum
1148 2727 1260 2755 rerum,
1277 2727 1352 2756 quas
1367 2717 1497 2756 scripsit,
1524 2715 1696 2755 ἄρ’]ὶῖειιῐιαε,
1721 2718 1854 2753 negaret
1873 2715 1902 2744 ei
1918 2721 2025 2743 uersus
2083 2721 2088 2740 :

204 2772 388 2803 molliores?
441 2773 496 2813 13)
521 2774 589 2803 Hoc
615 2777 663 2803 est
686 2783 714 2816 γ.
742 2775 809 2803 rell.
838 2784 897 2803 om.
966 2774 1020 2811 14)
1048 2773 1147 2803 euntis
1172 2783 1197 2815 γ,
1225 2778 1260 2804 ut
1284 2774 1394 2803 Ambr.
1422 2773 1516 2802 Bern.
1543 2772 1567 2802 C
1593 2773 1633 2803 al.
1678 2790 1699 2793 -
1726 2771 1880 2801 uersiculi
1903 2779 1930 2811 γ.
1956 2767 2022 2798 rell.
2052 2773 2055 2812 j
2081 2798 2085 2821 t

204 2839 264 2859 om.
315 2831 370 2869 15)
396 2831 495 2860 fluunt.
519 2841 579 2872 γΝ.
597 2832 668 2860 rell.
688 2831 796 2861 fluant.
847 2829 905 2869 20)
931 2831 973 2860 Ac
989 2840 1052 2867 mv,
1079 2834 1113 2859 ut
1142 2831 1271 2868 plurimi
1300 2834 1378 2860 uett.
1409 2830 1500 2860 codd.
1519 2829 1608 2866 Hor„
1633 2832 1689 2858 aut
1714 2838 1800 2866 pure,
1826 2831 1862 2857 ut
1891 2826 1917 2855 E
1933 2824 2023 2855 Fran.
2051 2827 2055 2855 l

2081 2767 2090 2796 l.

2080 2832 2088 2856 l

205 2890 278 2923 etc.y
303 2891 357 2916 aut
382 2898 461 2917 corr.
490 2889 506 2917 2
533 2898 585 2924 m.‚
612 2892 648 2918 ut
672 2888 709 2917 B.
735 2888 794 2917 AD
819 2888 863 2916 DI
890 2887 1012 2917 Genou.
1039 2887 1157 2917 Bernn.
1186 2887 1251 2918 DF.
1282 2889 1322 2918 Et
1343 2897 1360 2929 γ
1383 2887 1492 2917 Ambr.
1542 2885 1599 2923 21)
1625 2886 1765 2924 polotum
1791 2883 1868 2922 (sic)
1893 2892 1919 2923 γ.
1967 2877 2024 2918 23)
2080 2881 2083 2891 '

203 2942 336 2980 Aliquid
361 2961 401 2964 -—
427 2944 572 2973 Lucilius
599 2954 624 2985 γ.
653 2945 721 2973 rell.
747 2953 808 2974 om.
836 2943 912 2982 quid
936 2944 1013 2973 fecit
1037 2944 1167 2973 lucilius
1192 2953 1218 2985 γ.
1268 2943 1327 2983 25)
1351 2944 1533 2974 Scilicet›—
1549 2943 1686 2972 scribere
1710 2951 1737 2983 γ.
1764 2941 1833 2971 rell.
1860 2949 1919 2969 om.
1968 2935 2023 2974 27)
2049 2946 2052 2993 ¹

205 2999 326 3028 Etrusci
352 3000 442 3029 codd.
469 3001 553 3029 Hetr.
580 3000 646 3030 afh.
675 3017 712 3020 —-
739 2999 791 3038 qui
815 2998 933 3037 (G?Q>.
961 3004 1041 3037 erat,
1065 3000 1238 3030 Hetruriae
1262 3000 1392 3040 insuit
1415 3000 1539 3037 G,mva.
1577 2998 1660 3033 Quia
1685 2999 1724 3027 de
1758 2997 1861 3036 prima
1896 2993 2022 3024 ciuitate

204 3054 266 3085 fuit
290 3065 351 3084 mv.
378 3055 461 3091 Quia
487 3057 526 3086 de
550 3056 663 3086 Parma
688 3057 749 3086 suit
775 3066 801 3086 a.
827 3056 998 3086 Hetruriae
1023 3066 1086 3086 om.
1114 3055 1239 3093 G,mva.

2048 2998 2051 3016 l
2077 2995 2081 3014 l
