2148 3412
815 129 865 161 IN
889 128 1036 162 ΕΡΙεΤ.
1062 128 1108 169 Π,
1136 132 1164 161 1.
1825 115 1906 157 523

196 253 289 294 219.
322 253 455 295 Multa
487 253 642 308 quidem
672 253 781 293 nobis
810 254 866 306 fa.
907 252 1022 293 mala.
1098 251 1295 294 Ostendit
1341 251 1521 307 culpam,
1564 265 1693 306 quare
1737 250 1906 291 illorum

85 325 272 368 carmina
302 325 566 366 efficerentur
595 325 710 375 uilia,
746 325 942 366 uidelicet
974 325 1072 379 quia
1103 325 1297 380 Augusto
1328 325 1371 366 in
1402 325 1496 367 aliis
1527 330 1729 380 occupato
1760 323 1905 379 inpor-

82 406 180 440 tune
225 398 435 448 offerrent,
481 398 549 439 uel
580 398 705 439 etiam
737 398 836 452 quia
865 398 1235 453 reprehensionem
1258 398 1487 440 amicorum
1510 399 1752 439 insererent.
1806 412 1904 453 poe-

84 481 151 514 tae.
212 470 390 513 Satirice
424 470 585 527 [dicit]:
633 486 711 512 nec
742 471 822 512 sibi
852 471 1002 526 parcit,
1047 471 1202 521 dicens,
1235 486 1277 513 se
1309 486 1448 527 agere,
1482 472 1594 526 quod
1616 472 1659 512 in
1691 471 1784 512 aliis
1815 470 1904 511 cul-

82 552 166 601 pat,
197 545 275 586 hoc
306 551 384 586 est:
426 551 468 585 ut
499 545 589 599 ipse
621 545 673 585 de
704 559 769 585 me
801 544 1036 593 detraham3
1074 544 1345 598 prouerbium
1376 544 1488 585 enim
1518 544 1560 585 in
1592 559 1661 586 cos
1692 551 1904 599 sumptum

82 626 142 660 est
171 617 265 667 tale,
298 618 369 672 qui
400 617 504 672 ipsis
535 617 615 659 sibi
645 617 832 659 uolentes
861 624 1024 658 nocent.

195 691 309 747 [228.
340 692 541 732 Arcessas.
601 690 717 732 Inter
747 705 906 732 arcesso
937 696 977 731 et
1007 705 1170 732 accerso
1215 690 1294 732 hoc
1338 690 1531 732 interest:
1578 691 1752 732 Accerso
1797 690 1823 731 i.
1870 704 1905 732 e.

81 779 192 814 uoco,
232 771 270 805 et
300 763 418 805 uenit
437 779 461 804 a
482 763 611 804 uerbo
644 765 766 813 accio,
800 765 920 814 accis,
950 763 1062 818 quod
1093 770 1154 804 est
1185 770 1357 818 quartae
1389 763 1716 818 coniugationis3
1750 778 1905 805 arcesso

81 844 217 880 autem
248 837 358 878 idem
391 836 613 893 significat,
659 836 772 890 quod
802 843 842 877 et
871 836 1133 891 primitiuum
1165 837 1265 887 eius,
1299 853 1323 878 a
1354 852 1437 891 quo
1469 837 1683 877 deriuatur
1714 837 1739 877 i.
1773 851 1806 877 e.
1837 850 1905 878 ar-

82 927 158 954 ceo.
236 909 320 952 Sed
362 909 592 951 secundum
638 911 897 951 Prisciammz
943 911 1003 963 (p.
1035 910 1114 951 559
1146 909 1195 950 P.
1227 909 1248 950 Ι
1279 925 1319 964 p.
1351 911 1404 950 42
1436 909 1498 950 kr.
1529 909 1551 950 I
1580 925 1620 964 p.
1653 911 1719 959 35,
1754 911 1777 951 5
1809 925 1900 965 sqq.

81 984 254 1039 Hertz):
303 999 459 1025 arcesso
490 983 604 1024 uenit
635 983 688 1024 ab
721 984 846 1032 arcio,
889 983 1000 1037 quod
1030 998 1142 1024 nunc
1172 983 1351 1024 dicimus
1383 984 1512 1033 oclcio,
1549 990 1587 1023 et
1620 990 1680 1024 est
1710 983 1905 1038 conposi-

82 1065 169 1099 tum
199 1072 250 1098 ex
281 1073 331 1099 ar
361 1056 686 1112 praepositione,
718 1063 759 1097 et
789 1058 849 1098 clo
880 1055 1023 1106 uerbo,
1071 1056 1182 1110 quod
1213 1063 1274 1098 est
1304 1071 1418 1107 uoco,
1451 1056 1550 1111 quia
1580 1055 1760 1111 Antiqui
1790 1056 1905 1098 dice-

82 1131 179 1173 bant
211 1146 261 1172 ar
290 1145 367 1186 pro
399 1130 485 1187 acl]

193 1206 286 1246 229.
319 1205 397 1246 Sed
428 1214 557 1246 tamen
588 1212 643 1245 est
673 1220 733 1260 op.
761 1218 824 1259 pr.
859 1217 1105 1258 coquoscere.
1166 1202 1359 1258 Dignum
1392 1208 1465 1252 est,
1511 1209 1554 1243 ut
1588 1217 1904 1258 cognoscamus,

17 1279 29 1315 's
81 1278 174 1334 quis
204 1286 423 1333 poetarum
454 1278 609 1333 dignus
640 1277 690 1318 sit
723 1276 988 1318 conscribere
1021 1275 1130 1333 [tua]
1165 1276 1288 1326 faeta,
1335 1290 1442 1330 quae
1473 1290 1556 1317 non
1588 1282 1683 1317 sunt
1728 1275 1904 1317 conmit-

80 1352 206 1395 tenda
236 1351 349 1407 turpi
379 1358 538 1406 poetae.
1014 1358 1021 1363 “

193 1427 286 1467 232.
323 1426 474 1468 Gratus
505 1425 750 1467 Aleoeandro.
823 1423 1117 1465 Alexandrum
1152 1429 1279 1473 notat,
1326 1422 1398 1477 qui
1430 1422 1519 1464 sine
1549 1422 1706 1464 iudicio
1737 1429 1905 1478 poetam

32 1490 35 1524 ἐ
81 1499 294 1542 dilexerat.

193 1574 286 1615 233.
324 1573 538 1615 Choerilus,
615 1572 821 1614 Choerilus
865 1577 989 1626 poeta
1035 1577 1152 1626 gesta
1184 1568 1420 1611 Alexandri
1448 1568 1601 1624 Magni
1646 1568 1902 1620 describens,

79 1646 176 1689 licet
205 1647 249 1687 in
279 1653 392 1688 tanto
424 1660 550 1702 opere
581 1660 665 1686 non
695 1644 875 1700 amplius
907 1659 1031 1699 quam
1063 1650 1222 1698 septem
1256 1658 1401 1685 uersus
1422 1643 1577 1698 probos
1604 1642 1904 1698 conposuisset,

0 1722 2 1746 ὲ
79 1727 217 1763 tamen
247 1735 324 1776 pro
356 1719 534 1775 singulis
562 1718 756 1760 uersibus
787 1717 976 1773 singulos
1007 1716 1243 1772 Philippos,
1275 1717 1319 1757 id
1341 1723 1413 1766 est,
1445 1731 1593 1758 numos
1615 1731 1763 1758 aurcos
1785 1731 1904 1758 acce-

80 1794 154 1850 pit,
186 1801 224 1835 et
255 1800 316 1835 est
346 1808 509 1834 sensus:
542 1793 590 1843 si,
621 1791 771 1847 inquit,
802 1791 937 1832 malus
967 1797 1091 1846 poeta
1121 1790 1179 1831 ita
1210 1796 1501 1831 remuneratus
1532 1796 1606 1840 est,
1639 1796 1794 1845 quanto
1814 1805 1905 1831 ma-

14 1852 34 1913 if
81 1867 146 1924 gis
174 1867 275 1909 boni
305 1866 603 1908 remunerandi
634 1872 728 1907 sunt
760 1880 784 1906 a
815 1872 867 1915 te,
900 1879 923 1905 o
954 1863 1161 1919 Auguste.

193 1942 286 1982 234.
321 1940 538 1996 Philippos.
598 1938 772 1989 Numos,
807 1938 878 1993 qui
908 1937 1099 1992 Philippi
1130 1937 1247 1978 uultu
1280 1936 1435 1993 signati
1466 1944 1614 1977 essent.

192 2014 285 2055 236.
318 2015 564 2055 Atramenta.
625 2011 757 2062 Sicut,
798 2011 946 2067 inquit,
978 2016 1210 2052 atramenta
1239 2009 1443 2065 polluunt,
1485 2009 1685 2064 quicquid
1717 2008 1905 2064 contige-

14 2085 33 2126 ζ’
81 2087 176 2138 rint,
206 2087 265 2129 ita
295 2087 396 2129 mali
426 2093 576 2142 poetae
606 2100 672 2128 res
703 2084 1011 2141 splendidiores
1042 2084 1266 2126 obscurant
1298 2082 1491 2125 sordibus
1522 2082 1683 2138 ingenii
1715 2083 1790 2124 sui.

82 2283 337 2313 incitamentum.
364 2292 459 2312 carm.
484 2281 637 2312 scribendi
660 2291 686 2323 γ.
713 2281 876 2311 scribendi
901 2290 996 2310 carm.
1024 2278 1147 2309 C.re11.
1168 2289 1227 2310 om.
1259 2279 1432 2309 scribendi.
1458 2278 1499 2307 acl
1522 2279 1613 2308 incit.
1639 2287 1700 2307 car.
1718 2276 1765 2307 fh.
1791 2277 1832 2306 ad
1857 2276 1905 2305 in-

0 2342 35 2383 ⁸.
85 2341 240 2371 citandum
264 2350 359 2370 carm.
385 2348 454 2370 vca.
481 2343 508 2368 et
531 2339 779 2368 incitamentum
804 2347 899 2367 carm.
927 2336 965 2372 Q.

195 2397 230 2438 2)
257 2396 455 2428 efficerentur
478 2396 526 2438 γῖ).
552 2395 622 2425 rell.
651 2394 839 2424 efficiantur.
903 2394 938 2432 3)
964 2393 1115 2423 offerrent
1139 2402 1165 2435 γ.
1192 2392 1245 2422 aff.
1270 2393 1301 2422 b.
1328 2393 1396 2422 rell.
1434 2392 1597 2422 offerrunt.
1623 2390 1905 2429 reprehensionem

83 2464 142 2486 am.
169 2455 245 2494 (am.
270 2464 352 2493 repr.
377 2454 412 2493 b)
439 2453 612 2483 insererent
635 2452 685 2494 γὶ).
712 2451 1016 2490 repraehensionem
1041 2459 1102 2479 am.
1128 2449 1292 2479 irascimur
1315 2459 1345 2479 v.
1382 2449 1628 2487 reprehensione
1652 2457 1713 2477 am.
1741 2446 1906 2476 irascimur

83 2521 127 2542 ca.
152 2512 400 2551 reprehensione
425 2519 485 2539 am.
512 2510 683 2539 irascuntur
706 2507 784 2544 th.
849 2507 884 2546 4)
912 2508 991 2537 dicit
1017 2517 1077 2537 om.
1103 2506 1184 2548 γΒφ.
1213 2505 1282 2548 :nae
1308 2506 1371 2536 sibi
1396 2505 1459 2547 Βφ.
1486 2523 1527 2526 --
1553 2505 1662 2534 dicens
1687 2502 1810 2545 szpss.
1836 2503 1905 2532 rell.

84 2567 257 2599 affirmans.
307 2569 341 2607 5)
367 2570 402 2597 ut
420 2567 489 2605 ipse
505 2575 550 2595 me
566 2575 592 2608 γ.
612 2566 681 2594 rell.
712 2566 781 2603 ipse
804 2564 885 2594 mihi.
904 2563 944 2596 cf.
962 2564 1080 2602 Porph.
1096 2581 1136 2584 —
1153 2564 1262 2602 culpat
1287 2567 1314 2593 et
1337 2567 1379 2592 est
1402 2562 1615 2600 prouerbium.
1643 2561 1706 2602 Βφ,
1733 2570 1793 2591 om.
1821 2559 1906 2589 enim

83 2642 124 2647 —
138 2629 263 2656 nocent.
277 2643 317 2646 —-—
334 2626 366 2654 in
391 2633 439 2653 eos
458 2622 559 2662 C<Q).
586 2622 655 2651 rell.
676 2622 708 2651 in
725 2631 769 2653 eo.
819 2621 854 2660 6)
882 2620 960 2659 ipsis
983 2621 1047 2650 sibi
1063 2630 1089 2662 γ.
1115 2624 1211 2650 recte.
1230 2620 1299 2649 rell.
1327 2619 1390 2658 ipsi
1406 2620 1477 2650 sibi.
1498 2618 1522 2648 C
1540 2629 1599 2649 om.
1619 2619 1709 2656 ipsis.
1760 2618 1792 2655 7)
1818 2617 1907 2646 Inter

86 2699 124 2703 —
150 2683 191 2712 acl
214 2692 275 2712 om.
302 2681 403 2722 γῦΒφ.
441 2688 590 2709 arcessas.
626 2688 731 2715 uoces,
768 2678 880 2708 adesse
904 2678 1026 2715 ἰιὼθαε,
1056 2678 1141 2707 inter
1165 2686 1285 2706 accerso
1311 2680 1342 2705 et
1368 2685 1487 2705 arcesso
1503 2693 1537 2696 ⁷„
1562 2675 1625 2705 Sed
1650 2685 1709 2704 om.
1738 2692 1775 2694 ἡ
1802 2674 1842 2702 ad
1869 2671 1905 2702 C.

84 2747 222 2769 accersas
245 2738 353 2769 vcafh.
418 2736 472 2775 12)
500 2745 541 2765 ex
566 2745 604 2765 ar
629 2734 728 2776 (ΧΩ).
756 2735 826 2764 rell.
854 2744 895 2764 ex
919 2734 968 2763 acl.
1031 2734 1086 2773 13)
1112 2743 1150 2763 ar
1174 2743 1231 2771 pro
1256 2733 1297 2762 ad
1324 2731 1424 2771 (ΧΩ).
1450 2732 1518 2761 rell.
1544 2735 1575 2760 αι
1599 2741 1627 2769 p.
1654 2731 1704 2760 ad.
1757 2728 1810 2768 15)
1837 2738 1906 2758 con—

85 2796 219 2825 scribere
243 2805 271 2837 γ.
298 2794 368 2823 rell.
406 2793 554 2824 scribere.
580 2795 636 2821 tua
660 2801 720 2821 om.
744 2801 770 2833 γ.
837 2791 893 2829 18)
920 2790 1071 2820 dilexerit
1092 2799 1119 2831 γ.
1146 2790 1306 2818 dilexerat
1330 2789 1358 2817 b.
1385 2788 1455 2817 rell.
1493 2787 1612 2817 dilexit.
1680 2787 1734 2825 19)
1760 2784 1907 2815 Cherilus

34 2842 36 2851 ἱ
87 2849 168 2893 (bis)
194 2861 222 2894 γ.
248 2843 410 2880 Οἰῑοθιῆἰὸε
424 2850 477 2892 Βφ
502 2850 534 2879 in
559 2850 646 2886 lem„
674 2846 812 2878 Cher-ilus
838 2848 873 2876 in
899 2847 1029 2877 scholiis
1056 2850 1087 2876 et
1111 2847 1145 2875 in
1170 2855 1271 2884 marg.
1292 2843 1515 2874 CHERILVS.
1543 2842 1676 2873 Cherills
1700 2843 1720 2872 b
1746 2843 1780 2871 in
1806 2841 1905 2871 schol.

85 2908 220 2938 cherilus
245 2909 278 2937 in
295 2906 373 2936 Hor.
438 2907 496 2945 20)
521 2906 581 2935 VH
605 2905 709 2947 'le'P-
770 2905 826 2944 21)
853 2913 993 2933 nummos
1017 2903 1121 2945 γῦΒφ.
1148 2902 1254 2932 Schol.
1281 2912 1339 2931 oni.
1365 2900 1503 2935 vcath.
1554 2899 1611 2939 24)
1637 2901 1720 2937 sign.
1747 2902 1855 2928 essent
1880 2906 1906 2938 γ.

86 2965 156 2995 rell.
183 2975 227 2995 es.
255 2965 337 3003 sign.
363 2964 473 3002 glossa
497 2964 529 2992 in
555 2963 593 2992 b:
613 2961 775 3000 philippos.
800 2961 972 2991 bizantios.
1000 2959 1082 2989 conf.
1101 2957 1134 2988 C.
1184 2959 1241 2998 25)
1268 2958 1359 2988 Sicut
1385 2975 1425 2977 -ὴ
1452 2957 1596 2994 ingeniis
1620 2955 1725 2998 γὺΒφ.
1752 2955 1821 2985 rell.
1847 2963 1907 2984 om.

87 3038 128 3042 ——
154 3021 304 3060 quicquid
328 3030 355 3063 γ.
380 3019 592 3065 quodcumque
622 3018 708 3060 bsszp.
773 3018 829 3058 26)
856 3016 992 3048 sordidis
1016 3015 1155 3055 ingeniis
1179 3024 1204 3057 γ.
1232 3014 1373 3045 sardibus
1398 3013 1539 3052 ingeniis
1562 3013 1592 3043 b.
1619 3011 1757 3042 sordibus
1781 3010 1907 3050 ingenii

86 3077 133 3108 sui
154 3077 216 3120 Βφ.
242 3078 312 3108 rell.
338 3087 398 3108 om.

1928 918 1969 950 10

1931 1284 1972 1317 15

1930 1652 1973 1684 20

1931 2019 1973 2050 25
