2148 3412
788 161 834 191 IN
862 160 997 194 SERM.
1025 161 1068 194 11,
1098 165 1125 192 1.
1789 150 1870 190 203

155 285 219 325 51.
251 285 306 325 sic
338 284 475 338 collz'qe
505 297 669 324 mecum.
731 281 804 324 Sic
836 283 1191 337 quemadmodum
1223 284 1325 325 haec
1358 299 1423 325 res
1455 284 1701 325 naturaliter
1734 283 1871 325 homi-

44 357 164 400 nibus
194 356 291 397 data
321 356 385 406 sit,
417 356 527 397 audi.

154 432 219 472 53.
251 430 428 472 Scaeuae
458 432 540 471 uin.
575 445 630 471 cr.
663 432 802 486 nepoti.
864 428 1100 485 Εἷρωνικῶς
1135 430 1293 471 dictum
1325 438 1455 472 totum
1488 431 1578 472 hoc.

156 505 222 546 56.
254 504 333 545 Sed
362 504 470 545 mala
503 504 609 546 tollet
639 518 762 545 (mum
798 505 867 545 ue'l.
904 504 1017 545 melle
1053 506 1124 545 cie.
1182 503 1279 545 Hoc
1309 505 1421 560 παρὰ
1456 505 1698 560 προςόοκίαν
1745 504 1870 553 dixit3

45 578 207 621 Scaeua
236 585 375 618 autem
404 584 581 618 matrem
614 592 733 618 suam
764 591 926 618 ueneno
958 577 1169 627 exstinxit,
1216 587 1254 618 et
1287 586 1347 619 est
1379 593 1525 620 sensus
1563 579 1763 621 Ciceronis
1794 593 1871 633 pro
1920 587 1938 616 5

45 650 202 694 Scauro
248 651 344 706 (Cic.
376 652 527 707 fragm.
559 658 661 692 orat.
694 666 770 706 pro
803 648 965 692 Scauro
999 651 1064 701 10,
1099 650 1276 707 Orell.):
1329 652 1505 693 Libertus
1534 660 1747 707 patronam
1791 666 1872 693 uon

44 726 197 775 occidit,
229 725 297 766 sed
328 725 480 766 duobus
511 725 688 779 clzye'ttclvls
718 725 858 778 (sulam
889 724 1027 766 omisit.

153 800 217 840 62.
251 799 419 852 Frz'yore
451 806 485 839 te
514 799 648 852 feriat.
709 797 759 837 Id
791 804 869 838 est:
903 797 1076 839 horrore
1107 798 1265 839 mortis.

153 873 218 913 68.
251 873 503 926 Famosz'sque
538 872 647 927 Lupo
680 886 787 926 coop.
819 872 1017 912 uersibus.
1078 872 1277 913 Rutilium
1311 872 1468 927 Lupum
1498 871 1611 912 (licit.

153 946 217 986 69.
240 945 516 1001 populumque
547 945 736 986 tributim.
798 944 882 985 Per
912 944 1103 1000 singulas
1134 944 1281 995 tribus,
1319 945 1418 999 quia
1450 945 1501 985 de
1524 944 1717 986 tribubus
1738 945 1873 985 factus
1900 953 1941 985 10

48 1018 252 1075 (iocatus?
282 1017 518 1059 ludificatus
528 1018 565 1072 P)
598 1025 670 1059 est.

156 1093 219 1133 75.
252 1092 371 1146 Infra
402 1092 537 1134 Lucili
564 1106 735 1133 censum.
810 1091 908 1133 Hoc
938 1092 1016 1132 ait:
1063 1091 1120 1132 Et
1151 1092 1185 1133 si
1222 1107 1307 1133 non
1346 1107 1436 1133 sum
1475 1106 1618 1133 eorum
1656 1092 1873 1142 natalium,

44 1180 217 1221 quorum
249 1164 442 1207 Lucilius
472 1165 561 1206 fuit.
623 1163 797 1207 Constat
830 1164 955 1216 enim,
987 1164 1204 1206 Lucilium
1235 1165 1437 1207 maiorem
1470 1165 1724 1207 auunculum
1744 1165 1873 1207 Pom-

44 1239 111 1295 pei
140 1239 279 1281 fuisse.
341 1238 512 1280 Etenim
544 1238 642 1280 auia
672 1238 853 1294 Pompei
882 1238 1041 1280 Lucilii
1073 1253 1191 1279 soror
1221 1239 1371 1279 fuerat.

154 1314 219 1354 79.
258 1314 446 1369 Equidem
482 1313 581 1353 m'lu'l
616 1313 707 1354 lu'nc
747 1312 955 1367 cliffinqere
989 1328 1168 1368 possum.
1241 1311 1327 1353 Hic
1359 1311 1596 1354 Trebatius.
1662 1313 1875 1368 Dissinyere
1902 1323 1942 1353 15

43 1386 194 1443 legitur
224 1392 264 1427 et
293 1386 473 1442 diffidere
505 1385 798 1441 (diffi'mlerei').

154 1461 218 1502 81.
252 1460 431 1502 Incutiat
460 1470 482 1500 l.
514 1475 547 1517 q.
580 1469 818 1502 sanctarum
848 1461 1005 1500 inscitia
1037 1460 1181 1514 legum.
1258 1459 1374 1512 Quia
1418 1459 1513 1515 lege
1559 1466 1728 1501 cautum
1773 1467 1874 1509 erat,

44 1548 94 1575 ne
125 1533 218 1588 quis
247 1533 290 1574 in
322 1549 577 1588 quemquam
608 1532 861 1574 maledicum
900 1547 1069 1574 carmen
1113 1533 1327 1574 scriberet.
1388 1533 1622 1590 Eleganter
1658 1533 1761 1574 iuris
1801 1548 1875 1588 pe-

44 1607 144 1649 ritus
175 1607 226 1648 de
255 1607 350 1662 lege
381 1607 579 1661 loquitur.
640 1608 898 1648 &metm-um.
961 1605 1247 1657 Sacratarum,
1284 1614 1329 1648 ut
1357 1608 1500 1662 foedus
1531 1608 1685 1649 sanciri
1711 1606 1875 1647 dicitur.

157 1680 241 1737 [82.
274 1680 320 1722 Sz·
346 1682 454 1722 mala
486 1682 709 1723 condiderit
739 1683 779 1722 e'n
810 1695 924 1736 quem
955 1682 1040 1736 quis
1073 1680 1286 1737 carmina]
1349 1679 1488 1721 Aliter
1519 1679 1724 1722 Horatius
1756 1695 1875 1721 acce·
1902 1690 1944 1721 20

45 1754 105 1810 pit
132 1755 241 1796 mala
272 1769 399 1809 quam
430 1769 508 1809 pro
538 1769 618 1796 non
651 1755 766 1803 bona,
799 1769 894 1795 cum
926 1754 995 1794 ille
1025 1755 1184 1808 fumosa
1216 1754 1342 1795 uellet
1375 1754 1576 1810 intellegi.

156 1829 221 1871 86.
254 1828 471 1871 Soluemur
502 1829 593 1870 risu
625 1829 798 1870 tabulae.
860 1827 946 1869 Pro
977 1828 1175 1870 subsellia.

159 2037 190 2075 1)
216 2039 280 2065 nat.
306 2036 383 2065 haec
408 2045 458 2065 res
487 2036 516 2065 2.
578 2036 614 2073 3)
639 2044 724 2064 εοεαε
749 2035 791 2064 M.
819 2035 980 2065 hironicos
1006 2035 1035 2063 (1.
1064 2038 1088 2063 t.
1111 2035 1141 2063 11.
1168 2034 1210 2063 Μ.
1238 2038 1341 2064 totum
1366 2034 1425 2063 hoc
1452 2055 1766 2065 ..........
1793 2033 1877 2063 davit.

49 2091 173 2121 Seeuola
196 2092 233 2121 R.
259 2093 398 2122 ironicos
426 2089 620 2129 2‚an(G·?).
647 2086 829 2133 Είρωνικώς
853 2090 898 2120 fh.
948 2090 984 2128 4)
1012 2090 1080 2120 Hoc
1105 2100 1165 2120 om.
1191 2090 1297 2127 Rath.
1324 2089 1503 2129 alleaorz'cos
1527 2100 1547 2119 v
1567 2090 1637 2128 (afh
1655 2090 1792 2128 Alleg)
1843 2092 1877 2130 5)

49 2147 184 2178 scaeuola
209 2149 244 2178 2:
282 2148 400 2178 sceuola
424 2148 494 2177 MR„
520 2147 625 2177 seuola
649 2157 678 2176 ν.
707 2151 872 2185 patronum
896 2146 962 2176 afli.
1029 2147 1062 2186 7)
1089 2147 1198 2185 gylam
1223 2147 1266 2175 M.
1301 2148 1334 2176 in
1369 2146 1417 2175 ed.
1442 2146 1480 2175 A.
1509 2147 1586 2176 Mai.
1620 2146 1750 2176 Mediol.
1783 2148 1879 2176 1817.

48 2213 79 2243 p.
108 2205 157 2235 20.
184 2215 209 2234 c.
239 2206 295 2234 13:
323 2205 390 2234 ‘sed
416 2204 524 2234 collum
549 2204 698 2242 digitulis
724 2204 849 2233 duobus
875 2203 1055 2234 oblideret.7
1082 2203 1168 2232 Maio
1193 2204 1323 2232 uidetur
1348 2203 1522 2233 scholiasta
1547 2203 1642 2240 paulo
1672 2204 1805 2232 liberius
1832 2205 1878 2232 lo-

50 2269 119 2290 cum
145 2260 210 2293 Cic.
237 2271 278 2291 ex
302 2261 456 2291 memoria
480 2260 640 2297 laudasse,
671 2264 706 2290 ut
732 2259 871 2295 Quintil.
897 2259 983 2297 VIII,
1010 2261 1027 2288 3
1055 2260 1157 2289 locum
1184 2270 1225 2289 ex
1250 2258 1315 2290 Cic.
1343 2270 1387 2290 or.
1415 2261 1448 2289 in
1473 2259 1509 2288 P.
1535 2258 1682 2289 Clodium
1708 2264 1739 2289 et
1766 2259 1879 2289 Curio-

49 2326 119 2348 nem
143 2327 198 2356 pro
230 2327 245 2348 e
274 2317 440 2358 naufivyio
471 2318 595 2347 nudus:
632 2326 668 2346 ear
697 2316 835 2346 incendio
866 2317 969 2346 nudus
1003 2316 1048 2354 (p.
1076 2314 1145 2355 69).
1210 2317 1244 2355 9)
1280 2316 1415 2346 Versibus
1440 2317 1480 2345 ad
1505 2316 1602 2345 schol.
1635 2319 1808 2345 traxerunt
1834 2315 1878 2344 fh.

55 2375 108 2414 10)
133 2375 276 2413 singulas
301 2385 362 2405 om.
389 2374 425 2405 C.
452 2375 512 2404 Per
538 2374 621 2412 sing.
649 2374 763 2410 tribus,
789 2373 860 2412 quia
883 2373 919 2402 de
943 2371 1077 2402 tribubus
1090 2372 1185 2412 facta
1212 2373 1289 2412 (sic)
1314 2373 1417 2402 MRA.
1445 2373 1521 2411 quia
1546 2373 1584 2401 dc
1609 2372 1757 2402 tribubus
1771 2371 1880 2410 factu-s*

52 2435 94 2461 est
110 2431 236 2470 populus
261 2433 290 2461 2.
316 2442 346 2470 q.
372 2431 402 2461 d.
428 2435 470 2461 tr.
497 2431 612 2467 factus,
650 2440 712 2460 om.
740 2439 825 2468 pop„
851 2439 901 2459 va.
928 2429 989 2459 Per
1015 2431 1100 2468 sing.
1127 2431 1233 2459 tribus
1258 2429 1293 2459 fh
1319 2434 1351 2460 et
1376 2429 1402 2465 Q
1428 2430 1481 2467 qui
1509 2451 1651 2458 .....
1678 2429 1807 2466 punctis
1834 2429 1879 2457 la-

52 2497 162 2518 cunam
186 2489 322 2519 notauit.
349 2488 427 2518 Cum
452 2498 516 2517 non
541 2488 666 2517 dicatur
686 2486 813 2526 populus
826 2486 934 2525 flectus
959 2486 995 2515 <Ze
1019 2486 1102 2522 trib„
1141 2489 1175 2514 ut
1200 2485 1327 2515 dictator
1351 2486 1387 2515 de
1407 2485 1491 2524 plebe
1515 2485 1609 2514 dictus
1635 2485 1705 2514 Liu.
1730 2485 1799 2521 VII,
1830 2486 1882 2519 17,

53 2545 232 2583 scripserim
256 2545 438 2584 lucificatus.
463 2544 546 2575 conf.
573 2544 663 2574 Pers.
689 2544 714 2581 I⁷
744 2544 824 2572 1142
861 2543 953 2572 secuit
976 2542 1108 2572 Lucilius
1132 2539 1290 2574 urbem.
1315 2542 1440 2572 Acron:
1478 2551 1539 2571 non
1572 2542 1653 2570 uiles
1685 2545 1716 2570 et
1740 2540 1881 2579 sinyulos,

54 2602 108 2632 sed
132 2606 190 2632 ete.
253 2599 308 2643 12)
334 2601 437 2632 lucilii
459 2601 502 2630 M.
567 2602 621 2640 13)
647 2611 761 2630 auunc.
789 2610 849 2630 om.
876 2600 946 2629 MR.
973 2604 1054 2638 spat.
1082 2609 1150 2629 uac.
1177 2600 1210 2628 in
1238 2599 1255 2627 2
1282 2598 1374 2635 (corr.
1401 2608 1419 2627 a
1446 2599 1463 2626 2
1490 2599 1546 2637 111.)
1572 2603 1601 2627 et
1629 2598 1667 2628 G.
1720 2597 1774 2635 15)
1800 2596 1884 2635 diffi-

53 2658 122 2688 dere
145 2669 195 2697 po.
222 2659 293 2688 MR.
321 2659 391 2689 rell.
418 2658 589 2698 diffingycre.
618 2662 645 2687 et
668 2667 728 2687 om.
755 2657 797 2687 M.
831 2675 870 2677 *W
910 2656 971 2686 Hic
994 2656 1085 2686 RQG.
1113 2656 1178 2685 I-Icc
1202 2655 1246 2684 M.
1276 2655 1423 2693 (Halm.)
1450 2655 1538 2683 Ilaec
1563 2654 1599 2689 Q.
1626 2663 1686 2683 om.
1713 2653 1800 2682 vasli.
1826 2652 1884 2681 Hic

59 2714 217 2745 Trebatius.
270 2716 323 2755 17)
349 2716 464 2745 lemma
489 2714 580 2744 incuc.
600 2714 651 2743 tibi
669 2713 863 2753 (MRGQ,va
881 2718 913 2744 et
930 2713 1048 2743 inscitia
1065 2713 1159 2752 leyzzm
1176 2712 1245 2751 (fh)
1271 2712 1476 2749 amplitieaui.
1526 2709 1609 2745 Quia
1632 2709 1729 2738 MAe.
1755 2708 1886 2738 Incutiat

54 2771 106 2801 tibi
119 2781 186 2811 qua.
204 2773 276 2811 lege
292 2772 327 2802 R.
345 2773 414 2803 rell.
433 2772 504 2808 Qua
520 2772 602 2810 lege.
654 2772 708 2810 19)
735 2770 935 2800 Sanctarum.
963 2771 1132 2800 Sam-arum
1149 2770 1356 2808 (Sanctarum
1374 2768 1408 2806 v)
1427 2771 1460 2796 ut
1486 2766 1597 2797 foedus
1621 2775 1742 2795 sacrum.
1765 2766 1884 2794 dicitur

56 2827 141 2858 vafh.
168 2828 366 2860 Sacratarum
406 2847 443 2849 -—
484 2827 600 2858 sanciri
622 2826 829 2866 MRAQGQ)
864 2831 896 2857 ct
925 2831 990 2856 uet.
1024 2828 1078 2856 lib.
1111 2827 1152 2855 H.
1180 2826 1336 2863 Stephani
1369 2825 1401 2853 in
1426 2823 1584 2852 Emendd.
1610 2832 1639 2860 p.
1670 2823 1742 2851 164.
1780 2822 1884 2860 lessam.

58 2883 140 2923 Lege
165 2886 246 2916 enim
270 2890 398 2916 cautum
424 2890 491 2915 erat
515 2885 639 2923 Nequis
665 2884 785 2923 inquam
810 2883 1005 2913 111a1eclict⁷1m
1031 2885 1186 2913 scriberet
1211 2882 1273 2924 Βφ.
1323 2880 1381 2919 20)
1407 2880 1537 2908 Lemma
1563 2878 1596 2908 Si
1615 2896 1646 2899 -π
1671 2878 1813 2907 carmina
1839 2878 1884 2906 fh.

57 2941 123 2970 rell.
149 2952 208 2972 om.
257 2943 313 2981 21)
340 2952 434 2981 quam
465 2940 620 2971 Trebatius
643 2940 710 2970 afh.
738 2940 807 2969 rell.
835 2950 895 2970 om.
921 2940 1106 2970 Trebatius.
1132 2957 1173 2961 —
1201 2944 1266 2969 tum
1292 2937 1325 2966 M
1351 2935 1425 2975 (H).
1474 2936 1531 2972 22)
1557 2935 1618 2965 Pro
1645 2935 1816 2965 subsaellia
1841 2934 1884 2962 M.

59 2996 117 3026 Pro
141 2999 225 3028 subs.
252 2999 380 3028 tabulas
405 2999 490 3028 dixit
516 2999 545 3027 2.
573 2997 641 3040 Βφ;
681 2997 822 3026 Tabulas
848 2998 956 3035 posuit
982 3007 1038 3035 pro
1065 2996 1227 3025 subselliis
1262 2999 1291 3023 et
1324 3002 1378 3029 per
1410 2992 1561 3021 subsellia
1596 2992 1682 3029 ipsos
1719 2995 1885 3020 senatores

61 3053 219 3091 significat
246 3058 305 3085 etc.
