2148 3412
810 108 857 139 IN
884 108 1019 140 SERM.
1047 108 1071 143 1,
1100 111 1127 138 1.
1830 99 1881 138 23

178 232 269 272 109.
305 231 420 280 Illuc,
451 231 558 272 unde
588 232 678 281 abii,
701 231 829 272 redeo.
863 231 1014 273 Nomou
1036 239 1079 271 ut
1101 245 1166 271 au.
1198 246 1227 271 s.
1257 246 1295 284 μ.
1320 246 1355 271 (ι.
1381 246 1423 287 p.
1483 230 1555 271 Ad
1586 231 1790 272 sermonis
1821 231 1884 272 sui

63 319 241 354 sensum,
274 319 395 359 quem
427 305 705 354 inchoaverat,
743 303 930 352 recurrit,
977 318 1069 344 cum
1103 304 1288 358 coeperit
1320 303 1494 360 [autem]
1529 304 1680 354 dicere,
1727 303 1885 345 nullum

62 377 276 419 hominum
308 384 415 418 statu
446 392 585 418 rerum
617 393 785 419 suarum
816 363 1002 433 gaudere
1033 383 1071 417 et
1093 377 1265 417 laudare
1288 377 1471 426 diuersa3
1505 394 1528 418 a
1551 377 1702 432 quibus
1724 377 1885 418 dissen-

61 449 138 491 tire
169 459 306 490 tamen
338 465 510 491 auarum
542 450 611 499 ait,
645 450 716 505 qui
747 450 1068 505 proposito‘suo
1101 449 1280 504 gaudeat
1312 450 1436 492 solus.
1498 449 1620 491 Haec
1642 456 1779 490 autem
1812 449 1886 491 ad-

1 555 3 557 .
62 522 227 564 miratio
258 522 566 578 pronuntiantis
587 538 669 564 non
693 523 745 564 ad
767 523 871 564 illud
893 522 1085 578 pertinet,
1119 523 1229 577 quod
1251 538 1402 565 auarus
1424 538 1466 565 se
1488 523 1648 579 probet,
1681 523 1755 564 sed
1776 523 1887 578 quod
1934 537 1953 566 ἵ)

62 610 184 637 nemo
215 596 332 637 alius.

177 670 268 710 110.
301 670 440 726 quodq.
471 686 505 710 α.
539 685 567 711 e.
599 685 635 724 {J-
669 670 706 710 d.
737 685 776 711 u.
808 679 831 711 t.
905 669 987 710 His
1019 684 1183 724 quoque
1215 670 1388 725 colligit,
1435 670 1571 711 aliena
1602 669 1724 711 nobis
1754 669 1891 725 magis

64 740 231 796 placere
263 757 387 797 quam
419 750 571 784 nostra.
632 741 918 784 Prouerbialis
949 749 1009 783 est
1048 752 1185 783 autem
1222 757 1380 792 sensus,
1428 757 1509 796 quo
1550 742 1675 783 etiam
1707 741 1890 784 Ouidius

62 829 160 856 usus
190 824 263 865 est,
296 830 390 856 cum
422 815 478 856 ait
511 815 623 871 (Art.
657 831 736 856 am.
767 815 802 866 Ι,
834 817 956 871 350);
1000 816 1209 872 Vz'cmumq.
1238 831 1360 872 pecus
1390 816 1585 870 mundius
1616 817 1715 858 uber
1746 816 1871 857 habet.

174 891 230 930 sic
260 889 289 943 f.
321 904 351 930 s.
375 890 399 930 l.
421 890 542 930 obslec
564 898 599 930 et
618 890 784 945 reliqua.
845 889 1026 930 Tantam
1058 889 1331 945 cupiditatem
1363 889 1650 944 adquirendae
1680 889 1885 944 pecuniae
1914 903 1954 934 lo

63 960 122 1001 ait
151 975 254 1011 esse,
284 968 329 1002 ut
359 977 480 1003 nemo
510 962 610 1003 uelit
631 962 758 1003 alium
780 963 1096 1018 locupletiorem
1118 978 1160 1004 se
1183 977 1285 1013 esse,
1319 963 1424 1005 sicut
1446 963 1664 1018 quadrigis
1687 970 1892 1004 certantes

64 1035 359 1089 praecedentes
393 1050 544 1091 urgere
583 1036 839 1077 contendunt
878 1044 1098 1091 sequentes
1139 1037 1381 1093 neglegunt.
1443 1038 1600 1092 Unqzda
1638 1043 1775 1078 autem
1815 1051 1892 1091 pro

65 1108 195 1163 equis.
257 1106 404 1163 Τρὸπω
439 1110 671 1164 συνεκδοχῇ
701 1109 865 1151 dicitur.

181 1183 271 1223 115.
303 1183 425 1223 instat
455 1198 483 1223 e.
517 1198 553 1222 (ι.
585 1197 676 1224 suos
706 1198 746 1224 u.
805 1182 854 1223 Id
886 1190 965 1224 est:
998 1182 1125 1224 instat
1145 1183 1210 1224 his
1241 1183 1371 1238 equis,
1404 1183 1475 1238 qui
1507 1198 1602 1225 suos
1632 1183 1818 1224 uincunt.

181 1256 270 1295 117.
302 1256 392 1296 inde
421 1257 450 1309 f.
485 1271 520 1296 n.
552 1269 585 1295 r.
618 1271 650 1312 q.
683 1272 713 1296 s.
746 1270 784 1296 u.
817 1257 851 1297 b.
884 1257 919 1296 d.
982 1254 1140 1297 Sensus
1171 1264 1250 1297 est:
1291 1254 1400 1298 Cum
1432 1271 1553 1298 nemo
1576 1271 1649 1298 suo
1672 1264 1889 1299 contentus
1920 1271 1958 1301 15

66 1327 129 1377 sit,
162 1327 235 1368 sed
266 1327 446 1382 amplius
478 1342 642 1382 semper
672 1328 828 1370 habere
846 1336 1031 1383 quaerat,
1063 1329 1211 1370 merito
1243 1329 1394 1379 euenit,
1426 1336 1471 1370 ut
1500 1344 1622 1370 nemo
1654 1344 1697 1370 se
1717 1330 1895 1371 feliciter

64 1400 219 1441 uixisse
251 1400 393 1441 eredat
425 1415 502 1442 nec
532 1416 625 1442 Cum
658 1409 911 1443 senectutem
944 1402 1169 1456 perductus
1201 1402 1265 1452 sit,
1311 1402 1368 1442 ita
1400 1409 1544 1457 gratus
1576 1418 1596 1442 e
1635 1402 1721 1443 uita
1760 1406 1892 1452 abeat,

64 1482 108 1515 ut
139 1474 329 1524 conuiua,
365 1474 436 1529 qui
467 1474 572 1515 bene
603 1482 800 1530 acceptus
830 1482 943 1516 satur
974 1490 996 1516 e
1028 1475 1223 1516 conuiuio
1255 1475 1443 1517 discedit.
1492 1475 1611 1517 Ordo
1643 1484 1778 1517 autem
1811 1484 1893 1517 est:

67 1548 164 1589 Inde
191 1548 248 1604 fit,
281 1557 326 1589 ut
354 1563 452 1589 ‘raro
483 1550 686 1604 repperire
717 1564 915 1605 queamus.

180 1622 271 1662 120.
301 1636 349 1662 ne
380 1637 438 1662 me
474 1622 648 1678 Crispini
676 1625 795 1663 scrin.
828 1624 892 1678 le'p.
930 1622 1081 1678 Conpz'l.
1108 1631 1238 1678 putes.
1297 1621 1460 1663 Plotius
1493 1620 1717 1676 Crispinus
1757 1621 1893 1676 philo·
1920 1638 1961 1669 ρο

66 1693 237 1748 sophiae
269 1694 478 1736 studiosus
509 1695 598 1736 fuit.
658 1695 776 1736 Idem
799 1702 839 1736 et
860 1696 1049 1736 carmina
1079 1695 1259 1750 scripsit,
1293 1695 1365 1736 sed
1386 1703 1470 1736 tarn
1512 1694 1694 1750 garrule,
1725 1702 1767 1735 ut
1800 1708 1892 1735 are-

65 1767 230 1824 talogus
261 1768 480 1810 diceretur.

183 1964 216 2002 1)
243 1973 357 1994 nemon
384 1968 417 1992 ut
444 1973 494 1993 au.
523 1964 595 2000 MR,
622 1967 657 1993 ut
682 1964 811 2001 plurimi
838 1966 918 1992 uett.
946 1963 1038 1993 codd.
1067 1962 1141 1991 Hor.
1171 1963 1225 2000 (ne
1253 1972 1313 1992 non
1342 1967 1375 1993 ut
1401 1972 1450 1992 au.
1476 1963 1501 1991 B
1529 1966 1559 1991 et
1586 1962 1680 1992 Bern.
1707 1963 1744 1997 A,
1777 1963 1834 1991 alii
1860 1967 1895 1991 ut

68 2020 153 2063 ΕφΝ
178 2030 249 2050 cum
272 2021 393 2050 rasuris
420 2025 450 2050 et
476 2030 554 2050 corr.
582 2029 698 2050 nemon
723 2020 788 2057 ut).
814 2023 850 2049 ut
876 2029 967 2049 nemo
993 2029 1044 2049 au.
1062 2018 1098 2048 G.
1124 2024 1159 2049 ut
1184 2028 1299 2049 nemon
1325 2028 1374 2048 au.
1402 2029 1431 2047 v.
1457 2029 1517 2049 om.
1544 2018 1608 2048 afh.
1636 2019 1785 2048 Nannius
1803 2019 1895 2048 Misc.

67 2077 125 2112 ΙΙΙ,
154 2078 205 2107 28.
233 2077 324 2107 Grut.
353 2078 461 2114 Lamp.
487 2078 511 2114 Ι,
542 2078 715 2106 1272--73
743 2077 925 2114 proposuit:
962 2076 1053 2105 Illuc.
1080 2085 1109 2104 u.
1136 2085 1164 2104 a.
1191 2076 1258 2104 red.
1285 2085 1340 2104 cm·
1365 2085 1446 2104 nemo
1470 2079 1501 2104 ¹ut
1525 2085 1650 2105 auarus
1717 2076 1750 2114 ⁶2)
1777 2076 1895 2113 ceperit

68 2134 111 2164 M.
161 2135 195 2173 3)
223 2135 384 2164 hominum
409 2132 659 2173 MRA(G?Q),v.
686 2134 845 2163 hominem
872 2134 923 2170 2‚a
948 2132 1066 2172 (hoim)
1093 2132 1136 2161 fh.
1187 2133 1221 2170 4)
1248 2136 1353 2161 tamen
1381 2142 1440 2161 om.
1467 2133 1495 2161 2.
1526 2149 1561 2152 a>
1583 2132 1695 2169 gaudet
1719 2132 1774 2161 afli
1803 2132 1897 2170 (gau-

69 2191 123 2221 det
149 2191 197 2230 ν).
258 2191 292 2232 7)
318 2192 418 2229 magis
444 2201 505 2221 om.
533 2191 575 2220 M.
600 2192 706 2228 magis
731 2191 813 2228 plac.
840 2189 897 2219 RQ.
925 2190 993 2219 rell.
1029 2190 1110 2227 plac.
1136 2189 1246 2226 magis.
1297 2190 1331 2226 8)
1356 2198 1464 2217 sensus
1489 2188 1531 2217 M.
1559 2188 1628 2217 rell.
1654 2197 1735 2224 usus,
1764 2197 1805 2216 ex
1831 2197 1895 2225 seq.

70 2252 186 2278 ortum.
213 2248 388 2277 Prouerbia
413 2252 519 2277 antem
545 2257 607 2285 quo
633 2247 679 2277 fh.
707 2246 904 2285 prouerbiali
927 2246 974 2280 aQ
1002 2246 1096 2283 (corr.
1130 2255 1160 2283 p.
1188 2245 1347 2283 XXXVI).
1376 2244 1546 2273 Prouerbio
1571 2248 1677 2273 autem
1703 2253 1762 2281 quo
1803 2248 1832 2272 et
1859 2245 1897 2272 A.

73 2305 168 2334 etiam
206 2304 277 2333 MR.
317 2305 386 2334 rell.
426 2308 466 2333 et..
534 2304 589 2342 10)
615 2303 668 2333 Sic
707 2302 894 2342 festinanti]
934 2302 1071 2331 Tantam
1108 2302 1151 2330 ih.
1216 2302 1270 2340 12)
1297 2311 1426 2341 (tt-(suere
1463 2302 1492 2329 2.
1533 2318 1570 2320 -—
1610 2301 1796 2337 neglegunt.
1833 2299 1900 2328 Un-

72 2345 148 2399 gula
173 2365 280 2390 autem
305 2358 511 2399 MR2(G·?Q,).
537 2361 717 2398 negligunt.
744 2359 837 2398 Rapit
859 2359 973 2398 utzyzcla
997 2358 1122 2397 currus]
1153 2358 1280 2395 Ungula
1306 2368 1360 2396 pro
1386 2357 1432 2386 fh.
1500 2357 1553 2394 1321
1582 2357 1684 2394 Tropo
1710 2356 1899 2385 sinecdoche

72 2418 177 2455 MR‚u.
204 2416 441 2456 (synegdoche)
468 2426 485 2445 a
511 2416 755 2456 (synecdoche).
780 2414 889 2459 τρόπῳ
912 2412 1074 2458 συνκὸοχῃ
1101 2415 1145 2444 fh.
1178 2412 1294 2456 τρόπος
1327 2411 1504 2456 συνεκδοχή
1536 2413 1649 2442 inculc.
1684 2410 1813 2452 (G·?)Q‚
1845 2412 1899 2450 qui

33 2462 42 2468 ⁶
72 2478 158 2504 tacet
182 2484 212 2511 p.
238 2473 382 2503 XXXVI.
434 2473 489 2511 14)
515 2473 550 2502 Id
576 2478 625 2502 est
650 2484 709 2502 om.
738 2472 784 2502 fh.
810 2473 855 2502 his
881 2482 963 2501 omn.
991 2472 1076 2501 libri.
1095 2471 1122 2505 Q
1147 2472 1262 2500 iterum
1290 2472 1403 2500 int-ule,
1432 2470 1480 2499 εἰς.
1533 2471 1586 2508 16)
1613 2473 1720 2507 querat
1748 2467 1791 2497 M.
1845 2468 1899 2505 17)

74 2541 144 2561 sese
168 2531 203 2560 R.
234 2540 303 2560 cuin
329 2541 387 2560 om.
414 2530 479 2559 ΜΞ,
500 2548 539 2550 -ffi
559 2531 626 2560 uita
651 2531 725 2560 beat
750 2530 792 2559 M.
847 2529 900 2567 18)
929 2539 944 2558 e
970 2538 1062 2559 conu.
1091 2528 1160 2557 MR.
1187 2527 1255 2556 rell.
1283 2536 1317 2554 ea·
1343 2537 1433 2555 conu.
1487 2528 1540 2564 19)
1567 2526 1725 2563 repperire
1750 2523 1792 2553 M.
1843 2524 1899 2561 20)

74 2587 203 2626 Conpil.
230 2582 273 2616 M.
299 2587 422 2617 Plotius
447 2585 678 2625 MA2(G·?Q)v.
713 2586 847 2616 Politius
879 2586 914 2616 R.
949 2596 1009 2615 om.
1039 2585 1106 2615 assi.
1170 2584 1227 2622 21)
1256 2583 1388 2613 scribsit.
1422 2583 1566 2621 garrulae
1599 2581 1641 2610 M.
1675 2581 1775 2623 (negl.
1811 2580 1836 2615 Q
1869 2590 1897 2617 p.

74 2643 234 2682 XXXVI).
261 2644 384 2681 garrule
410 2643 466 2672 RQ.
494 2649 588 2672 reete.
617 2643 685 2672 rell.
714 2644 850 2681 garrula.
914 2661 918 2662 ν
946 2643 1145 2679 areetalogus
1171 2641 1203 2669 M
1230 2640 1380 2678 (Halm.)
1408 2639 1486 2668 cons.
1514 2638 1586 2666 Aer.
