<?xml version="1.0" encoding="UTF-8"?>
<!DOCTYPE html PUBLIC "-//W3C//DTD XHTML 1.0 Transitional//EN"
    "http://www.w3.org/TR/xhtml1/DTD/xhtml1-transitional.dtd">
<html xmlns="http://www.w3.org/1999/xhtml" xml:lang="en" lang="en">
 <head>
  <title>
</title>
<meta http-equiv="Content-Type" content="text/html;charset=utf-8" />
  <meta name='ocr-system' content='tesseract 3.04.00' />
  <meta name='ocr-capabilities' content='ocr_page ocr_carea ocr_par ocr_line ocrx_word'/>
</head>
<body>
  <div class='ocr_page' id='page_1' title='image "acronisetporphyr02pseuuoft_0019.png"; bbox 0 0 2148 3412; ppageno 0'>
   <div class='ocr_carea' id='block_1_1' title="bbox 790 115 1866 161">
    <p class='ocr_par' dir='ltr' id='par_1_1' title="bbox 790 115 1866 161">
     <span class='ocr_line' id='line_1_1' title="bbox 790 115 1866 161; baseline 0.002 -9"><span class='ocrx_word' id='word_1_1' title='bbox 790 120 837 152; x_wconf 82' lang='lat' dir='ltr'>IN</span> <span class='ocrx_word' id='word_1_2' title='bbox 864 120 999 153; x_wconf 72' lang='lat' dir='ltr'>snam.</span> <span class='ocrx_word' id='word_1_3' title='bbox 1027 121 1052 161; x_wconf 86' lang='lat'>1,</span> <span class='ocrx_word' id='word_1_4' title='bbox 1084 125 1111 153; x_wconf 91' lang='lat'>1.</span> <span class='ocrx_word' id='word_1_5' title='bbox 1818 115 1866 154; x_wconf 88' lang='lat'>11</span> 
     </span>
    </p>
   </div>
   <div class='ocr_carea' id='block_1_2' title="bbox 34 240 1871 1840">
    <p class='ocr_par' dir='ltr' id='par_1_2' title="bbox 40 240 1871 590">
     <span class='ocr_line' id='line_1_2' title="bbox 149 240 1870 300; baseline 0.004 -18"><span class='ocrx_word' id='word_1_6' title='bbox 149 242 296 297; x_wconf 74' lang='lat' dir='ltr'>populi</span> <span class='ocrx_word' id='word_1_7' title='bbox 324 257 355 282; x_wconf 83' lang='lat' dir='ltr'>c.</span> <span class='ocrx_word' id='word_1_8' title='bbox 385 256 514 284; x_wconf 77' lang='lat' dir='ltr'>uoces.</span> <span class='ocrx_word' id='word_1_9' title='bbox 575 240 688 294; x_wconf 81' lang='lat' dir='ltr'>Quia</span> <span class='ocrx_word' id='word_1_10' title='bbox 719 242 878 284; x_wconf 85' lang='lat' dir='ltr'>solebat</span> <span class='ocrx_word' id='word_1_11' title='bbox 908 244 1088 299; x_wconf 84' lang='lat' dir='ltr'>populus</span> <span class='ocrx_word' id='word_1_12' title='bbox 1119 244 1320 300; x_wconf 82' lang='lat' dir='ltr'>ingressis</span> <span class='ocrx_word' id='word_1_13' title='bbox 1341 246 1385 287; x_wconf 89' lang='lat' dir='ltr'>in</span> <span class='ocrx_word' id='word_1_14' title='bbox 1406 246 1613 288; x_wconf 81' lang='lat' dir='ltr'>theatrum</span> <span class='ocrx_word' id='word_1_15' title='bbox 1645 246 1750 288; x_wconf 92' lang='lat' dir='ltr'>bene</span> <span class='ocrx_word' id='word_1_16' title='bbox 1781 262 1870 289; x_wconf 92' lang='lat' dir='ltr'>me-</span> 
     </span>
     <span class='ocr_line' id='line_1_3' title="bbox 42 313 1871 375; baseline 0.005 -22"><span class='ocrx_word' id='word_1_17' title='bbox 42 313 133 354; x_wconf 88' lang='lat' dir='ltr'>ritis</span> <span class='ocrx_word' id='word_1_18' title='bbox 163 314 377 368; x_wconf 86' lang='lat' dir='ltr'>plaudere,</span> <span class='ocrx_word' id='word_1_19' title='bbox 408 315 541 356; x_wconf 86' lang='lat' dir='ltr'>malos</span> <span class='ocrx_word' id='word_1_20' title='bbox 572 315 807 357; x_wconf 84' lang='lat' dir='ltr'>exsibilare.</span> <span class='ocrx_word' id='word_1_21' title='bbox 877 317 942 358; x_wconf 80' lang='lat' dir='ltr'>Vel</span> <span class='ocrx_word' id='word_1_22' title='bbox 962 318 1098 358; x_wconf 63' lang='lat' dir='ltr'>aliter:</span> <span class='ocrx_word' id='word_1_23' title='bbox 1133 316 1315 369; x_wconf 85' lang='lat' dir='ltr'>Quando</span> <span class='ocrx_word' id='word_1_24' title='bbox 1338 319 1520 361; x_wconf 88' lang='lat' dir='ltr'>donabat</span> <span class='ocrx_word' id='word_1_25' title='bbox 1542 335 1704 370; x_wconf 86' lang='lat' dir='ltr'>munus,</span> <span class='ocrx_word' id='word_1_26' title='bbox 1736 335 1871 375; x_wconf 87' lang='lat' dir='ltr'>pauca</span> 
     </span>
     <span class='ocr_line' id='line_1_4' title="bbox 41 386 1871 448; baseline 0.004 -22"><span class='ocrx_word' id='word_1_27' title='bbox 41 386 223 427; x_wconf 88' lang='lat' dir='ltr'>donabat</span> <span class='ocrx_word' id='word_1_28' title='bbox 254 386 460 443; x_wconf 74' lang='lat' dir='ltr'>(dabatP),</span> <span class='ocrx_word' id='word_1_29' title='bbox 494 396 531 428; x_wconf 91' lang='lat' dir='ltr'>et</span> <span class='ocrx_word' id='word_1_30' title='bbox 563 403 587 429; x_wconf 86' lang='lat' dir='ltr'>a</span> <span class='ocrx_word' id='word_1_31' title='bbox 618 388 774 443; x_wconf 87' lang='lat' dir='ltr'>populo</span> <span class='ocrx_word' id='word_1_32' title='bbox 806 389 974 430; x_wconf 88' lang='lat' dir='ltr'>sibilum</span> <span class='ocrx_word' id='word_1_33' title='bbox 1005 389 1254 445; x_wconf 88' lang='lat' dir='ltr'>patiebatur.</span> <span class='ocrx_word' id='word_1_34' title='bbox 1328 391 1617 448; x_wconf 82' lang='lat' dir='ltr'>[Contenmere‚</span> <span class='ocrx_word' id='word_1_35' title='bbox 1663 409 1792 442; x_wconf 75' lang='lat' dir='ltr'>uoceS,</span> <span class='ocrx_word' id='word_1_36' title='bbox 1828 393 1871 434; x_wconf 90' lang='lat' dir='ltr'>id</span> 
     </span>
     <span class='ocr_line' id='line_1_5' title="bbox 41 461 1870 522; baseline 0.004 -22"><span class='ocrx_word' id='word_1_37' title='bbox 41 466 115 510; x_wconf 85' lang='lat' dir='ltr'>est,</span> <span class='ocrx_word' id='word_1_38' title='bbox 145 475 228 501; x_wconf 91' lang='lat' dir='ltr'>non</span> <span class='ocrx_word' id='word_1_39' title='bbox 260 475 406 502; x_wconf 86' lang='lat' dir='ltr'>curare</span> <span class='ocrx_word' id='word_1_40' title='bbox 438 461 529 518; x_wconf 88' lang='lat' dir='ltr'>[de]</span> <span class='ocrx_word' id='word_1_41' title='bbox 562 462 770 517; x_wconf 85' lang='lat' dir='ltr'>obloquiis</span> <span class='ocrx_word' id='word_1_42' title='bbox 802 462 967 519; x_wconf 90' lang='lat' dir='ltr'>populi]</span> <span class='ocrx_word' id='word_1_43' title='bbox 1000 463 1137 505; x_wconf 68' lang='lat' dir='ltr'>solitus</span> <span class='ocrx_word' id='word_1_44' title='bbox 1167 480 1196 505; x_wconf 89' lang='lat' dir='ltr'>s.</span> <span class='ocrx_word' id='word_1_45' title='bbox 1228 464 1380 506; x_wconf 88' lang='lat' dir='ltr'>dicere.</span> <span class='ocrx_word' id='word_1_46' title='bbox 1441 467 1693 522; x_wconf 76' lang='lat' dir='ltr'>contemplor.</span> <span class='ocrx_word' id='word_1_47' title='bbox 1756 465 1870 508; x_wconf 87' lang='lat' dir='ltr'>Con-</span> 
     </span>
     <span class='ocr_line' id='line_1_6' title="bbox 40 532 450 590; baseline 0.007 -17"><span class='ocrx_word' id='word_1_48' title='bbox 40 532 190 584; x_wconf 78' lang='lat' dir='ltr'>sidero,</span> <span class='ocrx_word' id='word_1_49' title='bbox 224 534 450 590; x_wconf 80' lang='lat' dir='ltr'>conspicio.</span> 
     </span>
    </p>

    <p class='ocr_par' dir='ltr' id='par_1_3' title="bbox 37 607 1871 958">
     <span class='ocr_line' id='line_1_7' title="bbox 160 607 1871 667; baseline 0.004 -19"><span class='ocrx_word' id='word_1_50' title='bbox 160 608 224 648; x_wconf 84' lang='lat'>68.</span> <span class='ocrx_word' id='word_1_51' title='bbox 264 609 463 650; x_wconf 77' lang='lat' dir='ltr'>Tantalus</span> <span class='ocrx_word' id='word_1_52' title='bbox 493 624 527 649; x_wconf 77' lang='lat' dir='ltr'>a.</span> <span class='ocrx_word' id='word_1_53' title='bbox 559 609 583 649; x_wconf 83' lang='lat' dir='ltr'>l.</span> <span class='ocrx_word' id='word_1_54' title='bbox 614 624 644 649; x_wconf 86' lang='lat' dir='ltr'>s.</span> <span class='ocrx_word' id='word_1_55' title='bbox 672 610 701 662; x_wconf 84' lang='lat' dir='ltr'>s.</span> <span class='ocrx_word' id='word_1_56' title='bbox 744 624 775 650; x_wconf 86' lang='lat' dir='ltr'>c.</span> <span class='ocrx_word' id='word_1_57' title='bbox 854 607 1019 650; x_wconf 83' lang='lat' dir='ltr'>Auaros</span> <span class='ocrx_word' id='word_1_58' title='bbox 1057 609 1114 650; x_wconf 88' lang='lat' dir='ltr'>ait</span> <span class='ocrx_word' id='word_1_59' title='bbox 1151 625 1286 665; x_wconf 89' lang='lat' dir='ltr'>paena</span> <span class='ocrx_word' id='word_1_60' title='bbox 1326 612 1482 667; x_wconf 83' lang='lat' dir='ltr'>urgeri,</span> <span class='ocrx_word' id='word_1_61' title='bbox 1530 627 1653 667; x_wconf 88' lang='lat' dir='ltr'>quam</span> <span class='ocrx_word' id='word_1_62' title='bbox 1691 612 1871 655; x_wconf 81' lang='lat' dir='ltr'>Tantalo</span> 
     </span>
     <span class='ocr_line' id='line_1_8' title="bbox 38 678 1871 738; baseline 0.004 -19"><span class='ocrx_word' id='word_1_63' title='bbox 38 678 205 720; x_wconf 86' lang='lat' dir='ltr'>fabulae</span> <span class='ocrx_word' id='word_1_64' title='bbox 235 680 571 736; x_wconf 84' lang='lat' dir='ltr'>adscripserunt3</span> <span class='ocrx_word' id='word_1_65' title='bbox 615 681 686 722; x_wconf 77' lang='lat' dir='ltr'>sed</span> <span class='ocrx_word' id='word_1_66' title='bbox 717 682 1098 724; x_wconf 88' lang='lat' dir='ltr'>commendandum</span> <span class='ocrx_word' id='word_1_67' title='bbox 1130 691 1192 724; x_wconf 90' lang='lat' dir='ltr'>est</span> <span class='ocrx_word' id='word_1_68' title='bbox 1221 683 1300 725; x_wconf 93' lang='lat' dir='ltr'>hoc</span> <span class='ocrx_word' id='word_1_69' title='bbox 1340 685 1693 738; x_wconf 79' lang='lat' dir='ltr'>pronuntiatione.</span> <span class='ocrx_word' id='word_1_70' title='bbox 1768 685 1871 727; x_wconf 84' lang='lat' dir='ltr'>Vult</span> 
     </span>
     <span class='ocr_line' id='line_1_9' title="bbox 39 753 1869 813; baseline 0.003 -20"><span class='ocrx_word' id='word_1_71' title='bbox 39 760 176 794; x_wconf 86' lang='lat' dir='ltr'>autem</span> <span class='ocrx_word' id='word_1_72' title='bbox 206 753 285 795; x_wconf 89' lang='lat' dir='ltr'>hoc</span> <span class='ocrx_word' id='word_1_73' title='bbox 316 754 469 804; x_wconf 87' lang='lat' dir='ltr'>dicere,</span> <span class='ocrx_word' id='word_1_74' title='bbox 517 755 628 809; x_wconf 87' lang='lat' dir='ltr'>quod</span> <span class='ocrx_word' id='word_1_75' title='bbox 660 754 809 796; x_wconf 88' lang='lat' dir='ltr'>similis</span> <span class='ocrx_word' id='word_1_76' title='bbox 840 762 901 796; x_wconf 90' lang='lat' dir='ltr'>est</span> <span class='ocrx_word' id='word_1_77' title='bbox 931 754 1124 806; x_wconf 83' lang='lat' dir='ltr'>Tantalo,</span> <span class='ocrx_word' id='word_1_78' title='bbox 1173 757 1244 811; x_wconf 87' lang='lat' dir='ltr'>qui</span> <span class='ocrx_word' id='word_1_79' title='bbox 1280 756 1405 798; x_wconf 82' lang='lat' dir='ltr'>habet</span> <span class='ocrx_word' id='word_1_80' title='bbox 1445 759 1667 813; x_wconf 88' lang='lat' dir='ltr'>pecuniam</span> <span class='ocrx_word' id='word_1_81' title='bbox 1707 766 1744 799; x_wconf 89' lang='lat' dir='ltr'>et</span> <span class='ocrx_word' id='word_1_82' title='bbox 1786 774 1869 800; x_wconf 89' lang='lat' dir='ltr'>non</span> 
     </span>
     <span class='ocr_line' id='line_1_10' title="bbox 37 826 1870 887; baseline 0.004 -20"><span class='ocrx_word' id='word_1_83' title='bbox 37 826 178 876; x_wconf 87' lang='lat' dir='ltr'>utitur,</span> <span class='ocrx_word' id='word_1_84' title='bbox 211 827 321 881; x_wconf 86' lang='lat' dir='ltr'>quia,</span> <span class='ocrx_word' id='word_1_85' title='bbox 345 828 698 882; x_wconf 81' lang='lat' dir='ltr'>quemadmodum</span> <span class='ocrx_word' id='word_1_86' title='bbox 721 827 924 870; x_wconf 79' lang='lat' dir='ltr'>Tantalus</span> <span class='ocrx_word' id='word_1_87' title='bbox 955 844 1039 870; x_wconf 90' lang='lat' dir='ltr'>non</span> <span class='ocrx_word' id='word_1_88' title='bbox 1070 836 1206 884; x_wconf 86' lang='lat' dir='ltr'>potest</span> <span class='ocrx_word' id='word_1_89' title='bbox 1237 830 1298 871; x_wconf 87' lang='lat' dir='ltr'>uti</span> <span class='ocrx_word' id='word_1_90' title='bbox 1320 831 1626 885; x_wconf 83' lang='lat' dir='ltr'>praesentibus,</span> <span class='ocrx_word' id='word_1_91' title='bbox 1659 831 1717 872; x_wconf 89' lang='lat' dir='ltr'>ita</span> <span class='ocrx_word' id='word_1_92' title='bbox 1734 846 1870 887; x_wconf 86' lang='lat' dir='ltr'>neque</span> 
     </span>
     <span class='ocr_line' id='line_1_11' title="bbox 38 900 1404 958; baseline 0.002 -17"><span class='ocrx_word' id='word_1_93' title='bbox 38 915 209 950; x_wconf 82' lang='lat' dir='ltr'>auarus3</span> <span class='ocrx_word' id='word_1_94' title='bbox 241 900 314 942; x_wconf 88' lang='lat' dir='ltr'>sed</span> <span class='ocrx_word' id='word_1_95' title='bbox 344 900 414 942; x_wconf 92' lang='lat' dir='ltr'>ille</span> <span class='ocrx_word' id='word_1_96' title='bbox 445 917 469 942; x_wconf 91' lang='lat' dir='ltr'>a</span> <span class='ocrx_word' id='word_1_97' title='bbox 499 901 654 952; x_wconf 84' lang='lat' dir='ltr'>Furiis,</span> <span class='ocrx_word' id='word_1_98' title='bbox 688 902 764 944; x_wconf 87' lang='lat' dir='ltr'>iste</span> <span class='ocrx_word' id='word_1_99' title='bbox 796 918 870 944; x_wconf 88' lang='lat' dir='ltr'>sua</span> <span class='ocrx_word' id='word_1_100' title='bbox 901 902 1114 944; x_wconf 89' lang='lat' dir='ltr'>uoluntate</span> <span class='ocrx_word' id='word_1_101' title='bbox 1146 902 1404 958; x_wconf 79' lang='lat' dir='ltr'>prohibetur.</span> 
     </span>
    </p>

    <p class='ocr_par' dir='ltr' id='par_1_4' title="bbox 154 974 762 1031">
     <span class='ocr_line' id='line_1_12' title="bbox 154 974 762 1031; baseline 0 -15"><span class='ocrx_word' id='word_1_102' title='bbox 154 983 302 1030; x_wconf 76' lang='lat' dir='ltr'>captat.</span> <span class='ocrx_word' id='word_1_103' title='bbox 362 974 603 1025; x_wconf 81' lang='lat' dir='ltr'>Desiderat,</span> <span class='ocrx_word' id='word_1_104' title='bbox 636 976 762 1031; x_wconf 89' lang='lat' dir='ltr'>cupit.</span> 
     </span>
    </p>

    <p class='ocr_par' dir='ltr' id='par_1_5' title="bbox 150 1047 1719 1106">
     <span class='ocr_line' id='line_1_13' title="bbox 150 1047 1719 1106; baseline 0.003 -18"><span class='ocrx_word' id='word_1_105' title='bbox 150 1049 320 1089; x_wconf 67' lang='lat' dir='ltr'>inhians.</span> <span class='ocrx_word' id='word_1_106' title='bbox 378 1047 565 1099; x_wconf 88' lang='lat' dir='ltr'>Timens,</span> <span class='ocrx_word' id='word_1_107' title='bbox 598 1048 811 1091; x_wconf 86' lang='lat' dir='ltr'>sollicitus.</span> <span class='ocrx_word' id='word_1_108' title='bbox 877 1050 1094 1100; x_wconf 72' lang='lat' dir='ltr'>Quidam</span> <span class='ocrx_word' id='word_1_109' title='bbox 1124 1059 1285 1106; x_wconf 78' lang='lat' dir='ltr'>stupens</span> <span class='ocrx_word' id='word_1_110' title='bbox 1312 1052 1462 1106; x_wconf 66' lang='lat' dir='ltr'>qaudz&#39;o</span> <span class='ocrx_word' id='word_1_111' title='bbox 1495 1051 1719 1106; x_wconf 88' lang='lat' dir='ltr'>accipiunt.</span> 
     </span>
    </p>

    <p class='ocr_par' dir='ltr' id='par_1_6' title="bbox 37 1121 1867 1325">
     <span class='ocr_line' id='line_1_14' title="bbox 153 1121 1867 1179; baseline 0.002 -17"><span class='ocrx_word' id='word_1_112' title='bbox 153 1129 189 1162; x_wconf 87' lang='lat' dir='ltr'>et</span> <span class='ocrx_word' id='word_1_113' title='bbox 209 1129 324 1178; x_wconf 75' lang='lat' dir='ltr'>[amq.</span> <span class='ocrx_word' id='word_1_114' title='bbox 340 1137 409 1178; x_wconf 75' lang='lat' dir='ltr'>pn.</span> <span class='ocrx_word' id='word_1_115' title='bbox 430 1125 567 1163; x_wconf 68' lang='lat' dir='ltr'>saeris.</span> <span class='ocrx_word' id='word_1_116' title='bbox 613 1121 730 1164; x_wconf 88' lang='lat' dir='ltr'>Bene</span> <span class='ocrx_word' id='word_1_117' title='bbox 751 1138 869 1164; x_wconf 77' lang='lat' dir='ltr'>sacra</span> <span class='ocrx_word' id='word_1_118' title='bbox 890 1123 933 1163; x_wconf 91' lang='lat' dir='ltr'>in</span> <span class='ocrx_word' id='word_1_119' title='bbox 955 1123 1313 1178; x_wconf 76' lang='lat' dir='ltr'>comparationem</span> <span class='ocrx_word' id='word_1_120' title='bbox 1334 1130 1373 1164; x_wconf 91' lang='lat' dir='ltr'>et</span> <span class='ocrx_word' id='word_1_121' title='bbox 1394 1124 1602 1179; x_wconf 82' lang='lat' dir='ltr'>picturam</span> <span class='ocrx_word' id='word_1_122' title='bbox 1623 1124 1867 1175; x_wconf 81' lang='lat' dir='ltr'>introduxit,</span> 
     </span>
     <span class='ocr_line' id='line_1_15' title="bbox 38 1195 1866 1253; baseline 0.002 -18"><span class='ocrx_word' id='word_1_123' title='bbox 38 1195 148 1236; x_wconf 90' lang='lat' dir='ltr'>unde</span> <span class='ocrx_word' id='word_1_124' title='bbox 179 1195 284 1235; x_wconf 90' lang='lat' dir='ltr'>nihil</span> <span class='ocrx_word' id='word_1_125' title='bbox 315 1195 367 1235; x_wconf 86' lang='lat' dir='ltr'>ad</span> <span class='ocrx_word' id='word_1_126' title='bbox 400 1203 617 1250; x_wconf 84' lang='lat' dir='ltr'>quaestum</span> <span class='ocrx_word' id='word_1_127' title='bbox 649 1196 778 1237; x_wconf 89' lang='lat' dir='ltr'>adimi</span> <span class='ocrx_word' id='word_1_128' title='bbox 810 1203 967 1251; x_wconf 81' lang='lat' dir='ltr'>potest3</span> <span class='ocrx_word' id='word_1_129' title='bbox 1004 1211 1100 1237; x_wconf 83' lang='lat' dir='ltr'>nam</span> <span class='ocrx_word' id='word_1_130' title='bbox 1133 1211 1182 1237; x_wconf 83' lang='lat' dir='ltr'>ex</span> <span class='ocrx_word' id='word_1_131' title='bbox 1214 1213 1297 1238; x_wconf 87' lang='lat' dir='ltr'>una</span> <span class='ocrx_word' id='word_1_132' title='bbox 1327 1204 1446 1252; x_wconf 86' lang='lat' dir='ltr'>parte</span> <span class='ocrx_word' id='word_1_133' title='bbox 1477 1197 1628 1253; x_wconf 87' lang='lat' dir='ltr'>religio</span> <span class='ocrx_word' id='word_1_134' title='bbox 1659 1198 1866 1253; x_wconf 77' lang='lat' dir='ltr'>prohibet,</span> 
     </span>
     <span class='ocr_line' id='line_1_16' title="bbox 37 1268 1696 1325; baseline 0.002 -17"><span class='ocrx_word' id='word_1_135' title='bbox 37 1281 89 1308; x_wconf 85' lang='lat' dir='ltr'>ex</span> <span class='ocrx_word' id='word_1_136' title='bbox 119 1268 249 1309; x_wconf 87' lang='lat' dir='ltr'>altera</span> <span class='ocrx_word' id='word_1_137' title='bbox 281 1274 439 1309; x_wconf 89' lang='lat' dir='ltr'>tantum</span> <span class='ocrx_word' id='word_1_138' title='bbox 471 1284 539 1310; x_wconf 86' lang='lat' dir='ltr'>ars</span> <span class='ocrx_word' id='word_1_139' title='bbox 571 1269 660 1310; x_wconf 87' lang='lat' dir='ltr'>sine</span> <span class='ocrx_word' id='word_1_140' title='bbox 691 1269 827 1310; x_wconf 86' lang='lat' dir='ltr'>fructu</span> <span class='ocrx_word' id='word_1_141' title='bbox 858 1269 1107 1310; x_wconf 89' lang='lat' dir='ltr'>intuentium</span> <span class='ocrx_word' id='word_1_142' title='bbox 1140 1269 1302 1311; x_wconf 87' lang='lat' dir='ltr'>animos</span> <span class='ocrx_word' id='word_1_143' title='bbox 1334 1285 1500 1325; x_wconf 86' lang='lat' dir='ltr'>quoque</span> <span class='ocrx_word' id='word_1_144' title='bbox 1531 1271 1696 1312; x_wconf 88' lang='lat' dir='ltr'>inludit.</span> 
     </span>
    </p>

    <p class='ocr_par' dir='ltr' id='par_1_7' title="bbox 36 1341 1869 1543">
     <span class='ocr_line' id='line_1_17' title="bbox 150 1341 1869 1397; baseline 0.003 -16"><span class='ocrx_word' id='word_1_145' title='bbox 150 1343 214 1382; x_wconf 80' lang='lat'>72.</span> <span class='ocrx_word' id='word_1_146' title='bbox 248 1350 319 1382; x_wconf 77' lang='lat' dir='ltr'>aut</span> <span class='ocrx_word' id='word_1_147' title='bbox 342 1343 463 1397; x_wconf 70' lang='lat' dir='ltr'>pictis</span> <span class='ocrx_word' id='word_1_148' title='bbox 493 1349 517 1382; x_wconf 84' lang='lat' dir='ltr'>t.</span> <span class='ocrx_word' id='word_1_149' title='bbox 548 1357 583 1396; x_wconf 73' lang='lat' dir='ltr'>q.</span> <span class='ocrx_word' id='word_1_150' title='bbox 618 1350 641 1382; x_wconf 83' lang='lat' dir='ltr'>t.</span> <span class='ocrx_word' id='word_1_151' title='bbox 700 1341 933 1396; x_wconf 81' lang='lat' dir='ltr'>Eleganter</span> <span class='ocrx_word' id='word_1_152' title='bbox 971 1342 1075 1383; x_wconf 85' lang='lat' dir='ltr'>tales</span> <span class='ocrx_word' id='word_1_153' title='bbox 1114 1342 1170 1383; x_wconf 89' lang='lat' dir='ltr'>ait</span> <span class='ocrx_word' id='word_1_154' title='bbox 1210 1344 1349 1384; x_wconf 86' lang='lat' dir='ltr'>auaris</span> <span class='ocrx_word' id='word_1_155' title='bbox 1387 1357 1476 1384; x_wconf 87' lang='lat' dir='ltr'>esse</span> <span class='ocrx_word' id='word_1_156' title='bbox 1517 1343 1700 1394; x_wconf 88' lang='lat' dir='ltr'>diuitias,</span> <span class='ocrx_word' id='word_1_157' title='bbox 1747 1359 1796 1386; x_wconf 85' lang='lat' dir='ltr'>ac</span> <span class='ocrx_word' id='word_1_158' title='bbox 1834 1345 1869 1386; x_wconf 91' lang='lat' dir='ltr'>si</span> 
     </span>
     <span class='ocr_line' id='line_1_18' title="bbox 36 1414 1868 1471; baseline 0.002 -16"><span class='ocrx_word' id='word_1_159' title='bbox 36 1414 173 1470; x_wconf 83' lang='lat' dir='ltr'>pictae</span> <span class='ocrx_word' id='word_1_160' title='bbox 204 1414 286 1456; x_wconf 89' lang='lat' dir='ltr'>sint</span> <span class='ocrx_word' id='word_1_161' title='bbox 316 1422 488 1464; x_wconf 85' lang='lat' dir='ltr'>tantum,</span> <span class='ocrx_word' id='word_1_162' title='bbox 527 1429 633 1469; x_wconf 84' lang='lat' dir='ltr'>quae</span> <span class='ocrx_word' id='word_1_163' title='bbox 663 1429 739 1469; x_wconf 87' lang='lat' dir='ltr'>per</span> <span class='ocrx_word' id='word_1_164' title='bbox 769 1415 990 1456; x_wconf 88' lang='lat' dir='ltr'>auaritiam</span> <span class='ocrx_word' id='word_1_165' title='bbox 1021 1416 1139 1471; x_wconf 87' lang='lat' dir='ltr'>tangi</span> <span class='ocrx_word' id='word_1_166' title='bbox 1171 1431 1253 1457; x_wconf 93' lang='lat' dir='ltr'>non</span> <span class='ocrx_word' id='word_1_167' title='bbox 1285 1423 1470 1471; x_wconf 85' lang='lat' dir='ltr'>possunt.</span> <span class='ocrx_word' id='word_1_168' title='bbox 1547 1415 1663 1469; x_wconf 77' lang='lat' dir='ltr'>Quid</span> <span class='ocrx_word' id='word_1_169' title='bbox 1697 1417 1868 1459; x_wconf 86' lang='lat' dir='ltr'>interest</span> 
     </span>
     <span class='ocr_line' id='line_1_19' title="bbox 36 1487 1481 1543; baseline 0.001 -15"><span class='ocrx_word' id='word_1_170' title='bbox 36 1488 145 1529; x_wconf 87' lang='lat' dir='ltr'>inter</span> <span class='ocrx_word' id='word_1_171' title='bbox 175 1487 465 1530; x_wconf 86' lang='lat' dir='ltr'>abstinentiam</span> <span class='ocrx_word' id='word_1_172' title='bbox 496 1496 535 1529; x_wconf 90' lang='lat' dir='ltr'>et</span> <span class='ocrx_word' id='word_1_173' title='bbox 565 1488 787 1543; x_wconf 86' lang='lat' dir='ltr'>picturam,</span> <span class='ocrx_word' id='word_1_174' title='bbox 819 1488 901 1530; x_wconf 89' lang='lat' dir='ltr'>nisi</span> <span class='ocrx_word' id='word_1_175' title='bbox 931 1496 976 1530; x_wconf 89' lang='lat' dir='ltr'>ut</span> <span class='ocrx_word' id='word_1_176' title='bbox 1006 1504 1083 1530; x_wconf 90' lang='lat' dir='ltr'>usu</span> <span class='ocrx_word' id='word_1_177' title='bbox 1113 1496 1274 1530; x_wconf 88' lang='lat' dir='ltr'>tantum</span> <span class='ocrx_word' id='word_1_178' title='bbox 1303 1489 1481 1531; x_wconf 81' lang='lat' dir='ltr'>fruaris?</span> 
     </span>
    </p>

    <p class='ocr_par' dir='ltr' id='par_1_8' title="bbox 34 1561 1866 1690">
     <span class='ocr_line' id='line_1_20' title="bbox 149 1561 1866 1619; baseline 0.002 -16"><span class='ocrx_word' id='word_1_179' title='bbox 149 1563 327 1604; x_wconf 59' lang='grc'>73-«75.</span> <span class='ocrx_word' id='word_1_180' title='bbox 359 1563 498 1604; x_wconf 77' lang='lat' dir='ltr'>Nescis</span> <span class='ocrx_word' id='word_1_181' title='bbox 530 1576 604 1617; x_wconf 77' lang='lat' dir='ltr'>qno</span> <span class='ocrx_word' id='word_1_182' title='bbox 625 1562 757 1603; x_wconf 76' lang='lat' dir='ltr'>ualeat</span> <span class='ocrx_word' id='word_1_183' title='bbox 777 1577 815 1603; x_wconf 90' lang='lat' dir='ltr'>n.</span> <span class='ocrx_word' id='word_1_184' title='bbox 860 1561 1058 1617; x_wconf 87' lang='lat' dir='ltr'>Increpat</span> <span class='ocrx_word' id='word_1_185' title='bbox 1079 1577 1273 1603; x_wconf 83' lang='lat' dir='ltr'>auarum:</span> <span class='ocrx_word' id='word_1_186' title='bbox 1306 1577 1425 1604; x_wconf 88' lang='lat' dir='ltr'>usum</span> <span class='ocrx_word' id='word_1_187' title='bbox 1456 1564 1660 1617; x_wconf 89' lang='lat' dir='ltr'>pecuniae</span> <span class='ocrx_word' id='word_1_188' title='bbox 1682 1564 1866 1619; x_wconf 81' lang='lat' dir='ltr'>ignoras.</span> 
     </span>
     <span class='ocr_line' id='line_1_21' title="bbox 34 1633 1383 1690; baseline 0.001 -15"><span class='ocrx_word' id='word_1_189' title='bbox 34 1633 263 1690; x_wconf 89' lang='lat' dir='ltr'>Emphasis</span> <span class='ocrx_word' id='word_1_190' title='bbox 295 1643 374 1676; x_wconf 87' lang='lat' dir='ltr'>est:</span> <span class='ocrx_word' id='word_1_191' title='bbox 409 1636 461 1675; x_wconf 88' lang='lat' dir='ltr'>ad</span> <span class='ocrx_word' id='word_1_192' title='bbox 494 1650 596 1690; x_wconf 86' lang='lat' dir='ltr'>quos</span> <span class='ocrx_word' id='word_1_193' title='bbox 626 1635 760 1676; x_wconf 83' lang='lat' dir='ltr'>factus</span> <span class='ocrx_word' id='word_1_194' title='bbox 792 1641 851 1676; x_wconf 85' lang='lat' dir='ltr'>cst</span> <span class='ocrx_word' id='word_1_195' title='bbox 883 1651 980 1676; x_wconf 91' lang='lat' dir='ltr'>usus</span> <span class='ocrx_word' id='word_1_196' title='bbox 1011 1636 1191 1677; x_wconf 79' lang='lat' dir='ltr'>numus?</span> <span class='ocrx_word' id='word_1_197' title='bbox 1223 1635 1383 1677; x_wconf 85' lang='lat' dir='ltr'>Nescis.</span> 
     </span>
    </p>

    <p class='ocr_par' dir='ltr' id='par_1_9' title="bbox 149 1707 1620 1767">
     <span class='ocr_line' id='line_1_22' title="bbox 149 1707 1620 1767; baseline 0.001 -18"><span class='ocrx_word' id='word_1_198' title='bbox 149 1711 214 1750; x_wconf 83' lang='lat'>74.</span> <span class='ocrx_word' id='word_1_199' title='bbox 240 1712 360 1766; x_wconf 72' lang='lat' dir='ltr'>panis</span> <span class='ocrx_word' id='word_1_200' title='bbox 392 1725 422 1750; x_wconf 91' lang='lat' dir='ltr'>e.</span> <span class='ocrx_word' id='word_1_201' title='bbox 483 1707 719 1765; x_wconf 87' lang='lat' dir='ltr'>[Definitio‚</span> <span class='ocrx_word' id='word_1_202' title='bbox 752 1708 903 1763; x_wconf 88' lang='lat' dir='ltr'>quibus</span> <span class='ocrx_word' id='word_1_203' title='bbox 933 1709 1058 1750; x_wconf 87' lang='lat' dir='ltr'>rebus</span> <span class='ocrx_word' id='word_1_204' title='bbox 1089 1709 1316 1751; x_wconf 84' lang='lat' dir='ltr'>necessarii</span> <span class='ocrx_word' id='word_1_205' title='bbox 1348 1718 1442 1751; x_wconf 84' lang='lat' dir='ltr'>sunt</span> <span class='ocrx_word' id='word_1_206' title='bbox 1472 1710 1620 1767; x_wconf 65' lang='lat' dir='ltr'>numi]</span> 
     </span>
    </p>

    <p class='ocr_par' dir='ltr' id='par_1_10' title="bbox 149 1782 1868 1840">
     <span class='ocr_line' id='line_1_23' title="bbox 149 1782 1868 1840; baseline 0.001 -16"><span class='ocrx_word' id='word_1_207' title='bbox 149 1784 213 1825; x_wconf 84' lang='lat'>75.</span> <span class='ocrx_word' id='word_1_208' title='bbox 246 1784 348 1825; x_wconf 79' lang='lat' dir='ltr'>adde</span> <span class='ocrx_word' id='word_1_209' title='bbox 379 1784 465 1840; x_wconf 74' lang='lat' dir='ltr'>quis</span> <span class='ocrx_word' id='word_1_210' title='bbox 497 1784 532 1824; x_wconf 75' lang='lat' dir='ltr'>k.</span> <span class='ocrx_word' id='word_1_211' title='bbox 564 1799 593 1823; x_wconf 86' lang='lat' dir='ltr'>s.</span> <span class='ocrx_word' id='word_1_212' title='bbox 627 1784 663 1824; x_wconf 84' lang='lat' dir='ltr'>cl.</span> <span class='ocrx_word' id='word_1_213' title='bbox 696 1798 733 1824; x_wconf 85' lang='lat' dir='ltr'>n.</span> <span class='ocrx_word' id='word_1_214' title='bbox 764 1798 802 1824; x_wconf 84' lang='lat' dir='ltr'>n.</span> <span class='ocrx_word' id='word_1_215' title='bbox 875 1782 925 1823; x_wconf 89' lang='lat' dir='ltr'>Id</span> <span class='ocrx_word' id='word_1_216' title='bbox 957 1791 1038 1824; x_wconf 88' lang='lat' dir='ltr'>est:</span> <span class='ocrx_word' id='word_1_217' title='bbox 1086 1782 1193 1823; x_wconf 89' lang='lat' dir='ltr'>adde</span> <span class='ocrx_word' id='word_1_218' title='bbox 1225 1783 1349 1824; x_wconf 87' lang='lat' dir='ltr'>etiam</span> <span class='ocrx_word' id='word_1_219' title='bbox 1381 1783 1466 1833; x_wconf 92' lang='lat' dir='ltr'>illa,</span> <span class='ocrx_word' id='word_1_220' title='bbox 1514 1784 1665 1839; x_wconf 88' lang='lat' dir='ltr'>quibus</span> <span class='ocrx_word' id='word_1_221' title='bbox 1704 1784 1868 1840; x_wconf 80' lang='lat' dir='ltr'>negatis</span> 
     </span>
    </p>
   </div>
   <div class='ocr_carea' id='block_1_3' title="bbox 35 1989 1870 3165">
    <p class='ocr_par' dir='ltr' id='par_1_11' title="bbox 35 1989 1870 3165">
     <span class='ocr_line' id='line_1_24' title="bbox 152 1989 1867 2029; baseline 0.001 -9"><span class='ocrx_word' id='word_1_222' title='bbox 152 1989 184 2029; x_wconf 84' lang='lat'>1)</span> <span class='ocrx_word' id='word_1_223' title='bbox 213 1990 342 2028; x_wconf 88' lang='lat' dir='ltr'>populos</span> <span class='ocrx_word' id='word_1_224' title='bbox 359 1989 466 2027; x_wconf 81' lang='lat' dir='ltr'>X,niv.</span> <span class='ocrx_word' id='word_1_225' title='bbox 485 1989 659 2028; x_wconf 81' lang='lat' dir='ltr'>(ingressos</span> <span class='ocrx_word' id='word_1_226' title='bbox 677 1990 755 2028; x_wconf 88' lang='lat' dir='ltr'>mv.)</span> <span class='ocrx_word' id='word_1_227' title='bbox 774 1990 932 2027; x_wconf 78' lang='lat' dir='ltr'>ingressus</span> <span class='ocrx_word' id='word_1_228' title='bbox 956 1989 995 2018; x_wconf 85' lang='lat' dir='ltr'>X.</span> <span class='ocrx_word' id='word_1_229' title='bbox 1010 2008 1042 2009; x_wconf 35' lang='grc' dir='ltr'><em>ψ</em></span> <span class='ocrx_word' id='word_1_230' title='bbox 1058 2007 1098 2010; x_wconf 79' lang='lat'>—-—</span> <span class='ocrx_word' id='word_1_231' title='bbox 1115 1990 1205 2025; x_wconf 81' lang='lat' dir='ltr'>Quod</span> <span class='ocrx_word' id='word_1_232' title='bbox 1223 1994 1328 2020; x_wconf 85' lang='lat' dir='ltr'>autem</span> <span class='ocrx_word' id='word_1_233' title='bbox 1348 1991 1428 2020; x_wconf 87' lang='lat' dir='ltr'>dicit</span> <span class='ocrx_word' id='word_1_234' title='bbox 1452 1989 1561 2020; x_wconf 66' lang='lat' dir='ltr'>sibilat.</span> <span class='ocrx_word' id='word_1_235' title='bbox 1587 1995 1725 2021; x_wconf 86' lang='lat' dir='ltr'>tractum</span> <span class='ocrx_word' id='word_1_236' title='bbox 1751 1995 1800 2021; x_wconf 83' lang='lat' dir='ltr'>est</span> <span class='ocrx_word' id='word_1_237' title='bbox 1826 2001 1867 2021; x_wconf 80' lang='lat' dir='ltr'>ex</span> 
     </span>
     <span class='ocr_line' id='line_1_25' title="bbox 35 2046 1867 2087; baseline 0.001 -11"><span class='ocrx_word' id='word_1_238' title='bbox 35 2046 95 2077; x_wconf 89' lang='lat' dir='ltr'>hoe</span> <span class='ocrx_word' id='word_1_239' title='bbox 119 2047 194 2085; x_wconf 88' lang='lat' dir='ltr'>quia</span> <span class='ocrx_word' id='word_1_240' title='bbox 218 2047 317 2076; x_wconf 85' lang='lat' dir='ltr'>malos</span> <span class='ocrx_word' id='word_1_241' title='bbox 342 2047 503 2086; x_wconf 79' lang='lat' dir='ltr'>principes</span> <span class='ocrx_word' id='word_1_242' title='bbox 536 2047 677 2076; x_wconf 79' lang='lat' dir='ltr'>ciuitatis</span> <span class='ocrx_word' id='word_1_243' title='bbox 709 2050 840 2076; x_wconf 77' lang='lat' dir='ltr'>teatrum</span> <span class='ocrx_word' id='word_1_244' title='bbox 873 2048 1037 2085; x_wconf 74' lang='lat' dir='ltr'>ingressus</span> <span class='ocrx_word' id='word_1_245' title='bbox 1068 2047 1205 2085; x_wconf 80' lang='lat' dir='ltr'>populus</span> <span class='ocrx_word' id='word_1_246' title='bbox 1240 2047 1448 2076; x_wconf 78' lang='lat' dir='ltr'>exsibilabat.</span> <span class='ocrx_word' id='word_1_247' title='bbox 1482 2048 1580 2077; x_wconf 87' lang='lat' dir='ltr'>bonos</span> <span class='ocrx_word' id='word_1_248' title='bbox 1612 2052 1720 2078; x_wconf 88' lang='lat' dir='ltr'>autem</span> <span class='ocrx_word' id='word_1_249' title='bbox 1753 2049 1867 2087; x_wconf 83' lang='lat' dir='ltr'>plausu</span> 
     </span>
     <span class='ocr_line' id='line_1_26' title="bbox 36 2102 1867 2147; baseline 0.001 -15"><span class='ocrx_word' id='word_1_250' title='bbox 36 2103 219 2141; x_wconf 80' lang='lat' dir='ltr'>excipiebat</span> <span class='ocrx_word' id='word_1_251' title='bbox 233 2103 297 2146; x_wconf 80' lang='grc' dir='ltr'>Βφ.</span> <span class='ocrx_word' id='word_1_252' title='bbox 348 2102 382 2141; x_wconf 81' lang='grc'><strong>2)</strong></span> <span class='ocrx_word' id='word_1_253' title='bbox 408 2103 537 2133; x_wconf 85' lang='lat' dir='ltr'>exsibil.</span> <span class='ocrx_word' id='word_1_254' title='bbox 562 2102 685 2146; x_wconf 54' lang='lat' dir='ltr'>thpss).</span> <span class='ocrx_word' id='word_1_255' title='bbox 713 2103 827 2132; x_wconf 83' lang='lat' dir='ltr'>exibil.</span> <span class='ocrx_word' id='word_1_256' title='bbox 853 2102 1078 2132; x_wconf 31' lang='lat' dir='ltr'>vacafhffr-</span> <span class='ocrx_word' id='word_1_257' title='bbox 1095 2102 1231 2138; x_wconf 80' lang='lat' dir='ltr'>Quando</span> <span class='ocrx_word' id='word_1_258' title='bbox 1257 2103 1353 2133; x_wconf 77' lang='lat' dir='ltr'>dabat</span> <span class='ocrx_word' id='word_1_259' title='bbox 1378 2113 1404 2145; x_wconf 76' lang='grc' dir='ltr'>γ.</span> <span class='ocrx_word' id='word_1_260' title='bbox 1424 2121 1461 2124; x_wconf 36' lang='grc' dir='ltr'><em>Ἦ</em></span> <span class='ocrx_word' id='word_1_261' title='bbox 1477 2104 1576 2133; x_wconf 71' lang='lat' dir='ltr'>minus</span> <span class='ocrx_word' id='word_1_262' title='bbox 1595 2105 1735 2134; x_wconf 84' lang='lat' dir='ltr'>donabat</span> <span class='ocrx_word' id='word_1_263' title='bbox 1758 2115 1784 2147; x_wconf 78' lang='grc' dir='ltr'>γ.</span> <span class='ocrx_word' id='word_1_264' title='bbox 1811 2106 1867 2134; x_wconf 88' lang='lat' dir='ltr'>do-</span> 
     </span>
     <span class='ocr_line' id='line_1_27' title="bbox 37 2158 1864 2200; baseline 0.001 -12"><span class='ocrx_word' id='word_1_265' title='bbox 37 2159 162 2189; x_wconf 77' lang='lat' dir='ltr'>nauitX.</span> <span class='ocrx_word' id='word_1_266' title='bbox 214 2160 248 2198; x_wconf 87' lang='lat'>3)</span> <span class='ocrx_word' id='word_1_267' title='bbox 275 2160 373 2189; x_wconf 84' lang='lat' dir='ltr'>schol.</span> <span class='ocrx_word' id='word_1_268' title='bbox 400 2170 460 2190; x_wconf 88' lang='lat' dir='ltr'>om.</span> <span class='ocrx_word' id='word_1_269' title='bbox 487 2169 512 2200; x_wconf 77' lang='grc' dir='ltr'>γ.</span> <span class='ocrx_word' id='word_1_270' title='bbox 534 2158 722 2189; x_wconf 72' lang='lat' dir='ltr'>Contemnere</span> <span class='ocrx_word' id='word_1_271' title='bbox 747 2164 854 2189; x_wconf 84' lang='lat' dir='ltr'>autem</span> <span class='ocrx_word' id='word_1_272' title='bbox 877 2169 974 2196; x_wconf 77' lang='lat' dir='ltr'>uoces,</span> <span class='ocrx_word' id='word_1_273' title='bbox 1000 2160 1032 2188; x_wconf 90' lang='lat' dir='ltr'>id</span> <span class='ocrx_word' id='word_1_274' title='bbox 1059 2164 1117 2196; x_wconf 74' lang='lat' dir='ltr'>est,</span> <span class='ocrx_word' id='word_1_275' title='bbox 1145 2169 1206 2189; x_wconf 89' lang='lat' dir='ltr'>non</span> <span class='ocrx_word' id='word_1_276' title='bbox 1233 2169 1342 2189; x_wconf 85' lang='lat' dir='ltr'>curare</span> <span class='ocrx_word' id='word_1_277' title='bbox 1364 2160 1412 2189; x_wconf 84' lang='lat' dir='ltr'>fh.</span> <span class='ocrx_word' id='word_1_278' title='bbox 1439 2164 1535 2189; x_wconf 71' lang='lat' dir='ltr'>antem</span> <span class='ocrx_word' id='word_1_279' title='bbox 1565 2165 1595 2189; x_wconf 89' lang='lat' dir='ltr'>et</span> <span class='ocrx_word' id='word_1_280' title='bbox 1620 2161 1654 2190; x_wconf 73' lang='lat' dir='ltr'>id</span> <span class='ocrx_word' id='word_1_281' title='bbox 1675 2165 1718 2190; x_wconf 78' lang='lat' dir='ltr'>est</span> <span class='ocrx_word' id='word_1_282' title='bbox 1740 2171 1799 2190; x_wconf 86' lang='lat' dir='ltr'>om.</span> <span class='ocrx_word' id='word_1_283' title='bbox 1828 2161 1864 2190; x_wconf 86' lang='lat' dir='ltr'>C.</span> 
     </span>
     <span class='ocr_line' id='line_1_28' title="bbox 36 2215 1866 2255; baseline 0.001 -10"><span class='ocrx_word' id='word_1_284' title='bbox 36 2216 106 2246; x_wconf 82' lang='lat' dir='ltr'>rell.</span> <span class='ocrx_word' id='word_1_285' title='bbox 133 2226 194 2247; x_wconf 89' lang='lat' dir='ltr'>om.</span> <span class='ocrx_word' id='word_1_286' title='bbox 220 2220 328 2246; x_wconf 85' lang='lat' dir='ltr'>autem</span> <span class='ocrx_word' id='word_1_287' title='bbox 353 2226 447 2246; x_wconf 86' lang='lat' dir='ltr'>uoces</span> <span class='ocrx_word' id='word_1_288' title='bbox 474 2217 503 2245; x_wconf 85' lang='lat' dir='ltr'>id</span> <span class='ocrx_word' id='word_1_289' title='bbox 530 2220 590 2246; x_wconf 83' lang='lat' dir='ltr'>est.</span> <span class='ocrx_word' id='word_1_290' title='bbox 622 2226 669 2245; x_wconf 86' lang='lat' dir='ltr'>cu.</span> <span class='ocrx_word' id='word_1_291' title='bbox 696 2216 847 2255; x_wconf 77' lang='lat' dir='ltr'>obloquia</span> <span class='ocrx_word' id='word_1_292' title='bbox 872 2226 944 2255; x_wconf 90' lang='lat' dir='ltr'>pop.</span> <span class='ocrx_word' id='word_1_293' title='bbox 971 2216 1004 2245; x_wconf 82' lang='lat' dir='ltr'>C.</span> <span class='ocrx_word' id='word_1_294' title='bbox 1032 2226 1140 2246; x_wconf 83' lang='lat' dir='ltr'>curare</span> <span class='ocrx_word' id='word_1_295' title='bbox 1166 2217 1201 2246; x_wconf 77' lang='lat' dir='ltr'>de</span> <span class='ocrx_word' id='word_1_296' title='bbox 1227 2217 1361 2247; x_wconf 87' lang='lat' dir='ltr'>emendo</span> <span class='ocrx_word' id='word_1_297' title='bbox 1387 2215 1451 2246; x_wconf 81' lang='lat' dir='ltr'>Cic.</span> <span class='ocrx_word' id='word_1_298' title='bbox 1476 2217 1546 2246; x_wconf 79' lang='lat' dir='ltr'>Att.</span> <span class='ocrx_word' id='word_1_299' title='bbox 1573 2217 1656 2254; x_wconf 84' lang='lat' dir='ltr'>XIV,</span> <span class='ocrx_word' id='word_1_300' title='bbox 1679 2218 1728 2246; x_wconf 86' lang='lat'>13.</span> <span class='ocrx_word' id='word_1_301' title='bbox 1756 2217 1866 2247; x_wconf 82' lang='lat' dir='ltr'>Satius</span> 
     </span>
     <span class='ocr_line' id='line_1_29' title="bbox 37 2273 1866 2311; baseline 0.001 -9"><span class='ocrx_word' id='word_1_302' title='bbox 37 2276 85 2302; x_wconf 83' lang='lat' dir='ltr'>est</span> <span class='ocrx_word' id='word_1_303' title='bbox 108 2273 256 2303; x_wconf 88' lang='lat' dir='ltr'>omittere</span> <span class='ocrx_word' id='word_1_304' title='bbox 280 2273 326 2310; x_wconf 78' lang='lat' dir='ltr'>cle,</span> <span class='ocrx_word' id='word_1_305' title='bbox 364 2278 399 2303; x_wconf 87' lang='lat' dir='ltr'>ut</span> <span class='ocrx_word' id='word_1_306' title='bbox 423 2273 479 2303; x_wconf 81' lang='lat' dir='ltr'>obl.</span> <span class='ocrx_word' id='word_1_307' title='bbox 506 2274 548 2302; x_wconf 88' lang='lat' dir='ltr'>sit</span> <span class='ocrx_word' id='word_1_308' title='bbox 574 2273 716 2310; x_wconf 84' lang='lat' dir='ltr'>datiuus,</span> <span class='ocrx_word' id='word_1_309' title='bbox 753 2277 788 2302; x_wconf 89' lang='lat' dir='ltr'>ut</span> <span class='ocrx_word' id='word_1_310' title='bbox 812 2273 919 2303; x_wconf 86' lang='lat' dir='ltr'>Plaut.</span> <span class='ocrx_word' id='word_1_311' title='bbox 947 2273 1040 2302; x_wconf 88' lang='lat' dir='ltr'>Truc.</span> <span class='ocrx_word' id='word_1_312' title='bbox 1067 2274 1091 2310; x_wconf 87' lang='lat' dir='ltr'>I,</span> <span class='ocrx_word' id='word_1_313' title='bbox 1120 2274 1148 2311; x_wconf 88' lang='grc'>2,</span> <span class='ocrx_word' id='word_1_314' title='bbox 1177 2274 1235 2303; x_wconf 84' lang='lat'>35:</span> <span class='ocrx_word' id='word_1_315' title='bbox 1271 2273 1359 2302; x_wconf 75' lang='lat' dir='ltr'>rebus</span> <span class='ocrx_word' id='word_1_316' title='bbox 1384 2273 1500 2303; x_wconf 54' lang='lat' dir='ltr'>alienia</span> <span class='ocrx_word' id='word_1_317' title='bbox 1533 2273 1617 2303; x_wconf 85' lang='lat' dir='ltr'>conf.</span> <span class='ocrx_word' id='word_1_318' title='bbox 1643 2273 1749 2302; x_wconf 87' lang='lat' dir='ltr'>Plaut.</span> <span class='ocrx_word' id='word_1_319' title='bbox 1777 2274 1866 2303; x_wconf 88' lang='lat' dir='ltr'>Trin.</span> 
     </span>
     <span class='ocr_line' id='line_1_30' title="bbox 36 2328 1866 2372; baseline 0.001 -14"><span class='ocrx_word' id='word_1_320' title='bbox 36 2329 91 2366; x_wconf 89' lang='lat' dir='ltr'>IV,</span> <span class='ocrx_word' id='word_1_321' title='bbox 118 2331 147 2367; x_wconf 87' lang='lat'>3,</span> <span class='ocrx_word' id='word_1_322' title='bbox 176 2330 227 2360; x_wconf 87' lang='lat'>50.</span> <span class='ocrx_word' id='word_1_323' title='bbox 277 2330 310 2367; x_wconf 84' lang='lat'>7)</span> <span class='ocrx_word' id='word_1_324' title='bbox 336 2330 396 2359; x_wconf 89' lang='lat' dir='ltr'>hoc</span> <span class='ocrx_word' id='word_1_325' title='bbox 420 2339 478 2359; x_wconf 86' lang='lat' dir='ltr'>om.</span> <span class='ocrx_word' id='word_1_326' title='bbox 504 2330 552 2359; x_wconf 85' lang='lat' dir='ltr'>fh.</span> <span class='ocrx_word' id='word_1_327' title='bbox 616 2328 671 2368; x_wconf 90' lang='lat'>10)</span> <span class='ocrx_word' id='word_1_328' title='bbox 696 2330 893 2368; x_wconf 80' lang='lat' dir='ltr'>uolumptate</span> <span class='ocrx_word' id='word_1_329' title='bbox 916 2330 954 2359; x_wconf 80' lang='lat' dir='ltr'>X.</span> <span class='ocrx_word' id='word_1_330' title='bbox 982 2339 1038 2359; x_wconf 88' lang='lat' dir='ltr'>sua</span> <span class='ocrx_word' id='word_1_331' title='bbox 1061 2334 1163 2368; x_wconf 75' lang='lat' dir='ltr'>sponte</span> <span class='ocrx_word' id='word_1_332' title='bbox 1186 2329 1356 2368; x_wconf 72' lang='lat' dir='ltr'>prohibitus</span> <span class='ocrx_word' id='word_1_333' title='bbox 1381 2329 1417 2359; x_wconf 82' lang='lat' dir='ltr'>C.</span> <span class='ocrx_word' id='word_1_334' title='bbox 1481 2331 1535 2369; x_wconf 89' lang='grc'>12)</span> <span class='ocrx_word' id='word_1_335' title='bbox 1562 2330 1630 2372; x_wconf 70' lang='grc' dir='ltr'>Βιρε</span> <span class='ocrx_word' id='word_1_336' title='bbox 1656 2329 1785 2359; x_wconf 73' lang='lat' dir='ltr'>inhians.</span> <span class='ocrx_word' id='word_1_337' title='bbox 1813 2340 1866 2359; x_wconf 87' lang='lat' dir='ltr'>cu-</span> 
     </span>
     <span class='ocr_line' id='line_1_31' title="bbox 38 2385 1867 2426; baseline 0 -10"><span class='ocrx_word' id='word_1_338' title='bbox 38 2387 131 2425; x_wconf 88' lang='lat' dir='ltr'>piens</span> <span class='ocrx_word' id='word_1_339' title='bbox 156 2387 196 2416; x_wconf 82' lang='lat' dir='ltr'>ad</span> <span class='ocrx_word' id='word_1_340' title='bbox 222 2387 284 2416; x_wconf 86' lang='lat' dir='ltr'>alia</span> <span class='ocrx_word' id='word_1_341' title='bbox 309 2386 474 2416; x_wconf 84' lang='lat' dir='ltr'>festinare.</span> <span class='ocrx_word' id='word_1_342' title='bbox 502 2385 544 2416; x_wconf 91' lang='lat' dir='ltr'>C:</span> <span class='ocrx_word' id='word_1_343' title='bbox 571 2387 689 2416; x_wconf 80' lang='lat' dir='ltr'>timens</span> <span class='ocrx_word' id='word_1_344' title='bbox 714 2396 749 2416; x_wconf 87' lang='lat' dir='ltr'>ne</span> <span class='ocrx_word' id='word_1_345' title='bbox 773 2397 793 2416; x_wconf 79' lang='grc' dir='ltr'>(ι</span> <span class='ocrx_word' id='word_1_346' title='bbox 813 2405 847 2407; x_wconf 54' lang='lat'>-1</span> <span class='ocrx_word' id='word_1_347' title='bbox 862 2386 970 2424; x_wconf 76' lang='lat' dir='ltr'>mittas,</span> <span class='ocrx_word' id='word_1_348' title='bbox 998 2387 1156 2417; x_wconf 72' lang='lat' dir='ltr'>sollicitus</span> <span class='ocrx_word' id='word_1_349' title='bbox 1187 2392 1220 2415; x_wconf 76' lang='lat' dir='ltr'>ut</span> <span class='ocrx_word' id='word_1_350' title='bbox 1243 2387 1335 2425; x_wconf 69' lang='lat' dir='ltr'>plura</span> <span class='ocrx_word' id='word_1_351' title='bbox 1366 2386 1519 2426; x_wconf 46' lang='lat' dir='ltr'>acquiram</span> <span class='ocrx_word' id='word_1_352' title='bbox 1553 2391 1585 2416; x_wconf 90' lang='lat' dir='ltr'>et</span> <span class='ocrx_word' id='word_1_353' title='bbox 1618 2391 1750 2424; x_wconf 83' lang='lat' dir='ltr'>stupens</span> <span class='ocrx_word' id='word_1_354' title='bbox 1783 2387 1867 2416; x_wconf 79' lang='lat' dir='ltr'>Prae</span> 
     </span>
     <span class='ocr_line' id='line_1_32' title="bbox 37 2442 1867 2482; baseline 0.001 -10"><span class='ocrx_word' id='word_1_355' title='bbox 37 2443 163 2481; x_wconf 86' lang='lat' dir='ltr'>gaudio,</span> <span class='ocrx_word' id='word_1_356' title='bbox 189 2443 306 2482; x_wconf 81' lang='lat' dir='ltr'>quando</span> <span class='ocrx_word' id='word_1_357' title='bbox 331 2443 385 2473; x_wconf 77' lang='lat' dir='ltr'>illa</span> <span class='ocrx_word' id='word_1_358' title='bbox 409 2442 529 2482; x_wconf 76' lang='lat' dir='ltr'>aspicis.</span> <span class='ocrx_word' id='word_1_359' title='bbox 581 2444 636 2482; x_wconf 86' lang='lat'>13)</span> <span class='ocrx_word' id='word_1_360' title='bbox 665 2453 785 2473; x_wconf 79' lang='lat' dir='ltr'>sacram</span> <span class='ocrx_word' id='word_1_361' title='bbox 809 2445 840 2473; x_wconf 92' lang='lat' dir='ltr'>in</span> <span class='ocrx_word' id='word_1_362' title='bbox 866 2445 1130 2482; x_wconf 74' lang='lat' dir='ltr'>comparationem</span> <span class='ocrx_word' id='word_1_363' title='bbox 1146 2444 1184 2472; x_wconf 81' lang='lat' dir='ltr'>X.</span> <span class='ocrx_word' id='word_1_364' title='bbox 1212 2453 1301 2473; x_wconf 75' lang='lat' dir='ltr'>sacra</span> <span class='ocrx_word' id='word_1_365' title='bbox 1320 2445 1351 2473; x_wconf 90' lang='lat' dir='ltr'>in</span> <span class='ocrx_word' id='word_1_366' title='bbox 1378 2445 1638 2482; x_wconf 80' lang='lat' dir='ltr'>comparationem</span> <span class='ocrx_word' id='word_1_367' title='bbox 1657 2442 1684 2478; x_wconf 86' lang='lat' dir='ltr'>Q</span> <span class='ocrx_word' id='word_1_368' title='bbox 1703 2444 1867 2481; x_wconf 85' lang='lat' dir='ltr'>inlocum,</span> 
     </span>
     <span class='ocr_line' id='line_1_33' title="bbox 38 2499 1867 2539; baseline 0 -10"><span class='ocrx_word' id='word_1_369' title='bbox 38 2504 73 2530; x_wconf 85' lang='lat' dir='ltr'>ut</span> <span class='ocrx_word' id='word_1_370' title='bbox 97 2499 128 2529; x_wconf 85' lang='lat' dir='ltr'>in</span> <span class='ocrx_word' id='word_1_371' title='bbox 153 2500 263 2537; x_wconf 78' lang='lat' dir='ltr'>domos,</span> <span class='ocrx_word' id='word_1_372' title='bbox 289 2500 321 2529; x_wconf 78' lang='lat' dir='ltr'>in</span> <span class='ocrx_word' id='word_1_373' title='bbox 333 2500 416 2539; x_wconf 81' lang='lat' dir='ltr'>fines</span> <span class='ocrx_word' id='word_1_374' title='bbox 441 2500 525 2538; x_wconf 87' lang='lat' dir='ltr'>apud</span> <span class='ocrx_word' id='word_1_375' title='bbox 552 2500 619 2530; x_wconf 87' lang='lat' dir='ltr'>Cic.</span> <span class='ocrx_word' id='word_1_376' title='bbox 649 2505 681 2530; x_wconf 86' lang='lat' dir='ltr'>et</span> <span class='ocrx_word' id='word_1_377' title='bbox 698 2500 802 2538; x_wconf 56' lang='lat' dir='ltr'>Caes,</span> <span class='ocrx_word' id='word_1_378' title='bbox 832 2511 894 2531; x_wconf 83' lang='lat' dir='ltr'>non</span> <span class='ocrx_word' id='word_1_379' title='bbox 920 2502 954 2530; x_wconf 93' lang='lat' dir='ltr'>in</span> <span class='ocrx_word' id='word_1_380' title='bbox 982 2510 1048 2530; x_wconf 88' lang='lat' dir='ltr'>rem</span> <span class='ocrx_word' id='word_1_381' title='bbox 1077 2501 1300 2533; x_wconf 77' lang='lat' dir='ltr'>introducitur,</span> <span class='ocrx_word' id='word_1_382' title='bbox 1328 2500 1357 2529; x_wconf 78' lang='lat' dir='ltr'>z&#39;n</span> <span class='ocrx_word' id='word_1_383' title='bbox 1377 2501 1593 2539; x_wconf 73' lang='lat' dir='ltr'>possessionem</span> <span class='ocrx_word' id='word_1_384' title='bbox 1618 2500 1736 2530; x_wconf 83' lang='lat' dir='ltr'>introd.</span> <span class='ocrx_word' id='word_1_385' title='bbox 1765 2501 1867 2530; x_wconf 87' lang='lat' dir='ltr'>serius</span> 
     </span>
     <span class='ocr_line' id='line_1_34' title="bbox 38 2556 1870 2596; baseline -0.001 -10"><span class='ocrx_word' id='word_1_386' title='bbox 38 2558 202 2587; x_wconf 86' lang='lat' dir='ltr'>dicebatur</span> <span class='ocrx_word' id='word_1_387' title='bbox 225 2557 316 2586; x_wconf 91' lang='lat' dir='ltr'>Paul.</span> <span class='ocrx_word' id='word_1_388' title='bbox 343 2558 376 2586; x_wconf 92' lang='lat' dir='ltr'>in</span> <span class='ocrx_word' id='word_1_389' title='bbox 402 2558 556 2587; x_wconf 84' lang='lat' dir='ltr'>Pandect.</span> <span class='ocrx_word' id='word_1_390' title='bbox 583 2557 683 2593; x_wconf 80' lang='lat' dir='ltr'>XXV,</span> <span class='ocrx_word' id='word_1_391' title='bbox 703 2558 732 2595; x_wconf 84' lang='lat'>5,</span> <span class='ocrx_word' id='word_1_392' title='bbox 753 2558 782 2587; x_wconf 87' lang='grc'>2.</span> <span class='ocrx_word' id='word_1_393' title='bbox 820 2562 895 2596; x_wconf 84' lang='lat' dir='ltr'>apta</span> <span class='ocrx_word' id='word_1_394' title='bbox 920 2567 1007 2587; x_wconf 85' lang='lat' dir='ltr'>sacra</span> <span class='ocrx_word' id='word_1_395' title='bbox 1031 2558 1272 2596; x_wconf 83' lang='lat' dir='ltr'>comparatione</span> <span class='ocrx_word' id='word_1_396' title='bbox 1303 2557 1379 2596; x_wconf 86' lang='lat' dir='ltr'>(om.</span> <span class='ocrx_word' id='word_1_397' title='bbox 1405 2557 1451 2595; x_wconf 77' lang='lat' dir='ltr'>in)</span> <span class='ocrx_word' id='word_1_398' title='bbox 1480 2560 1510 2586; x_wconf 82' lang='lat' dir='ltr'>et</span> <span class='ocrx_word' id='word_1_399' title='bbox 1534 2558 1676 2594; x_wconf 80' lang='lat' dir='ltr'>picturas</span> <span class='ocrx_word' id='word_1_400' title='bbox 1700 2556 1870 2586; x_wconf 76' lang='lat' dir='ltr'>introduci!</span> 
     </span>
     <span class='ocr_line' id='line_1_35' title="bbox 43 2613 1868 2655; baseline -0.001 -12"><span class='ocrx_word' id='word_1_401' title='bbox 43 2615 250 2653; x_wconf 85' lang='lat' dir='ltr'>ostenditque</span> <span class='ocrx_word' id='word_1_402' title='bbox 270 2637 276 2643; x_wconf 91' lang='lat'>.</span> <span class='ocrx_word' id='word_1_403' title='bbox 298 2638 303 2644; x_wconf 93' lang='lat'>.</span> <span class='ocrx_word' id='word_1_404' title='bbox 332 2615 405 2644; x_wconf 86' lang='lat' dir='ltr'>uide</span> <span class='ocrx_word' id='word_1_405' title='bbox 430 2624 511 2653; x_wconf 87' lang='lat' dir='ltr'>quae</span> <span class='ocrx_word' id='word_1_406' title='bbox 537 2624 604 2652; x_wconf 81' lang='lat' dir='ltr'>seq.</span> <span class='ocrx_word' id='word_1_407' title='bbox 631 2613 668 2643; x_wconf 75' lang='lat' dir='ltr'>C.</span> <span class='ocrx_word' id='word_1_408' title='bbox 720 2614 775 2652; x_wconf 84' lang='lat'>15)</span> <span class='ocrx_word' id='word_1_409' title='bbox 804 2614 987 2644; x_wconf 79' lang='lat' dir='ltr'>intuendum</span> <span class='ocrx_word' id='word_1_410' title='bbox 1003 2614 1041 2643; x_wconf 90' lang='lat' dir='ltr'>X.</span> <span class='ocrx_word' id='word_1_411' title='bbox 1063 2614 1162 2643; x_wconf 75' lang='lat' dir='ltr'>lnlud.</span> <span class='ocrx_word' id='word_1_412' title='bbox 1179 2623 1205 2655; x_wconf 80' lang='grc' dir='ltr'>γ.</span> <span class='ocrx_word' id='word_1_413' title='bbox 1259 2615 1313 2653; x_wconf 86' lang='grc'>18)</span> <span class='ocrx_word' id='word_1_414' title='bbox 1338 2613 1461 2652; x_wconf 55' lang='lat' dir='ltr'>cogier-is.</span> <span class='ocrx_word' id='word_1_415' title='bbox 1479 2618 1514 2642; x_wconf 88' lang='lat' dir='ltr'>ut</span> <span class='ocrx_word' id='word_1_416' title='bbox 1532 2613 1588 2643; x_wconf 73' lang='lat' dir='ltr'>tais</span> <span class='ocrx_word' id='word_1_417' title='bbox 1606 2617 1731 2643; x_wconf 88' lang='lat' dir='ltr'>tantum</span> <span class='ocrx_word' id='word_1_418' title='bbox 1750 2613 1868 2643; x_wconf 84' lang='lat' dir='ltr'>fruaris</span> 
     </span>
     <span class='ocr_line' id='line_1_36' title="bbox 36 2669 1868 2712; baseline -0.001 -12"><span class='ocrx_word' id='word_1_419' title='bbox 36 2680 63 2712; x_wconf 83' lang='grc' dir='ltr'>γ.</span> <span class='ocrx_word' id='word_1_420' title='bbox 94 2670 226 2708; x_wconf 62' lang='grc' dir='ltr'>ᾱίιιίῖὶῗε</span> <span class='ocrx_word' id='word_1_421' title='bbox 251 2672 379 2711; x_wconf 73' lang='lat' dir='ltr'>habitas</span> <span class='ocrx_word' id='word_1_422' title='bbox 405 2675 457 2701; x_wconf 76' lang='lat' dir='ltr'>aut</span> <span class='ocrx_word' id='word_1_423' title='bbox 472 2671 574 2709; x_wconf 69' lang='lat' dir='ltr'>pictis.</span> <span class='ocrx_word' id='word_1_424' title='bbox 601 2671 735 2700; x_wconf 83' lang='lat' dir='ltr'>diuitias</span> <span class='ocrx_word' id='word_1_425' title='bbox 759 2680 822 2701; x_wconf 88' lang='lat' dir='ltr'>non</span> <span class='ocrx_word' id='word_1_426' title='bbox 847 2672 879 2700; x_wconf 92' lang='lat' dir='ltr'>in</span> <span class='ocrx_word' id='word_1_427' title='bbox 905 2671 978 2701; x_wconf 78' lang='lat' dir='ltr'>husu</span> <span class='ocrx_word' id='word_1_428' title='bbox 1003 2669 1089 2709; x_wconf 65' lang='lat' dir='ltr'>¹(sic)</span> <span class='ocrx_word' id='word_1_429' title='bbox 1128 2671 1255 2700; x_wconf 83' lang='lat' dir='ltr'>habitas</span> <span class='ocrx_word' id='word_1_430' title='bbox 1289 2671 1338 2707; x_wconf 85' lang='lat' dir='ltr'>(in</span> <span class='ocrx_word' id='word_1_431' title='bbox 1362 2670 1386 2699; x_wconf 91' lang='lat' dir='ltr'>B</span> <span class='ocrx_word' id='word_1_432' title='bbox 1413 2681 1454 2699; x_wconf 90' lang='lat' dir='ltr'>m.</span> <span class='ocrx_word' id='word_1_433' title='bbox 1484 2671 1500 2699; x_wconf 94' lang='grc'><strong>2</strong></span> <span class='ocrx_word' id='word_1_434' title='bbox 1528 2680 1606 2700; x_wconf 87' lang='lat' dir='ltr'>corr.</span> <span class='ocrx_word' id='word_1_435' title='bbox 1638 2679 1698 2699; x_wconf 87' lang='lat' dir='ltr'>usu</span> <span class='ocrx_word' id='word_1_436' title='bbox 1733 2670 1868 2700; x_wconf 80' lang='lat' dir='ltr'>diuitias</span> 
     </span>
     <span class='ocr_line' id='line_1_37' title="bbox 38 2726 1867 2766; baseline -0.001 -10"><span class='ocrx_word' id='word_1_437' title='bbox 38 2726 166 2765; x_wconf 86' lang='lat' dir='ltr'>habes).</span> <span class='ocrx_word' id='word_1_438' title='bbox 201 2728 359 2757; x_wconf 84' lang='lat' dir='ltr'>assimilat</span> <span class='ocrx_word' id='word_1_439' title='bbox 383 2729 480 2766; x_wconf 86' lang='lat' dir='ltr'>pictis</span> <span class='ocrx_word' id='word_1_440' title='bbox 506 2728 645 2757; x_wconf 78' lang='lat' dir='ltr'>tabellis.</span> <span class='ocrx_word' id='word_1_441' title='bbox 673 2728 823 2765; x_wconf 83' lang='lat' dir='ltr'>quoniam</span> <span class='ocrx_word' id='word_1_442' title='bbox 850 2728 933 2757; x_wconf 87' lang='lat' dir='ltr'>sicut</span> <span class='ocrx_word' id='word_1_443' title='bbox 960 2728 1078 2766; x_wconf 82' lang='lat' dir='ltr'>aliquis</span> <span class='ocrx_word' id='word_1_444' title='bbox 1105 2728 1287 2757; x_wconf 73' lang='lat' dir='ltr'>considerat</span> <span class='ocrx_word' id='word_1_445' title='bbox 1305 2731 1371 2756; x_wconf 83' lang='lat' dir='ltr'>tota</span> <span class='ocrx_word' id='word_1_446' title='bbox 1389 2727 1440 2755; x_wconf 85' lang='lat' dir='ltr'>die</span> <span class='ocrx_word' id='word_1_447' title='bbox 1458 2727 1616 2764; x_wconf 84' lang='lat' dir='ltr'>picturam</span> <span class='ocrx_word' id='word_1_448' title='bbox 1636 2726 1799 2763; x_wconf 84' lang='lat' dir='ltr'>pulchram</span> <span class='ocrx_word' id='word_1_449' title='bbox 1827 2735 1867 2755; x_wconf 78' lang='lat' dir='ltr'>ex</span> 
     </span>
     <span class='ocr_line' id='line_1_38' title="bbox 39 2783 1868 2823; baseline -0.001 -10"><span class='ocrx_word' id='word_1_450' title='bbox 39 2793 101 2822; x_wconf 84' lang='lat' dir='ltr'>qua</span> <span class='ocrx_word' id='word_1_451' title='bbox 126 2784 205 2813; x_wconf 90' lang='lat' dir='ltr'>nihil</span> <span class='ocrx_word' id='word_1_452' title='bbox 231 2785 291 2814; x_wconf 86' lang='lat' dir='ltr'>tibi</span> <span class='ocrx_word' id='word_1_453' title='bbox 318 2794 478 2814; x_wconf 79' lang='lat' dir='ltr'>assumere</span> <span class='ocrx_word' id='word_1_454' title='bbox 505 2789 618 2823; x_wconf 85' lang='lat' dir='ltr'>potest.</span> <span class='ocrx_word' id='word_1_455' title='bbox 665 2785 713 2813; x_wconf 86' lang='lat' dir='ltr'>Ita</span> <span class='ocrx_word' id='word_1_456' title='bbox 737 2794 851 2814; x_wconf 83' lang='lat' dir='ltr'>auarus</span> <span class='ocrx_word' id='word_1_457' title='bbox 878 2794 951 2814; x_wconf 82' lang='lat' dir='ltr'>suas</span> <span class='ocrx_word' id='word_1_458' title='bbox 979 2785 1112 2814; x_wconf 85' lang='lat' dir='ltr'>diuitias</span> <span class='ocrx_word' id='word_1_459' title='bbox 1139 2793 1330 2813; x_wconf 76' lang='lat' dir='ltr'>conserimus</span> <span class='ocrx_word' id='word_1_460' title='bbox 1357 2787 1387 2812; x_wconf 63' lang='lat' dir='ltr'>et</span> <span class='ocrx_word' id='word_1_461' title='bbox 1413 2783 1543 2811; x_wconf 80' lang='lat' dir='ltr'>mirans.</span> <span class='ocrx_word' id='word_1_462' title='bbox 1592 2783 1683 2811; x_wconf 84' lang='lat' dir='ltr'>Nihil</span> <span class='ocrx_word' id='word_1_463' title='bbox 1709 2783 1868 2820; x_wconf 81' lang='lat' dir='ltr'>contingit</span> 
     </span>
     <span class='ocr_line' id='line_1_39' title="bbox 39 2839 1869 2883; baseline -0.001 -14"><span class='ocrx_word' id='word_1_464' title='bbox 39 2849 81 2869; x_wconf 79' lang='lat' dir='ltr'>ex</span> <span class='ocrx_word' id='word_1_465' title='bbox 106 2841 151 2870; x_wconf 82' lang='lat' dir='ltr'>eis</span> <span class='ocrx_word' id='word_1_466' title='bbox 176 2840 237 2883; x_wconf 71' lang='lat' dir='ltr'>Btp.</span> <span class='ocrx_word' id='word_1_467' title='bbox 289 2839 343 2882; x_wconf 88' lang='lat'>19)</span> <span class='ocrx_word' id='word_1_468' title='bbox 368 2841 482 2870; x_wconf 84' lang='lat' dir='ltr'>Nescis</span> <span class='ocrx_word' id='word_1_469' title='bbox 507 2841 579 2879; x_wconf 73' lang='lat' dir='ltr'>qvid</span> <span class='ocrx_word' id='word_1_470' title='bbox 602 2842 636 2870; x_wconf 90' lang='lat' dir='ltr'>in</span> <span class='ocrx_word' id='word_1_471' title='bbox 660 2840 738 2873; x_wconf 84' lang='lat' dir='ltr'>Hor.</span> <span class='ocrx_word' id='word_1_472' title='bbox 766 2846 796 2871; x_wconf 84' lang='lat' dir='ltr'>et</span> <span class='ocrx_word' id='word_1_473' title='bbox 822 2842 893 2871; x_wconf 75' lang='lat' dir='ltr'>leffi.</span> <span class='ocrx_word' id='word_1_474' title='bbox 920 2841 966 2878; x_wconf 70' lang='lat' dir='ltr'>fh,</span> <span class='ocrx_word' id='word_1_475' title='bbox 1004 2845 1039 2870; x_wconf 88' lang='lat' dir='ltr'>ut</span> <span class='ocrx_word' id='word_1_476' title='bbox 1072 2842 1100 2870; x_wconf 95' lang='lat' dir='ltr'>D</span> <span class='ocrx_word' id='word_1_477' title='bbox 1135 2845 1165 2870; x_wconf 86' lang='lat' dir='ltr'>et</span> <span class='ocrx_word' id='word_1_478' title='bbox 1198 2850 1275 2870; x_wconf 88' lang='lat' dir='ltr'>rece.</span> <span class='ocrx_word' id='word_1_479' title='bbox 1309 2840 1400 2869; x_wconf 86' lang='lat' dir='ltr'>codd.</span> <span class='ocrx_word' id='word_1_480' title='bbox 1434 2839 1572 2875; x_wconf 83' lang='lat' dir='ltr'>Horatii,</span> <span class='ocrx_word' id='word_1_481' title='bbox 1601 2843 1661 2869; x_wconf 86' lang='lat' dir='ltr'>ort.</span> <span class='ocrx_word' id='word_1_482' title='bbox 1695 2848 1735 2868; x_wconf 87' lang='lat' dir='ltr'>ex</span> <span class='ocrx_word' id='word_1_483' title='bbox 1760 2840 1869 2878; x_wconf 81' lang='lat' dir='ltr'>glossa</span> 
     </span>
     <span class='ocr_line' id='line_1_40' title="bbox 39 2894 1866 2939; baseline 0 -14"><span class='ocrx_word' id='word_1_484' title='bbox 39 2896 80 2925; x_wconf 84' lang='lat' dir='ltr'>ad</span> <span class='ocrx_word' id='word_1_485' title='bbox 109 2896 181 2935; x_wconf 77' lang='lat' dir='ltr'>quid</span> <span class='ocrx_word' id='word_1_486' title='bbox 210 2896 246 2926; x_wconf 82' lang='lat' dir='ltr'>C.</span> <span class='ocrx_word' id='word_1_487' title='bbox 278 2898 319 2926; x_wconf 84' lang='lat' dir='ltr'>ad</span> <span class='ocrx_word' id='word_1_488' title='bbox 345 2897 427 2935; x_wconf 83' lang='lat' dir='ltr'>quod</span> <span class='ocrx_word' id='word_1_489' title='bbox 449 2907 475 2939; x_wconf 68' lang='grc' dir='ltr'>γ.</span> <span class='ocrx_word' id='word_1_490' title='bbox 502 2916 542 2918; x_wconf 25' lang='grc' dir='ltr'>γὴ</span> <span class='ocrx_word' id='word_1_491' title='bbox 570 2899 697 2935; x_wconf 81' lang='lat' dir='ltr'>ignoras</span> <span class='ocrx_word' id='word_1_492' title='bbox 720 2907 746 2938; x_wconf 80' lang='grc' dir='ltr'>γ.</span> <span class='ocrx_word' id='word_1_493' title='bbox 773 2899 841 2927; x_wconf 87' lang='lat' dir='ltr'>rell.</span> <span class='ocrx_word' id='word_1_494' title='bbox 870 2899 1070 2936; x_wconf 80' lang='lat' dir='ltr'>ignorantem.</span> <span class='ocrx_word' id='word_1_495' title='bbox 1097 2894 1260 2938; x_wconf 74' lang='grc' dir='ltr'>ἐρώτημα,</span> <span class='ocrx_word' id='word_1_496' title='bbox 1290 2897 1329 2925; x_wconf 84' lang='lat' dir='ltr'>ad</span> <span class='ocrx_word' id='word_1_497' title='bbox 1355 2895 1589 2926; x_wconf 82' lang='lat' dir='ltr'>ostendendum</span> <span class='ocrx_word' id='word_1_498' title='bbox 1615 2905 1706 2925; x_wconf 88' lang='lat' dir='ltr'>usum</span> <span class='ocrx_word' id='word_1_499' title='bbox 1732 2896 1866 2925; x_wconf 76' lang='lat' dir='ltr'>fructum</span> 
     </span>
     <span class='ocr_line' id='line_1_41' title="bbox 40 2951 1867 2995; baseline -0.001 -14"><span class='ocrx_word' id='word_1_500' title='bbox 40 2953 144 2990; x_wconf 83' lang='lat' dir='ltr'>ipsius</span> <span class='ocrx_word' id='word_1_501' title='bbox 177 2954 330 2992; x_wconf 89' lang='lat' dir='ltr'>pecuniae</span> <span class='ocrx_word' id='word_1_502' title='bbox 355 2953 389 2983; x_wconf 75' lang='lat' dir='ltr'>C.</span> <span class='ocrx_word' id='word_1_503' title='bbox 455 2955 511 2992; x_wconf 82' lang='lat'>20)</span> <span class='ocrx_word' id='word_1_504' title='bbox 540 2953 671 2983; x_wconf 86' lang='lat' dir='ltr'>Enfasis</span> <span class='ocrx_word' id='word_1_505' title='bbox 696 2964 721 2995; x_wconf 67' lang='grc' dir='ltr'>γ.</span> <span class='ocrx_word' id='word_1_506' title='bbox 749 2964 896 2984; x_wconf 86' lang='lat' dir='ltr'>nummus</span> <span class='ocrx_word' id='word_1_507' title='bbox 921 2955 1026 2983; x_wconf 78' lang='lat' dir='ltr'>nescis</span> <span class='ocrx_word' id='word_1_508' title='bbox 1051 2952 1184 2988; x_wconf 81' lang='lat' dir='ltr'>invcaQ.</span> <span class='ocrx_word' id='word_1_509' title='bbox 1211 2962 1367 2988; x_wconf 83' lang='lat' dir='ltr'>nummus,</span> <span class='ocrx_word' id='word_1_510' title='bbox 1399 2961 1483 2981; x_wconf 82' lang='lat' dir='ltr'>nese.</span> <span class='ocrx_word' id='word_1_511' title='bbox 1510 2951 1555 2981; x_wconf 80' lang='lat' dir='ltr'>fh.</span> <span class='ocrx_word' id='word_1_512' title='bbox 1583 2952 1867 2990; x_wconf 83' lang='lat' dir='ltr'>interrogationem</span> 
     </span>
     <span class='ocr_line' id='line_1_42' title="bbox 39 3008 1867 3048; baseline -0.001 -9"><span class='ocrx_word' id='word_1_513' title='bbox 39 3009 101 3040; x_wconf 80' lang='lat' dir='ltr'>feci</span> <span class='ocrx_word' id='word_1_514' title='bbox 125 3009 171 3039; x_wconf 88' lang='lat' dir='ltr'>X:</span> <span class='ocrx_word' id='word_1_515' title='bbox 208 3009 346 3039; x_wconf 76' lang='lat' dir='ltr'>minimus</span> <span class='ocrx_word' id='word_1_516' title='bbox 371 3011 486 3040; x_wconf 87' lang='lat' dir='ltr'>nescis.</span> <span class='ocrx_word' id='word_1_517' title='bbox 515 3014 634 3048; x_wconf 84' lang='lat' dir='ltr'>pectus.</span> <span class='ocrx_word' id='word_1_518' title='bbox 661 3014 775 3040; x_wconf 78' lang='lat' dir='ltr'>ematur</span> <span class='ocrx_word' id='word_1_519' title='bbox 801 3014 861 3040; x_wconf 88' lang='lat' dir='ltr'>etc.</span> <span class='ocrx_word' id='word_1_520' title='bbox 896 3009 1037 3040; x_wconf 85' lang='lat' dir='ltr'>Graecae</span> <span class='ocrx_word' id='word_1_521' title='bbox 1061 3011 1130 3039; x_wconf 87' lang='lat' dir='ltr'>uoci</span> <span class='ocrx_word' id='word_1_522' title='bbox 1156 3013 1236 3048; x_wconf 84' lang='lat' dir='ltr'>spat.</span> <span class='ocrx_word' id='word_1_523' title='bbox 1262 3018 1331 3038; x_wconf 84' lang='lat' dir='ltr'>uae.</span> <span class='ocrx_word' id='word_1_524' title='bbox 1358 3009 1414 3038; x_wconf 86' lang='lat' dir='ltr'>rcl.</span> <span class='ocrx_word' id='word_1_525' title='bbox 1441 3008 1578 3037; x_wconf 84' lang='lat' dir='ltr'>uidetur.</span> <span class='ocrx_word' id='word_1_526' title='bbox 1628 3008 1685 3045; x_wconf 90' lang='grc'>21)</span> <span class='ocrx_word' id='word_1_527' title='bbox 1710 3009 1867 3038; x_wconf 87' lang='lat' dir='ltr'>Definitio</span> 
     </span>
     <span class='ocr_line' id='line_1_43' title="bbox 39 3065 1867 3109; baseline -0.002 -13"><span class='ocrx_word' id='word_1_528' title='bbox 39 3084 82 3088; x_wconf 82' lang='lat'>—</span> <span class='ocrx_word' id='word_1_529' title='bbox 108 3067 198 3096; x_wconf 89' lang='lat' dir='ltr'>numi</span> <span class='ocrx_word' id='word_1_530' title='bbox 229 3075 290 3096; x_wconf 89' lang='lat' dir='ltr'>om.</span> <span class='ocrx_word' id='word_1_531' title='bbox 326 3076 354 3109; x_wconf 78' lang='grc' dir='ltr'>γ.</span> <span class='ocrx_word' id='word_1_532' title='bbox 389 3067 499 3097; x_wconf 88' lang='lat' dir='ltr'>deffin.</span> <span class='ocrx_word' id='word_1_533' title='bbox 524 3066 564 3096; x_wconf 87' lang='lat' dir='ltr'>X.</span> <span class='ocrx_word' id='word_1_534' title='bbox 600 3066 678 3097; x_wconf 82' lang='lat' dir='ltr'>Diff.</span> <span class='ocrx_word' id='word_1_535' title='bbox 715 3067 761 3097; x_wconf 85' lang='lat' dir='ltr'>fh.</span> <span class='ocrx_word' id='word_1_536' title='bbox 798 3067 916 3097; x_wconf 87' lang='lat' dir='ltr'>Melius</span> <span class='ocrx_word' id='word_1_537' title='bbox 954 3067 1050 3098; x_wconf 86' lang='lat' dir='ltr'>schol.</span> <span class='ocrx_word' id='word_1_538' title='bbox 1087 3067 1122 3096; x_wconf 92' lang='lat' dir='ltr'>in</span> <span class='ocrx_word' id='word_1_539' title='bbox 1159 3065 1201 3097; x_wconf 86' lang='lat' dir='ltr'>C:</span> <span class='ocrx_word' id='word_1_540' title='bbox 1239 3065 1432 3095; x_wconf 77' lang='lat' dir='ltr'>‘enumeratio</span> <span class='ocrx_word' id='word_1_541' title='bbox 1468 3074 1574 3094; x_wconf 82' lang='lat' dir='ltr'>earum</span> <span class='ocrx_word' id='word_1_542' title='bbox 1610 3074 1714 3095; x_wconf 85' lang='lat' dir='ltr'>rerum</span> <span class='ocrx_word' id='word_1_543' title='bbox 1751 3066 1867 3103; x_wconf 86' lang='lat' dir='ltr'>quibus</span> 
     </span>
     <span class='ocr_line' id='line_1_44' title="bbox 40 3122 1551 3165; baseline -0.001 -13"><span class='ocrx_word' id='word_1_544' title='bbox 40 3123 168 3153; x_wconf 75' lang='lat' dir='ltr'>emendis</span> <span class='ocrx_word' id='word_1_545' title='bbox 205 3133 261 3154; x_wconf 90' lang='lat' dir='ltr'>nec</span> <span class='ocrx_word' id='word_1_546' title='bbox 297 3127 367 3153; x_wconf 74' lang='lat' dir='ltr'>sunt</span> <span class='ocrx_word' id='word_1_547' title='bbox 395 3124 503 3153; x_wconf 85' lang='lat' dir='ltr'>numi.&#39;</span> <span class='ocrx_word' id='word_1_548' title='bbox 553 3123 609 3162; x_wconf 81' lang='grc'><strong>22)</strong></span> <span class='ocrx_word' id='word_1_549' title='bbox 636 3133 670 3165; x_wconf 73' lang='grc' dir='ltr'>γε</span> <span class='ocrx_word' id='word_1_550' title='bbox 696 3124 847 3162; x_wconf 71' lang='lat' dir='ltr'>negantis.</span> <span class='ocrx_word' id='word_1_551' title='bbox 874 3127 975 3154; x_wconf 83' lang='lat' dir='ltr'>ueste.</span> <span class='ocrx_word' id='word_1_552' title='bbox 1002 3124 1221 3153; x_wconf 81' lang='lat' dir='ltr'>calciamentis</span> <span class='ocrx_word' id='word_1_553' title='bbox 1247 3126 1277 3152; x_wconf 87' lang='lat' dir='ltr'>et</span> <span class='ocrx_word' id='word_1_554' title='bbox 1304 3123 1432 3153; x_wconf 78' lang='lat' dir='ltr'>lauacro</span> <span class='ocrx_word' id='word_1_555' title='bbox 1456 3122 1499 3161; x_wconf 81' lang='lat' dir='ltr'>gl.</span> <span class='ocrx_word' id='word_1_556' title='bbox 1525 3131 1551 3164; x_wconf 81' lang='grc' dir='ltr'>γ.</span> 
     </span>
    </p>
   </div>
   <div class='ocr_carea' id='block_1_4' title="bbox 1919 551 1936 579">
    <p class='ocr_par' dir='ltr' id='par_1_12' title="bbox 1919 551 1936 579">
     <span class='ocr_line' id='line_1_45' title="bbox 1919 551 1936 579; baseline 0 0"><span class='ocrx_word' id='word_1_557' title='bbox 1919 551 1936 579; x_wconf 78' lang='lat'>5</span> 
     </span>
    </p>
   </div>
   <div class='ocr_carea' id='block_1_5' title="bbox 1900 916 1936 947">
    <p class='ocr_par' dir='ltr' id='par_1_13' title="bbox 1900 916 1936 947">
     <span class='ocr_line' id='line_1_46' title="bbox 1900 916 1936 947; baseline 0.028 -1"><span class='ocrx_word' id='word_1_558' title='bbox 1900 916 1936 947; x_wconf 87' lang='lat'>10</span> 
     </span>
    </p>
   </div>
   <div class='ocr_carea' id='block_1_6' title="bbox 1893 1284 1932 1314">
    <p class='ocr_par' dir='ltr' id='par_1_14' title="bbox 1893 1284 1932 1314">
     <span class='ocr_line' id='line_1_47' title="bbox 1893 1284 1932 1314; baseline -0.026 0"><span class='ocrx_word' id='word_1_559' title='bbox 1893 1284 1932 1314; x_wconf 83' lang='lat'>15</span> 
     </span>
    </p>
   </div>
  </div>
 </body>
</html>
