2148 3412
768 146 817 178 IN
842 146 978 178 SERM.
1004 145 1029 184 1,
1061 149 1111 178 ro.
1773 134 1851 174 171

144 273 372 315 concinnus.
434 269 703 326 Conpositus,
736 269 996 311 coniunctus.

143 348 207 387 24.
238 353 284 386 ut
317 345 410 386 Clzio
441 352 536 385 nota
575 345 613 385 si
653 344 857 385 conmixta
907 343 1072 383 Falerni
1112 350 1177 382 est.
1229 341 1334 383 Chio.
1396 340 1571 382 Scilicet
1599 340 1712 382 uino.
1772 340 1857 382 Pro

32 421 125 463 uino
154 419 260 459 dixit
290 419 495 474 amphora.
568 415 740 459 Genera
784 415 873 456 uini
918 414 1079 470 optimi,
1125 414 1215 455 uini
1265 414 1352 456 Chii
1393 421 1433 455 et
1477 415 1653 456 Falerni.
1701 411 1856 456 Chium

35 491 181 550 [enim]
214 491 334 532 dulce
366 499 439 541 est,
476 490 704 531 Falernum
736 496 970 537 austerum3
1016 501 1118 543 ergo
1149 487 1323 528 mixtum
1355 487 1584 528 iucundum
1613 487 1671 529 fit.
1734 484 1855 543 [Vel]

32 565 208 608 Aliter.
269 563 485 606 Subiectio
516 571 589 613 est,
626 563 668 604 id
700 570 774 612 est,
820 562 893 604 sed
923 560 1064 603 suauis
1093 560 1137 601 fit
1169 575 1305 602 sermo
1337 560 1583 602 coniunctus
1618 574 1669 601 ex
1701 559 1857 601 Latino
1907 569 1924 599 3

33 646 71 681 et
101 636 280 687 Graeco,
326 637 679 692 quemadmodum
711 636 745 677 si
775 635 994 676 miscueris
1023 633 1252 675 Falernum
1283 634 1428 675 uinum
1461 649 1553 676 cum
1587 632 1709 675 Chio.
1772 630 1858 674 Sed

33 711 272 767 conparatio
302 711 406 752 haec
437 726 520 752 non
552 709 745 765 congruit
757 726 766 758 3
812 724 906 749 nam
939 709 1084 749 uinum
1118 706 1271 749 Chium
1313 707 1489 748 mixtum
1536 722 1630 748 cum
1675 705 1858 747 Falerno

31 785 129 828 facit
159 784 419 835 suauitatem,
452 784 550 839 quia
583 782 737 825 Chium
770 782 891 823 dulce
921 790 995 831 est,
1028 790 1238 823 austerum
1269 779 1519 829 Falernum3
1559 778 1727 821 Graeca
1757 793 1858 821 uero

32 873 124 901 cum
153 858 320 899 Latinis
350 857 480 898 mixta
512 855 853 898 dissimilitudine
884 861 1057 895 naturae
1089 861 1234 895 carent
1264 853 1479 895 suauitate.
1541 854 1646 895 Nota
1679 851 1857 909 [autem]

32 932 137 982 ideo,
170 931 268 986 quia
299 938 368 972 aut
397 931 496 972 uina
527 937 724 972 notantur
754 929 798 970 in
828 928 1006 984 lagenis,
1038 935 1108 969 aut
1139 927 1342 969 consules.
1887 936 1926 968 10

141 1006 206 1046 25.
243 1005 341 1046 Cum
386 1019 531 1046 uersus
576 1005 719 1058 facias.
761 1004 811 1044 Te
856 1004 986 1058 ipsum
1024 1010 1256 1058 percontor.
1330 1000 1370 1041 A
1402 999 1529 1041 simili
1564 1005 1859 1055 argumentum

31 1077 140 1120 facit.
199 1077 274 1128 Te,
306 1077 454 1133 inquit,
487 1076 559 1132 qui
579 1076 794 1119 Lucilium
826 1075 1030 1125 defendis,
1063 1074 1258 1116 consulo:
1290 1081 1427 1115 utrum
1460 1080 1559 1114 tunc
1588 1079 1747 1114 tantum
1772 1072 1859 1112 La-

33 1151 127 1193 tinis
158 1149 325 1193 Graeca
368 1150 637 1205 permisceas,
684 1165 777 1191 cum
823 1164 969 1190 uersus
1013 1148 1157 1198 facias,
1190 1163 1243 1189 an
1287 1156 1328 1189 et
1372 1147 1540 1202 quando
1590 1145 1858 1187 durissimam

32 1239 194 1267 causam
240 1223 399 1265 Petillii
443 1224 495 1264 de
539 1224 649 1264 furto
696 1221 938 1278 Capitolino
984 1222 1185 1263 aduersus
1229 1221 1410 1262 Pedium
1455 1219 1720 1261 Publicolam
1770 1218 1859 1259 siue

32 1298 228 1340 aduersus
244 1297 473 1339 Messalam
492 1295 725 1338 Coruinum
743 1296 944 1351 peroras?
976 1294 1037 1336 Hi
1059 1302 1197 1336 autem
1219 1295 1277 1336 ita
1298 1310 1322 1335 a
1341 1292 1520 1336 Graecis
1537 1293 1857 1341 abhorruerunt,
1887 1302 1926 1333 15

31 1380 75 1414 ut
102 1370 287 1413 Messala
317 1370 478 1425 primus
499 1370 745 1412 Funambuli
775 1384 928 1411 nomen
958 1368 1157 1418 intulerit,
1190 1375 1230 1409 et
1260 1375 1353 1424 post
1384 1382 1477 1409 eum
1504 1368 1710 1409 Terentius
1732 1364 1860 1419 (Hec.

31 1444 133 1501 prol.
165 1444 242 1499 (II,
265 1445 330 1486 26.
349 1445 403 1485 34
418 1443 523 1497 Fl.):
557 1443 804 1485 Funambuli
830 1444 962 1484 eodem
982 1445 1143 1484 accessit
1163 1443 1413 1498 exspectatio.
1472 1439 1664 1482 Aliter:
1696 1438 1748 1480 Id
1778 1445 1859 1480 est:

32 1518 196 1574 quando
227 1518 368 1559 suauis
399 1525 460 1559 est
490 1532 627 1559 sermo
660 1515 853 1558 Graecus
884 1515 1130 1558 coniunctus
1160 1514 1342 1556 Latino?
1404 1513 1514 1556 Cum
1543 1528 1713 1555 uersum
1742 1511 1860 1561 facis,

31 1606 83 1633 an
126 1591 264 1642 etiam,
311 1607 403 1633 cum
441 1605 558 1632 reum
590 1590 782 1631 defendis
812 1588 1055 1630 Petillium?
1100 1588 1316 1629 Petillium
1361 1588 1473 1630 hunc
1517 1587 1624 1628 dixit
1667 1585 1860 1641 superius

33 1663 96 1720 (S.
126 1665 160 1716 1,
191 1667 230 1715 4,
264 1667 337 1721 94)
370 1679 568 1706 coronam
599 1663 790 1719 rapuisse
822 1663 874 1704 de
907 1660 1141 1718 Capitoli03
1184 1661 1269 1716 qui,
1316 1661 1510 1716 quamuis
1540 1660 1755 1702 absolutus
1785 1665 1859 1709 est,
1886 1669 1929 1701 20

31 1745 168 1780 tamen
197 1739 345 1780 duram
377 1753 546 1780 causam
576 1736 741 1785 habuit3
773 1751 872 1777 nam
902 1736 955 1777 ab
973 1734 1168 1790 Augusto
1190 1734 1404 1777 absolutus
1425 1742 1498 1777 est.
1560 1735 1697 1776 Petilli
1723 1740 1861 1774 autem

31 1812 239 1868 genitiuus
270 1820 343 1854 est.
403 1811 562 1853 Pedius
583 1810 805 1852 Publicola
835 1816 876 1851 et
895 1809 1082 1851 Messala
1106 1808 1317 1850 Coruinus
1347 1814 1534 1850 oratores
1564 1808 1743 1857 fuerunt,
1789 1806 1861 1861 qui

31 1884 357 1935 obseruauerint,
389 1900 442 1927 ne
464 1883 643 1927 Graecis
674 1882 937 1925 sermonibus
968 1889 1195 1924 uterentur.
1255 1882 1391 1922 Erant
1422 1888 1559 1923 autem
1582 1881 1731 1922 fratres
1762 1895 1861 1921 cau-

33 1958 151 2001 sidici
181 1959 340 2013 optimi.

142 2033 206 2074 28.
238 2033 418 2075 exsudet.
480 2030 588 2073 Cum
621 2030 772 2072 sudore
803 2036 903 2085 agat
933 2029 1047 2071 omni
1078 2029 1228 2079 studio,
1261 2028 1375 2070 omni
1405 2027 1616 2070 instantia.
1887 2035 1927 2065 25

142 2107 207 2147 29.
247 2107 396 2162 patriis
438 2106 709 2147 intermiscere
745 2105 871 2160 petita
947 2105 1110 2145 Patriis.
1155 2102 1336 2144 Latinis.
1383 2104 1516 2158 petita.
1580 2099 1772 2156 Sumpta,
1818 2100 1862 2141 id

33 2186 105 2229 est,
150 2177 329 2221 Graeca.
400 2177 521 2221 Ordo
568 2176 689 2234 [est]:
735 2184 775 2217 te
820 2176 958 2232 ipsum
1003 2183 1240 2232 percontor,
1287 2190 1340 2216 an
1384 2174 1533 2230 patriis
1577 2173 1861 2215 intermiscere

35 2250 206 2311 [malis]

125 2412 157 2453 l)
182 2415 250 2452 cop.
277 2424 303 2456 γ.
354 2414 388 2452 2)
416 2413 508 2443 Chio.
535 2423 561 2444 s.
587 2413 664 2442 uino
681 2430 717 2432 -—
734 2411 848 2451 anfora
871 2419 898 2451 γ.
926 2410 996 2439 rell.
1023 2419 1082 2439 om.
1134 2407 1168 2448 3)
1193 2408 1258 2438 uini
1281 2409 1419 2438 alterum
1443 2419 1503 2439 om.
1529 2406 1653 2447 (G‘?)Q.
1682 2407 1753 2436 chio
1778 2410 1810 2437 et
1834 2415 1860 2447 γ.

35 2469 118 2499 enim
142 2480 201 2500 om.
227 2480 254 2512 γ.
319 2471 354 2509 4)
380 2474 414 2499 at
442 2479 469 2511 γ.
507 2469 575 2499 rell.
600 2468 665 2498 Vel.
730 2468 765 2506 5)
790 2466 919 2496 suauius
943 2476 969 2507 γ.
1034 2464 1069 2504 8)
1095 2470 1253 2494 austerum
1278 2475 1304 2505 γ.
1331 2465 1401 2494 rell.
1432 2465 1603 2494 austerius.
1668 2460 1703 2503 9)
1730 2467 1862 2492 naturae

35 2535 94 2556 om.
121 2526 160 2556 G.
198 2545 234 2547 -—
272 2530 379 2556 autem
406 2537 465 2556 om.
491 2535 518 2568 γ.
543 2525 614 2564 qaia
638 2534 664 2566 γ.
690 2525 761 2553 rell.
786 2523 879 2562 quod.
948 2522 1002 2561 10)
1028 2522 1189 2560 lagaoenis
1214 2531 1240 2563 γ.
1267 2521 1336 2550 rell.
1363 2521 1486 2559 lagenis
1512 2516 1672 2562 (λοίγηνος.
1699 2516 1862 2561 λάγυνος).

35 2580 102 2612 Hoc
125 2584 312 2613 uocabulum
337 2587 387 2612 ter
412 2584 543 2613 obuium
569 2583 602 2612 in
628 2582 704 2610 Hor.
731 2579 777 2618 (S.
803 2579 844 2616 ΙΙ,
872 2579 901 2616 8,
929 2580 983 2608 41.
1010 2579 1045 2607 81
1078 2582 1108 2608 et
1134 2579 1172 2607 E.
1197 2577 1237 2615 11,
1266 2578 1294 2613 2,
1325 2578 1403 2616 134)
1442 2577 1592 2606 scribitur
1617 2576 1651 2604 in
1688 2575 1778 2604 codd.
1815 2575 1863 2604 la-

36 2646 114 2676 gena
138 2643 169 2668 et
193 2640 338 2678 lagoena,
365 2640 479 2678 lagona
504 2643 536 2669 et
560 2639 702 2677 lagoena,
727 2638 858 2666 lacaena
883 2640 914 2665 et
939 2635 1057 2665 laeena.
1126 2635 1181 2673 11)
1207 2638 1369 2672 percontor
1395 2634 1428 2662 in
1454 2633 1560 2662 lemm.
1586 2632 1664 2673 vah·
1691 2640 1753 2661 om.
1779 2640 1862 2660 mva.

36 2695 195 2732 pauciores
220 2697 311 2726 codd.
338 2696 429 2732 Hor„
454 2699 491 2725 ut
515 2695 609 2724 Barc.
636 2694 731 2723 Bern.
756 2693 782 2722 B
809 2695 1004 2731 percunctor.
1057 2691 1112 2730 13)
1137 2701 1176 2720 an
1202 2695 1228 2720 et
1251 2701 1302 2729 qu.
1331 2688 1540 2732 *[‚(G‘?Q)‚va.
1564 2692 1617 2718 aut
1640 2697 1692 2726 qu.
1717 2687 1764 2718 fh.
1790 2686 1862 2716 dur.

37 2759 118 2780 caus.
143 2761 169 2793 γ.
194 2753 262 2782 rell.
289 2763 373 2782 caus.
400 2753 469 2781 dur.
533 2751 588 2790 15)
615 2750 661 2779 hii
685 2753 792 2778 autem
819 2749 866 2777 ita
889 2757 915 2789 γ.
941 2748 1011 2777 rell.
1038 2747 1089 2777 Ita
1114 2751 1222 2776 autem
1246 2747 1290 2776 hi.
1318 2764 1359 2767 —-
1385 2745 1485 2777 aborr.
1511 2755 1536 2785 γ.
1600 2744 1656 2782 18)
1684 2744 1810 2782 quando
1835 2752 1862 2784 γ.

36 2807 103 2836 rell.
127 2809 290 2846 quomodo.
317 2809 399 2839 conf.
427 2808 526 2838 schol.
552 2806 757 2845 praecedens
826 2805 881 2843 19)
907 2814 973 2833 oum
999 2805 1097 2833 etiam
1126 2804 1172 2833 fh.
1200 2820 1240 2824 ψ
1266 2802 1409 2841 petilium
1447 2819 1488 2822 μ
1526 2800 1619 2838 petili
1641 2799 1778 2842 ·(G,afh:
1804 2799 1864 2828 Pe-

36 2863 150 2894 tillium
166 2883 203 2886 —
219 2866 321 2903 petilli
347 2865 440 2899 va.
491 2864 549 2902 23)
577 2861 821 2893 obseruauerint
845 2871 871 2901 γ.
898 2862 967 2890 rell.
986 2861 1249 2890 obseruauerunt.
1301 2859 1357 2896 25)
1385 2858 1496 2887 madet
1522 2856 1675 2898 ·(,mvafh,
1700 2860 1736 2885 ut
1753 2855 1864 2885 Ambr.

37 2917 152 2949 Bernn.
176 2921 293 2950 ABCD
321 2921 470 2960 (exudat)
496 2920 529 2950 F.
556 2920 682 2949 exsudet
709 2918 749 2956 G,
775 2922 810 2947 ut
834 2917 926 2946 Barc.
946 2917 1038 2959 ΕΒφ.
1064 2917 1106 2945 al.
1134 2916 1198 2954 agit
1222 2925 1248 2957 γ,
1265 2913 1467 2943 —instancia
1490 2912 1643 2955 ffimvafh.
1670 2916 1754 2942 reete
1779 2911 1864 2941 conf.

37 2973 119 3006 Plin.
144 2976 182 3006 E.
208 2977 265 3015 111,
292 2978 322 3007 5.
347 2977 384 3015 V,
413 2978 430 3006 8
457 2982 517 3007 etc.
544 2976 571 3012 Q
597 2975 654 3013 (ex
682 2973 743 3014 Οἳ)
769 2975 870 3003 tacite
896 2973 1013 3003 inculc.
1037 2972 1200 3002 industria.
1265 2972 1322 3009 26)
1349 2970 1477 3000 Latinis
1501 2979 1529 3011 γ.
1556 2969 1625 2999 rell.
1652 2978 1711 2998 om.
1737 2971 1865 3006 sumpta

39 3029 58 3060 i.
82 3041 196 3070 graeca
218 3041 244 3075 γ.
268 3034 339 3063 rell.
364 3043 424 3063 om.
465 3033 596 3063 Scholia
625 3031 705 3062 Ordo
732 3048 771 3052 -
797 3039 930 3060 sermone
961 3029 989 3065 Q
1020 3029 1117 3059 tacite
1147 3028 1359 3068 Porphyrioni
1391 3026 1592 3064 adsignauit.
1624 3029 1667 3055 esc
1686 3035 1746 3055 om.
1779 3034 1863 3055 omn.

38 3085 121 3118 libri.
147 3088 174 3124 Q
206 3089 320 3120 inculc.
345 3090 456 3119 tacite.
520 3090 577 3128 27)
604 3091 776 3127 percontor
799 3096 825 3129 γ.
851 3087 882 3116 h.
910 3086 929 3115 l.
956 3089 1143 3124 percunctor
1168 3085 1234 3115 afh.
1261 3083 1342 3114 conf.
1369 3083 1486 3112 lemma
1510 3082 1668 3121 superius.
1701 3085 1865 3121 percontor

38 3149 98 3172 mv.
163 3144 219 3183 28)
245 3145 332 3175 malis
356 3155 417 3176 om.
443 3145 529 3175 libri.
560 3144 589 3180 Q
614 3144 714 3174 tacite
739 3152 781 3174 ex
805 3142 885 3173 Hor.
910 3142 1049 3172 addidit.
