2148 3412
139 984 177 1015 10

137 1352 174 1383 15

132 1718 173 1749 20

205 175 287 216 406
838 183 944 215 Aen.
970 183 1031 214 ET
1056 182 1221 214 PORPH.
1250 181 1398 214 COMM.

205 308 351 364 spicuo
383 306 524 362 (tibiP)
573 306 631 347 ait
675 306 727 347 acl
760 312 935 348 mortem
966 305 1149 347 eundum
1182 319 1285 355 esse,
1333 319 1414 360 quo
1445 312 1727 360 peruenerunt
1759 305 1883 346 etiam
1913 319 2034 361 reges

204 380 400 422 Romani.

318 454 382 495 28.
417 455 462 495 Sa·
491 454 597 495 latas
629 462 700 494 aie!
730 467 844 494 renes
876 453 1012 494 morbo
1043 460 1172 508 templ.
1204 460 1334 494 acuto.
1400 451 1473 492 Ad
1517 458 1629 493 recte
1672 451 1904 493 uiuendum
1947 450 2034 492 uir-

203 533 333 567 tutem
365 526 495 567 solam
528 526 733 581 proficere
765 526 821 566 ait
832 543 841 575 3
880 526 983 567 alias
1015 526 1167 567 deinde
1199 539 1265 567 res
1296 526 1356 567 sic
1387 532 1516 581 optat,
1563 525 1773 580 quomodo
1805 539 2034 579 consequa-

203 606 281 641 tur.
355 598 476 640 Dicit
506 599 676 640 diuitias
708 599 906 653 primum,
953 598 1106 639 deinde
1136 599 1338 640 honorem
1374 605 1415 640 et.
1445 598 1640 654 gratiam,
1687 597 1840 639 deinde
1871 612 2034 648 caenas,

202 687 287 714 non
318 673 537 713 inuenuste
567 687 687 722 usus,
740 672 793 712 ad
824 671 965 713 omnia
995 671 1269 727 despicienda
1298 687 1438 714 rerum
1481 671 1733 714 contumelia
1768 671 1952 726 (dulciaiv
1982 697 2036 702 —

204 745 390 799 ctfielia),
432 745 562 786 inlata
592 745 804 787 mentione
836 760 1073 787 caenarum.

315 820 381 861 31.
416 820 502 861 Hoc
524 835 595 874 aye
618 820 775 861 deliciis.
837 817 884 860 Si
916 818 974 859 ita
1006 819 1269 874 contempnis
1300 819 1511 869 uirtutem,
1543 826 1588 860 ut
1616 833 1701 860 non
1732 833 1940 860 summum
1960 816 2035 859 bo-

202 908 301 935 num
333 907 439 943 eam,
472 892 545 934 sed
575 892 707 934 uerba
739 891 966 942 existimes,
998 892 1033 933 si
1064 891 1270 948 religione
1301 906 1385 932 non
1415 891 1639 941 monearis,
1676 897 1719 932 ut
1750 891 1867 932 lucos
1896 905 2037 932 sacros

202 967 246 1008 in
276 966 353 1008 hoc
385 974 506 1021 putes
528 974 650 1016 stare,
686 966 730 1019 (l.
750 967 960 1021 constare)
983 973 1028 1006 ut
1047 965 1166 1021 ligna
1186 964 1427 1007 hominibus
1449 971 1676 1021 praestent,
1708 964 1897 1019 relinque
1918 963 2035 1015 haec,

201 1048 254 1091 et,
287 1055 393 1096 quae
425 1040 605 1090 miraris,
643 1054 830 1094 sequare.

315 1115 381 1156 38.
415 1115 577 1155 decorat
607 1113 786 1154 Suadela
828 1113 1041 1168 Venusque.
1117 1111 1258 1154 Ordo:
1307 1120 1347 1153 et.
1390 1112 1536 1155 Venus
1583 1110 1778 1154 Suadela.
1858 1112 2037 1154 Suadela

201 1194 342 1229 autem
365 1187 578 1242 epitheton
600 1194 660 1228 est
683 1185 878 1236 Veneris,
912 1200 1019 1241 quae
1041 1201 1065 1226 a
1089 1184 1269 1227 Graecis
1291 1185 1442 1235 Πειθώ,
1476 1185 1624 1228 anobis
1645 1185 1792 1227 Venus
1814 1184 2034 1240 accipitur.

315 1262 381 1302 39.
413 1269 496 1316 eqet
527 1262 633 1302 aeris
670 1260 842 1316 Cappad.
878 1274 966 1300 rem.
1028 1258 1125 1300 Hoc
1155 1259 1231 1300 ait:
1264 1260 1351 1301 noli
1382 1260 1641 1311 conmittere,
1677 1266 1722 1302 ut
1752 1273 1891 1315 egeas,
1924 1258 2038 1313 quod.

201 1334 407 1390 optimum
438 1334 556 1375 dicis.

314 1409 378 1449 62.
413 1409 478 1449 63.
511 1409 657 1450 caere'le
690 1422 782 1448 cera
819 1408 951 1460 Diqne'.
1011 1406 1106 1448 Hoc
1142 1407 1249 1457 ideo,
1296 1407 1394 1461 quia
1427 1406 1551 1449 uictis
1583 1405 1824 1448 Caeritibus
1854 1405 2036 1448 Romani

199 1481 243 1522 in
274 1481 549 1536 percutiendo
580 1481 749 1522 foedere
780 1495 865 1521 non
896 1480 1103 1522 dederunt
1133 1480 1325 1536 suffragii
1362 1480 1526 1522 ferendi
1571 1480 1650 1530 ius,
1697 1480 1809 1535 quod
1853 1479 2036 1535 ignomi-

198 1554 364 1597 niosum
394 1555 485 1596 fuit.

314 1629 378 1670 63.
412 1630 625 1683 reme'qium
648 1630 837 1670 uitiosum
859 1628 985 1669 Itlzae.
1012 1628 1118 1669 [Ilm
1181 1628 1496 1682 Συνεκόοχικῶς
1519 1626 1654 1669 socios
1676 1626 1764 1668 eius
1786 1626 1901 1677 dicit,
1933 1642 2036 1682 quos

199 1702 372 1744 uitiosos
402 1701 497 1743 ideo
529 1701 599 1751 ait,
646 1701 746 1755 quia
791 1715 868 1742 nec
900 1700 1016 1756 apud
1048 1698 1217 1742 Circen]
1248 1700 1412 1755 poculis
1443 1700 1544 1750 eius,
1595 1715 1674 1742 nec
1717 1700 1830 1756 apud
1863 1698 2036 1743 Sirenas

200 1775 392 1817 cantibus
415 1774 495 1817 sibi
517 1782 753 1829 temperare
776 1780 1012 1829 potuerunt.

313 1850 378 1890 65.
412 1849 467 1896 Si,
499 1850 764 1891 Mimnermus
785 1850 850 1890 uti
877 1857 1016 1889 censet.
1077 1859 1354 1889 MIMNERMVS
1377 1847 1610 1903 elegiarum
1632 1847 1816 1903 scriptor
1835 1848 1969 1904 fuit*)‚
1991 1848 2035 1890 in

199 1921 383 1977 quadam
428 1922 576 1978 ecloga
606 1921 861 1977 Hieronymi
893 1921 1115 1977 (Epicuri)
1162 1928 1316 1963 sectam
1365 1921 1665 1963 commendans
1711 1921 1781 1976 qui
1827 1936 2033 1964 summum

316 2057 347 2089 1)
375 2056 548 2094 conspicuo
574 2056 703 2085 datiuus
731 2058 788 2090 est,
814 2058 911 2093 atque
936 2054 989 2084 tibi
1013 2055 1198 2084 addendum
1224 2055 1361 2084 uidetur.
1388 2058 1413 2084 te
1438 2055 1646 2092 conspexerit
1670 2054 1747 2084 Hor.
1786 2055 1943 2094 conspicio
1968 2056 2033 2086 afh.

199 2113 332 2142 eandem
358 2112 424 2142 afh.
452 2113 507 2142 aiit
531 2123 561 2142 v.
589 2122 649 2151 quo
679 2112 952 2151 MRAQG(Q),va.
980 2122 1043 2150 qua
1071 2113 1107 2141 fh
1126 2111 1307 2150 (perperam
1326 2111 1383 2141 ref.
1403 2112 1455 2150 Q).
1486 2111 1609 2141 ecmclem
1634 2120 1704 2141 esse
1730 2113 1770 2141 ad.
1794 2116 1929 2142 mortem
1953 2113 2035 2143 uiam

197 2168 287 2199 vafh.
316 2187 357 2190 -«
385 2173 414 2199 et
440 2170 468 2199 2.
495 2170 563 2199 rell.
593 2170 701 2199 etiam.
740 2168 831 2198 Conf.
860 2168 926 2210 Βφε
966 2168 1126 2198 ίΓονίίοῑιεῑ.
1154 2168 1174 2197 1.
1201 2173 1496 2207 quantumcumque
1521 2169 1624 2207 gloria
1649 2169 1779 2207 polleas.
1807 2173 1913 2199 tamen
1937 2171 2033 2200 mori-

197 2230 290 2256 turus
317 2235 360 2256 es.
386 2226 543 2256 Porticum
568 2230 676 2256 autem
702 2230 732 2256 et
757 2225 838 2255 uiam
863 2226 939 2264 (om.
960 2224 1114 2264 Appiam)
1141 2235 1196 2263 pro
1222 2227 1467 2256 transeuntibus
1486 2226 1589 2264 ponit.
1616 2224 1769 2256 Sciebant
1786 2227 1872 2256 enim
1889 2235 1943 2264 per
1962 2236 2033 2265 por-

197 2284 296 2313 ticum
321 2283 487 2321 Agrippae
513 2287 545 2312 et
570 2283 657 2312 uiam
683 2283 823 2320 Appiam
849 2285 962 2311 euntes
987 2283 1026 2311 ad
1046 2281 1245 2320 Capitolium
1271 2283 1437 2321 conspicui
1463 2282 1590 2312 uideri.'
1640 2281 1672 2321 4)
1698 2283 1744 2312 ait
1770 2292 1831 2312 om.
1858 2283 1946 2315 vafh.
1996 2283 2032 2322 5)

196 2349 289 2369 cenas
315 2358 357 2361 -—-
383 2349 527 2369 canaram
552 2339 594 2368 M.
631 2339 672 2368 ad
698 2340 805 2369 omnia
831 2338 1020 2377 displicentia
1045 2339 1081 2368 R.
1147 2340 1181 2377 ss)
1208 2339 1308 2369 inlata
1332 2339 1375 2369 M.
1403 2340 1471 2368 rell.
1509 2338 1607 2368 illata.
1673 2338 1708 2377 9)
1737 2348 1805 2369 eam
1830 2349 1892 2369 esse
1917 2340 1974 2370 sed
1997 2339 2032 2369 R.

200 2414 242 2417 ——
259 2397 304 2426 sic
329 2397 421 2435 relig.
447 2406 497 2427 va.
525 2397 661 2426 moueris
687 2396 732 2425 fh.
786 2397 839 2434 10)
868 2396 978 2434 linque
1002 2395 1048 2425 fh.
1076 2396 1239 2435 relinquae
1264 2406 1292 2425 v.
1345 2397 1400 2435 12)
1427 2401 1458 2426 et
1483 2396 1591 2425 Venus
1616 2400 1645 2425 et
1666 2396 1797 2425 suadela
1821 2396 1868 2426 fh.
1895 2396 2033 2426 Suadela

197 2458 224 2483 ec
247 2453 311 2483 afh.
372 2455 427 2493 14)
453 2463 534 2492 quae
558 2454 601 2483 ait
626 2463 673 2492 gr.
699 2463 730 2483 v.
757 2447 851 2483 [lt-'Ol
872 2453 949 2491 (sic)
969 2453 1012 2482 M.
1038 2448 1133 2484 [litlot
1159 2453 1187 2483 G
1214 2448 1379 2484 sl11DOl2.
1406 2453 1477 2482 edd.
1506 2447 1613 2483 Πειθὼ
1639 2453 1710 2483 sine
1735 2456 1766 2482 et
1792 2463 1863 2483 cum
1888 2458 2031 2484 accentu.

198 2529 238 2531 >—
263 2511 373 2541 Venus
398 2511 546 2550 accipitur
572 2520 654 2540 omn.
681 2511 766 2540 libri.
793 2510 966 2549 amiellatur
992 2510 1086 2540 Auct.
1114 2520 1142 2548 p.
1171 2511 1246 2540 693.
1299 2510 1354 2549 14)
1381 2514 1414 2539 ut
1439 2519 1510 2548 eges
1526 2509 1596 2539 MR.
1621 2519 1734 2548 aegeas
1751 2520 1782 2539 v.
1837 2511 1891 2549 16)
1917 2511 2032 2540 caerite

196 2577 265 2597 cera
289 2568 333 2598 M.
362 2569 477 2598 caerite
503 2577 593 2598 caera
617 2567 651 2597 R.
689 2566 792 2597 Cerite
818 2577 909 2597 caera
933 2577 983 2596 va.
1017 2566 1122 2597 Cerite
1147 2577 1218 2597 cera
1243 2567 1279 2597 fh
1306 2571 1337 2596 et
1361 2566 1454 2596 Auct.
1482 2566 1502 2595 l.
1528 2566 1548 2595 l.
1575 2566 1722 2604 suffragii
1745 2566 1778 2596 M
1813 2566 1911 2605 (teste
1935 2567 2031 2597 etiam

196 2625 336 2655 Halmio.
364 2625 405 2660 Q:
432 2625 588 2664 suffragia
613 2625 723 2664 codd.)
753 2624 848 2661 {Qash
877 2628 908 2653 et
935 2624 1029 2654 Auct.,
1049 2625 1068 2653 l.
1088 2625 1108 2653 l.
1132 2624 1292 2663 suffragia
1318 2623 1379 2654 2G.
1408 2623 1559 2661 suffragio
1582 2633 1612 2652 v.
1641 2633 1704 2653 non
1729 2624 1887 2653 dederunt
1911 2624 1961 2653 ius
1985 2622 2030 2653 fe-

197 2683 289 2712 rendi
316 2682 473 2721 suffragia
499 2682 593 2712 Auct.
664 2682 717 2720 19)
746 2681 877 2711 Lemma
902 2681 1006 2710 111Μ2
1034 2680 1110 2719 (om.
1141 2681 1335 2721 Ithacensis):
1372 2679 1529 2719 remiffl'um
1552 2679 1688 2710 uitiosum
1711 2677 1845 2713 uilixis.
1871 2680 1915 2710 R:
1941 2678 2030 2709 remi-

192 2738 275 2778 =qiam
298 2739 469 2772 uiconsam
494 2739 555 2777 (sic
581 2740 629 2768 bis
657 2742 687 2768 et
714 2738 797 2768 infra
822 2738 999 2776 uiconsos):
1036 2738 1205 2776 remigium
1241 2739 1403 2768 uiconsum
1439 2736 1550 2766 ulixis.
1588 2745 1623 2766 a:
1660 2736 1843 2775 Remigium
1879 2737 2031 2766 uitiosum

195 2795 331 2834 Vlyssz's.
359 2796 414 2826 fh:
444 2796 559 2835 Remiy.
586 2796 644 2826 uit.
670 2794 826 2825 Ithacensi.
863 2805 883 2823 v
910 2798 941 2824 et
968 2794 1013 2830 Q:
1051 2795 1235 2834 Remigium
1271 2796 1428 2825 uitiosum
1463 2793 1588 2832 Ulyoez‘s.
1626 2789 1868 2837 Συνεκὸοχικως
1902 2792 2029 2823 MA2G.

196 2849 378 2893 μεθονυμεα
403 2863 432 2883 v.
459 2850 633 2894 μετονυμία
658 2861 685 2881 a.
711 2848 894 2893 μετωνυμία
920 2851 966 2883 fh.
1001 2852 1121 2881 osotios
1146 2862 1177 2881 v.
1205 2853 1304 2882 socius
1328 2852 1374 2882 fh.
1438 2850 1496 2889 20)
1523 2859 1582 2880 nec
1606 2850 1691 2888 apud
1721 2850 1822 2889 Ulyssi
1845 2849 1958 2881 Circen
1980 2849 2027 2880 fh.

198 2908 338 2947 Syrenas
357 2909 434 2945 M,v.
462 2927 502 2929 Ἀ
530 2918 696 2947 conparere
719 2908 755 2937 R.
805 2907 862 2946 21)
892 2907 1115 2937 Mimnerimus
1140 2908 1167 2938 R
1194 2908 1287 2948 (bis).
1314 2926 1356 2930 —
1383 2906 1557 2946 elegiarum
1581 2906 1795 2946 MRA2G(Q)
1823 2910 1855 2936 et
1878 2907 1972 2936 Auct.
1999 2915 2028 2945 p.

198 2966 272 2995 693.
300 2967 380 2995 conf.
408 2966 482 2996 Aer.
508 2966 578 3009 Βφε
606 2966 824 2995 ‘Mimnermus
852 2966 988 3003 scriptor
1014 2964 1186 3003 elegiorum
1211 2965 1285 3002 fuit,
1312 2965 1366 3003 qui
1384 2965 1471 2994 dixit
1488 2964 1543 2993 Nil
1561 2972 1633 2994 esse
1650 2965 1818 2994 iocundum
1837 2964 1906 2993 sine
1922 2971 2029 2993 amore

198 3026 228 3052 et
256 3023 335 3052 iocis
361 3024 554 3052 concordans
581 3024 802 3061 epicureorum
829 3022 957 3051 sectae.‘
986 3036 1024 3042 ——
1051 3021 1260 3051 Mimnermus
1285 3021 1435 3061 eleyonter
1459 3021 1596 3059 scriptor
1620 3030 1649 3050 v.
1676 3020 1787 3050 Mimn.
1815 3021 1945 3058 elegans
1968 3027 2027 3048 scr.

196 3077 262 3108 afh.
322 3079 380 3119 22)
406 3080 439 3109 111
465 3080 604 3118 quadam
631 3080 693 3118 egl.
719 3078 926 3117 MRA2G(Q)
952 3077 1058 3115 Auct.,
1084 3087 1104 3107 v
1130 3077 1255 3117 (aegl.).
1281 3078 1345 3108 fuit
1378 3077 1514 3117 quidam,
1542 3077 1653 3116 ecloga
1677 3076 1742 3108 afh.
1768 3095 1812 3099 —
1836 3074 2027 3115 Hieronymi

196 3133 385 3173 (hieronimi
410 3134 452 3165 M.
479 3135 636 3175 hyronimi
660 3135 715 3175 R.)
742 3145 826 3166 omn.
854 3135 941 3165 libri.
971 3133 1066 3164 Auct.
1093 3134 1112 3164 Ι.
1138 3135 1160 3164 l.
1188 3135 1287 3166 habet
1311 3133 1448 3175 Epicuri.
1502 3133 1538 3174 >¹³)
1561 3134 1636 3172 fuit,
1654 3134 1709 3173 qui
1725 3151 1763 3155 -η
1780 3133 1903 3164 Graece
1919 3127 2025 3173 ἀναλγ.

197 3192 347 3228 nominat,
374 3193 437 3221 uol.
466 3191 699 3222 Hirschfelder.

2095 2900 2127 2986 ig.

2095 2987 2125 3046 ls-

2093 3046 2126 3091 ἔ,

2093 3099 2096 3179 !
