2148 3412
637 492 1346 562 COMMENTARII

472 619 559 671 IN
602 618 1057 672 SERMONVM
1099 619 1418 672 LIBRVM
1459 622 1501 671 1.

187 827 225 877 †)
258 821 351 863 Vet.
385 822 475 863 eod.
505 821 602 862 Par.
635 819 703 870 A.‚
737 835 860 875 quem
883 820 980 861 inde
1012 820 1064 861 ab
1097 820 1216 861 initio
1248 821 1373 875 epodi
1396 820 1508 862 XVI
1531 822 1721 862 mutilum
1745 838 1903 878 cogno-

74 895 223 945 uimus,
269 896 424 936 scholiis
453 896 505 936 ad
535 895 745 936 Sermones
775 902 811 935 et
841 894 1048 950 Epistulas
1081 903 1201 941 caret,
1234 894 1353 935 sicuti
1386 894 1519 935 bonus
1557 894 1626 935 ille
1666 895 1810 945 codex,
1853 911 1904 937 ex

75 983 156 1023 quo
192 969 264 1009 Ed.
286 968 469 1009 Romana
503 968 562 1023 (r)
595 967 804 1022 exscripta
836 974 909 1016 est,
947 981 1066 1021 quae,
1100 967 1217 1021 prius
1248 982 1373 1021 quam
1406 968 1458 1007 ad
1483 968 1666 1009 ‘Carmen
1689 969 1903 1010 Saeculare

77 1043 221 1083 Oratis
260 1041 427 1091 transit,
466 1041 578 1095 quod
617 1040 683 1093 ‘Q.
726 1039 774 1081 F.
817 1041 988 1081 Poetrz'a’
1029 1040 1204 1094 excipit,
1246 1048 1338 1095 post
1377 1040 1561 1095 priorem
1601 1041 1727 1096 epodi
1766 1041 1903 1082 XVII

73 1123 248 1169 partem,
280 1114 444 1156 omissis
476 1113 645 1168 quidem
676 1113 844 1155 scholiis
875 1113 929 1154 ad
960 1129 998 1154 u.
1032 1115 1097 1154 50.
1132 1115 1181 1155 51
1217 1121 1255 1153 et.
1287 1115 1352 1163 52,
1400 1114 1454 1154 ad
1485 1114 1660 1155 alteram
1692 1114 1796 1155 nihil
1828 1115 1902 1156 ad-

73 1188 151 1228 fert
182 1188 262 1228 nisi
292 1187 417 1229 haee:
452 1187 655 1241 ‘Explicit
685 1186 819 1228 Liber
848 1186 1097 1242 Epodorum

903 1258 1071 1301 ACRO

72 1331 180 1373 VID
213 1331 427 1374 obseratis.
468 1339 508 1372 vt
541 1347 614 1373 cur
658 1347 752 1373 mea
797 1332 909 1373 dicta
946 1341 1074 1386 negat
1114 1332 1240 1374 duras
1279 1333 1488 1374 dimittere
1529 1333 1571 1374 in
1610 1349 1746 1375 auras.
1806 1334 1903 1376 Non

71 1421 171 1447 saxa
211 1421 278 1446 nu.
324 1421 405 1447 sur.
452 1421 516 1446 na.
562 1405 722 1446 inducit
767 1405 977 1446 Canidiam
1009 1406 1159 1460 peibus
1195 1407 1279 1448 suis
1320 1407 1675 1462 implacaabiliter
1714 1407 1901 1449 rfidente.

69 1479 232 1520 Inultus
263 1479 454 1533 nunquid
486 1479 647 1533 patiar?

183 1552 316 1594 Utin
347 1552 426 1593 hac
464 1551 523 1593 sic
563 1552 606 1592 in
644 1552 708 1592 cd.
741 1553 1035 1595 Mediolanensi
1081 1555 1161 1607 (m)
1194 1559 1315 1607 atque
1353 1554 1396 1594 in
1445 1555 1585 1596 Veneta
1623 1556 1688 1609 (u)
1725 1554 1901 1609 Epodos

69 1633 265 1666 secuntur
309 1624 538 1678 ‘QVINTI
568 1624 833 1667 HORATII
862 1624 1095 1668 FLACCI
1129 1625 1385 1668 CARMEN
1427 1625 1812 1669 SAECVLARE’
1861 1637 1899 1669 et

69 1698 297 1752 ‘QVINTI
329 1698 590 1741 HORATII
620 1697 852 1740 FLACCI
882 1698 967 1740 DE
999 1699 1163 1741 ARTE
1194 1699 1470 1742 POETICA
1511 1700 1597 1742 AD
1638 1699 1898 1743 PISONES

67 1772 279 1823 LIBER',
311 1773 463 1827 quibus
494 1781 634 1813 tamen
666 1773 853 1814 adiuncti
885 1773 1007 1814 etiam
1033 1784 1123 1814 sunt
1148 1774 1437 1815 eonnnentarii
1461 1774 1503 1814 in
1528 1772 1754 1815 Sermones
1776 1782 1900 1829 atque

67 1846 110 1887 in
152 1846 378 1900 Epistulas.
453 1846 544 1887 Illis
581 1847 800 1901 inscriptio
838 1847 936 1887 data
975 1854 1036 1888 est
1073 1846 1248 1887 haecce:
1297 1848 1481 1888 ‘Aeronz's
1526 1848 1818 1889 Commentario
1856 1847 1899 1888 in

69 1919 218 1972 Quinti
248 1918 417 1961 Horatii
448 1919 593 1960 Flacci
617 1917 825 1960 Sermonfi
846 1919 1003 1960 Libros
1034 1919 1181 1969 Duos'‚
1214 1920 1275 1961 his
1298 1927 1441 1961 contra
1471 1928 1637 1975 praeter
1669 1919 1899 1972 ‘QVINTI

67 1991 331 2034 HORATII
361 1990 591 2034 FLACCI
620 1990 1068 2033 EPISTOLARVM
1099 1992 1283 2033 LIBER
1315 1993 1546 2035 PRIMVS
1580 2003 1617 2034 et
1642 2021 1689 2023 ss—
1716 2021 1767 2023 A.
1803 1993 1897 2035 SE-

68 2065 330 2108 CVNDVS'
363 2066 476 2107 nulla
522 2065 746 2107 commenti
783 2064 1018 2106 Aeroniani
1064 2065 1307 2120 praemissa.
1383 2066 1504 2108 Haec
1543 2074 1681 2108 autem
1722 2076 1898 2122 utraque

66 2140 206 2190 editio,
239 2148 279 2181 et
304 2139 582 2182 Mediolansis
613 2148 652 2181 et
681 2139 859 2189 Veneta,
888 2140 1077 2195 princeps
1108 2140 1296 2180 uocanda
1329 2148 1384 2180 est
1416 2154 1565 2186 eamm,
1597 2155 1696 2194 quae
1731 2143 1898 2182 Acrom's

72 2216 367 2255 commentarios
403 2216 444 2255 in
477 2215 642 2255 Horatii
671 2214 880 2255 Sermones
922 2222 956 2253 et
998 2212 1196 2268 Epistulas
1236 2212 1474 2253 obtulerant.
1535 2211 1733 2252 Notanda
1772 2213 1896 2253 etiam

66 2296 127 2328 est
158 2287 375 2342 inscriptio
407 2287 510 2342 ipsis
533 2286 808 2328 Sermonibus
840 2286 1096 2341 anteposita:
1130 2284 1343 2338 QVINTI
1374 2284 1635 2326 HOR-ATII
1665 2283 1895 2327 FLACCI

68 2358 415 2402 SERMONVM
446 2359 630 2401 LIBER
660 2358 890 2400 PRIMVS
922 2359 1009 2399 AD
1043 2358 1492 2401 MECOENATEM.
1565 2357 1717 2414 Satyra
1748 2358 1896 2413 prima.

178 2433 368 2474 Adhibui
400 2434 444 2473 in
477 2432 751 2475 Sermonibus
783 2441 949 2488 praeter
986 2434 1060 2474 has
1099 2440 1283 2474 uetustas
1325 2433 1542 2482 editiones,
1590 2447 1696 2487 quae
1735 2447 1785 2472 ex
1828 2447 1896 2473 co-

66 2505 230 2548 dicibus
261 2523 388 2548 manu
410 2507 577 2561 seriptis
599 2508 810 2561 profectae
833 2514 945 2548 sunt:
982 2509 1015 2547 1.
1050 2507 1237 2547 codicem
1259 2506 1355 2546 Par.
1380 2522 1401 2559 't'
1424 2506 1503 2560 (7),
1534 2505 1689 2546 librum
1713 2505 1896 2560 optimae

64 2586 187 2620 notae
227 2586 266 2620 et
307 2595 382 2635 per
422 2587 668 2621 uetusta-tem
719 2588 758 2620 et
806 2594 880 2634 per
924 2580 1091 2621 uirtutis
1133 2579 1473 2633 auctoritatisque
1516 2579 1680 2633 pondus
1724 2578 1896 2619 maximi

65 2653 201 2708 pretii.
270 2656 306 2694 2.
339 2653 474 2694 Multo
515 2653 688 2694 minoris
728 2653 1005 2708 omnibusque
1045 2653 1235 2708 partibus
1276 2652 1450 2693 inferior
1491 2652 1793 2693 existimandus
1836 2660 1894 2693 est

65 2726 155 2767 cod.
186 2725 282 2767 Par.
315 2726 361 2766 X
393 2728 556 2782 (7985),
591 2727 756 2768 saeculo
778 2726 868 2767 XV
900 2728 942 2767 in
974 2727 1097 2768 Italia
1129 2743 1152 2767 a
1183 2726 1321 2768 scriba
1352 2726 1570 2781 ignorante
1603 2725 1896 2780 neglegentius

65 2806 258 2840 exaratus
289 2807 327 2840 et
358 2808 524 2855 praeter
563 2799 940 2841 ‘COMENTVM'
984 2800 1026 2840 in
1070 2800 1272 2841 Carmina
1314 2799 1479 2854 Epodd.
1524 2796 1664 2839 Carni.
1708 2814 1814 2840 saec.
1857 2806 1895 2839 et

65 2871 157 2913 Art.
189 2888 255 2927 po.
288 2874 411 2914 etiam
447 2873 698 2915 Sermonum
729 2874 1012 2929 expositiones
1042 2888 1172 2928 usque
1205 2873 1256 2913 ad
1296 2872 1352 2922 Π,
1388 2874 1408 2912 7
1443 2871 1658 2921 exhibens,
1705 2871 1777 2912 ubi
1810 2873 1893 2913 exit

65 2960 159 2987 cum
189 2946 349 2988 uerbis:
384 2948 581 2988 decembri
610 2956 742 2988 (rectem
773 2963 902 2989 mense
943 2948 1180 2989 saturnalia.
1242 2946 1351 2987 Vide
1390 2945 1715 3000 descriptionem
1754 2945 1796 2985 in
1829 2946 1893 2986 ed.

63 3019 183 3075 Lips.
216 3036 255 3075 p.
289 3022 325 3062 6.
401 3020 592 3076 Singulis
622 3020 725 3062 locis
756 3036 832 3076 per
872 3028 978 3063 totos
1012 3020 1237 3062 Sermones
1276 3020 1318 3060 in
1356 3027 1519 3075 partem
1559 3019 1709 3060 uocaui
1755 3026 1894 3060 uetus-

69 3093 272 3135 tissimum
301 3092 631 3135 Ambrosianum
681 3095 807 3149 (conf.
839 3094 935 3139 Vol,
967 3094 987 3135 I
1018 3110 1057 3150 p.
1090 3094 1167 3149 H),
1214 3108 1352 3148 porro,
1398 3092 1591 3147 inprimis
1636 3092 1679 3132 in
1724 3092 1894 3134 introitu

199 3173 356 3198 HAU'I'HAL7
374 3173 440 3194 ΑΕΒ.
458 3173 497 3194 ΕΤ
514 3173 626 3194 PORPH.
644 3174 665 3202 II
1608 3166 1619 3189 1
