2148 3412
0 137 2 203 l
772 159 821 192 IN
846 160 982 192 SERM.
1008 160 1034 199 1,
1060 163 1091 192 6.
1765 149 1843 188 127

0 231 2 268 Ι

25 283 251 334 Etruriam,
287 283 401 338 quod
431 289 470 325 et
507 284 702 339 Verqz'lz'us
731 289 917 334 testatur,
963 297 1057 325 cum
1088 282 1190 324 dicit
1236 281 1310 339 (A.
1340 282 1398 335 H,
1431 284 1552 340 781):
1597 283 1669 326 ubi
1695 282 1848 341 Lydius

0 373 3 414 g
27 373 131 400 arua
161 358 273 400 Inter
303 359 433 413 opima
464 359 601 399 uirum
632 358 712 398 lem·
734 358 825 413 fluit
856 358 1010 412 aymine
1045 358 1081 398 T
1080 356 1228 412 hybre's.

137 431 173 472 5.
204 445 304 472 uaso
335 431 556 487 suspendis.
617 428 745 482 Quod
773 430 904 486 uulgo
935 430 1080 472 dicunt
1120 431 1317 472 desannas
1361 431 1387 472 i.
1433 445 1467 472 e.
1513 445 1590 486 per
1631 429 1848 472 fastidium

1 494 5 569 l
27 503 236 560 quoddam
267 503 447 544 derides.

138 579 174 618 7.
206 578 243 619 8.
268 578 491 633 persuades
523 577 596 618 hoe
625 577 693 617 tibi
718 591 813 618 uere
845 579 946 618 Ante
975 584 1211 632 potestatem
1243 578 1354 619 Tulli
1388 586 1502 634 atque
1540 579 1620 633 iqu.
1658 592 1768 633 reyu.
1809 587 1850 619 et

2 650 200 707 {reliqua
259 649 384 691 Licet
412 649 489 691 tibi
521 649 708 706 (scireP),
740 649 889 704 inquit,
921 657 960 691 et
990 658 1086 691 ante
1120 650 1284 692 Tullum
1313 665 1458 706 regem
1488 650 1641 692 multos
1670 650 1849 707 ignobili

3 717 178 780 {genere
208 730 327 765 natos
358 723 513 778 probos
542 723 657 765 uiros
677 723 806 765 fuisse
827 738 1008 778 usosque
1031 723 1183 779 amplis
1213 723 1455 765 honoribus.
1520 725 1679 766 Tullum
1710 731 1848 765 autem

4 796 269 847 *nominauia
301 797 402 851 quia
431 811 552 838 serua
583 796 753 851 captiua
783 797 1062 839 cornicula-ria
1092 797 1171 839 fuit
1200 804 1337 848 natus,
1369 804 1409 839 et
1438 797 1533 840 ideo
1563 812 1731 853 regnum
1761 797 1850 839 eius

25 870 195 926 iqaobz'le
224 870 342 911 dixit.
1483 870 1485 872 ’

138 944 201 985 10.
233 944 383 988 Multos
413 958 528 1000 saepe
556 945 668 986 uiros
697 945 824 986 uallis
846 946 936 986 Μαί.
959 952 1077 987 ortos.
1137 943 1273 986 Nemo
1295 951 1355 986 est
1376 943 1536 999 utique,
1568 945 1641 998 qui
1670 944 1851 986 maiores

26 1017 160 1059 nullos
203 1017 375 1067 habeat,
423 1018 496 1059 sed
541 1033 637 1059 cum
668 1018 869 1060 memoria
899 1018 1067 1060 illorum
1098 1024 1271 1074 propter
1300 1018 1581 1060 humilitatem
1625 1018 1741 1059 nulla
1785 1018 1851 1068 sit,

29 1090 148 1146 quasi
178 1105 261 1132 non
291 1090 488 1132 uidentur
516 1091 658 1132 fuisse.

138 1166 202 1205 12.
239 1164 387 1206 Contra
418 1165 643 1206 Laeuinum
682 1165 814 1207 Valeri
838 1180 974 1221 qeuus.
1032 1166 1083 1207 Id
1115 1173 1195 1208 est:
1228 1165 1426 1208 Valerius
1456 1165 1676 1208 Laeuinus
1708 1181 1732 1207 a
1761 1165 1851 1208 Va-

26 1238 127 1280 lerio
156 1237 392 1289 Publicola,
425 1238 498 1293 qui
531 1253 625 1280 cum
654 1238 776 1281 Iunio
799 1238 934 1281 Bruto
955 1239 1238 1295 Tarquinium
1260 1239 1490 1295 superbum
1511 1240 1685 1296 expulit,
1717 1254 1851 1296 genus

26 1311 196 1353 habens.
251 1311 528 1367 Periphrasin
560 1318 697 1353 autem
727 1312 963 1354 necessario
994 1313 1106 1363 fecit,
1138 1313 1247 1355 sicut
1278 1314 1473 1364 Lucilius,
1507 1328 1603 1355 cum
1625 1314 1727 1355 dicit
1748 1313 1850 1369 (inc.

11 1380 118 1427 ¹libr.
148 1385 298 1441 fragm.
333 1386 411 1427 105
445 1383 606 1441 Ge1·l.):
647 1387 781 1428 Valeri
808 1388 999 1428 sententia
1032 1388 1119 1434 dim
1156 1387 1256 1441 quia
1277 1387 1437 1429 scilicet
1456 1401 1610 1428 nomen
1630 1387 1709 1429 hoc
1730 1394 1852 1441 quat-

11 1464 120 1521 ·tuor
162 1458 355 1500 breuium
400 1458 658 1514 syllabarum
701 1466 775 1509 est,
821 1459 874 1501 ob
919 1459 962 1500 id
1007 1475 1091 1502 non
1122 1468 1258 1515 potest
1287 1461 1330 1501 in
1361 1461 1651 1502 hexametrum
1681 1475 1853 1503 uersum

30 1532 173 1588 recipi.

14 1658 15 1667 ἵ
137 1607 242 1648 uude
273 1606 479 1663 Superbus
514 1608 550 1648 T
547 1609 699 1664 arquin.
765 1608 875 1650 Unde
918 1622 996 1663 pro
1041 1623 1065 1649 a
1096 1623 1191 1663 quo.
1258 1610 1463 1650 Terentius
1495 1607 1627 1664 (Eun.
1658 1607 1693 1659 Ι,
1726 1609 1764 1659 2,
1796 1609 1851 1650 34

14 1670 146 1741 {(114)
177 1679 213 1720 F
215 1680 281 1736 l.):
318 1681 352 1721 E
374 1681 649 1736 praedonibus
684 1681 793 1722 Unde
824 1690 973 1723 emerat
1002 1697 1041 1723 se
1073 1683 1248 1724 audisse.

140 1754 316 1795 13—16.
348 1756 468 1796 vunlus
499 1756 602 1796 assis
631 1755 723 1797 Non
752 1769 857 1812 umq.
883 1757 1012 1812 pretio
1040 1757 1173 1812 pluris
1205 1758 1381 1798 licuisse.
1454 1755 1542 1797 Hic
1570 1755 1620 1797 P.
1652 1755 1854 1797 Valerius

30 1827 131 1869 adeo
161 1827 294 1869 foedis
325 1834 365 1868 et
395 1827 594 1882 proiectis
625 1828 670 1868 in
714 1844 879 1870 omnem
924 1829 1228 1884 turpitudinem
1272 1829 1459 1871 moribus
1503 1829 1623 1879 uixit,
1668 1837 1713 1870 ut
1756 1843 1855 1884 pro-

16 1901 125 1962 {uehi
145 1916 229 1942 non
249 1901 430 1956 potuerit
449 1902 559 1943 ultra
581 1903 861 1957 quaestoriam
884 1903 1146 1958 dignitatem.
1206 1902 1325 1959 Ergo
1357 1917 1503 1945 sensus
1534 1910 1612 1945 est:
1647 1901 1856 1955 Quamuis

17 1968 206 2031 'populos
237 1976 424 2017 adsuerit.
452 1976 631 2018 honores
662 1976 762 2017 dare
793 1976 994 2033 indignis,
1017 1977 1115 2017 dum
1137 1976 1267 2018 titulis
1289 1983 1412 2030 atque
1434 1976 1695 2032 imaginibus
1710 1990 1856 2018 moue-

18 2073 21 2119 l
143 2091 175 2130 1)
201 2093 348 2121 etruriam
372 2090 578 2132 MR2(G‘.>)Q.
605 2093 679 2122 elhr.
705 2103 734 2122 v.
754 2092 828 2122 lcetr.
846 2092 910 2122 afh.
939 2111 977 2113 —
1005 2103 1074 2122 cum
1100 2094 1179 2123 dicit
1198 2103 1258 2122 om.
1285 2094 1314 2122 2.
1334 2109 1365 2112 -
1386 2093 1493 2132 lydius
1519 2092 1614 2121 amnis
1640 2093 1725 2123 inter
1750 2094 1856 2131 opima

32 2147 137 2178 ferens
164 2148 241 2187 (sic)
261 2158 311 2178 va.
338 2150 393 2179 ubi
419 2149 485 2189 lyd.
512 2159 589 2179 arua
614 2151 698 2179 inter
724 2151 819 2188 opim.
845 2147 867 2178 f.
896 2149 972 2188 (sic)
1000 2150 1043 2187 M,
1070 2160 1130 2180 om.
1158 2151 1262 2179 uirum
1287 2150 1358 2179 fluit
1382 2150 1510 2188 agmine
1535 2149 1687 2189 Thybris.
1714 2149 1757 2179 R:
1783 2160 1813 2178 u.
1833 2150 1854 2179 l.

19 2201 108 2235 ‘arua
132 2206 217 2235 inter
241 2215 342 2243 opum.
369 2205 457 2246 (sie).
487 2207 570 2237 inter
595 2207 700 2244 opima
712 2205 761 2245 se.
787 2211 839 2236 ecc.
866 2205 904 2236 G.
930 2207 985 2235 ubi
1010 2207 1078 2245 lyd.
1108 2224 1144 2227 —
1173 2207 1244 2236 fluit
1262 2208 1292 2243 2,
1320 2217 1380 2237 om.
1407 2208 1535 2244 agmine
1554 2205 1691 2245 Thybris.
1742 2207 1776 2245 2)
1807 2206 1857 2235 Τί-

32 2262 97 2291 bris
121 2261 197 2298 th.
240 2262 372 2301 Thybris
398 2262 433 2297 C,
461 2264 571 2301 script.
598 2263 797 2301 quorundam
821 2267 987 2301 poetarum
1012 2267 1108 2301 atque
1133 2264 1278 2301 inprimis
1314 2263 1464 2301 Vergilii.
1491 2264 1573 2293 conf.
1598 2263 1765 2299 Ribbeck„
1803 2263 1857 2300 qui

33 2326 73 2347 ex
98 2317 121 2347 C
148 2319 230 2348 hunc
255 2319 358 2348 locum
388 2319 492 2348 ‘schoL
519 2319 607 2349 Hor.'
633 2320 754 2348 laudat.
781 2319 818 2348 In
845 2320 913 2357 ipso
942 2320 1018 2349 Hor.
1046 2323 1127 2349 uett.
1155 2321 1246 2349 codd.
1272 2323 1404 2349 tuentur
1428 2319 1529 2349 tiberis
1554 2324 1583 2348 et
1611 2320 1642 2348 in
1662 2318 1692 2349 S.
1720 2323 1750 2347 et
1775 2318 1800 2347 E
1827 2323 1858 2348 et

21 2345 66 2403 lin
90 2373 306 2405 Carminibus.
370 2375 406 2414 3)
433 2375 467 2404 M
492 2385 554 2405 non
580 2376 677 2405 habet
702 2375 819 2405 ademco
844 2377 875 2405 in
900 2377 971 2405 lem.
999 2380 1033 2405 ut
1057 2375 1102 2405 fh.
1168 2375 1203 2415 6)
1230 2376 1314 2406 Licet
1347 2375 1451 2406 MRG.
1488 2379 1585 2413 recte,
1626 2376 1681 2405 sed
1717 2385 1772 2413 pro
1809 2374 1860 2404 tibi

34 2431 134 2460 scribe
157 2431 246 2468 scire,
276 2435 312 2461 ut
336 2431 408 2461 Liu.
434 2432 459 2468 I,
475 2433 527 2462 39.
555 2432 647 2461 Lucr.
673 2431 697 2467 Ι,
718 2433 793 2461 680.
819 2431 860 2469 11,
880 2433 955 2461 966.
980 2433 1018 2468 V,
1038 2434 1112 2463 590.
1138 2433 1207 2462 rell.
1236 2433 1341 2472 Liquet
1357 2434 1428 2463 tibi.
1456 2433 1541 2463 Scire
1559 2432 1625 2462 licet
1649 2433 1669 2461 i.
1696 2442 1721 2461 c.
1747 2434 1858 2461 notum

35 2490 93 2524 est,
118 2488 217 2518 multo
242 2489 395 2518 urbanius
421 2492 469 2518 est
493 2497 587 2527 quam
612 2488 719 2527 Liquet
742 2489 812 2518 tibi.
878 2489 912 2527 7)
937 2488 1052 2528 maynis
1078 2490 1152 2519 hon.
1178 2490 1214 2519 R.
1241 2490 1310 2519 rell.
1337 2489 1444 2528 (amplis
1469 2490 1540 2519 hon.
1591 2489 1626 2527 S)
1652 2487 1859 2518 cornicularia

33 2542 271 2583 MRA2(GQ),v
297 2543 489 2574 Corticulana
514 2554 541 2574 a.
557 2544 775 2583 form'cularia
799 2544 845 2574 fh.
884 2545 996 2583 Neque
1020 2545 1170 2575 Ascensii
1196 2555 1298 2584 neque
1323 2546 1463 2575 Fabricii
1489 2546 1679 2575 uocabulum
1705 2545 1859 2575 Latinum

35 2603 92 2637 est,
117 2601 324 2631 cornicularia
353 2605 459 2631 autem
486 2612 527 2631 ex
553 2602 681 2640 perdita
705 2601 813 2630 Plauti
840 2602 1006 2631 comoedia
1031 2603 1181 2632 innotuit.
1230 2603 1314 2632 Filia
1340 2612 1415 2641 ergo
1441 2606 1509 2632 erat
1536 2603 1592 2631 illa
1616 2601 1813 2631 cornicularii
1838 2602 1858 2630 i.

37 2657 155 2686 scribae
180 2659 310 2696 publici.
338 2657 420 2688 conf.
458 2658 585 2687 Firmie.
624 2658 681 2695 111,
709 2660 738 2688 6.
767 2657 844 2687 Cod.
870 2658 987 2687 lustin.
1013 2658 1085 2697 XII,
1113 2660 1165 2696 53,
1195 2660 1221 2688 1.
1250 2658 1326 2688 Cod.
1364 2659 1524 2688 Theodos.
1554 2659 1641 2695 VIII,
1668 2660 1698 2696 4,
1728 2660 1777 2688 10.
1805 2658 1858 2687 adi

37 2710 177 2743 Glossar.
202 2714 254 2743 Du
278 2715 408 2744 Fresne.
461 2715 516 2753 12)
543 2715 684 2744 uidentur
708 2713 948 2753 RA2G(Q)‚va.
975 2716 1095 2744 uidetur
1118 2715 1212 2752 M,fh.
1280 2714 1335 2754 13)
1361 2716 1501 2745 leuiuum
1526 2715 1638 2750 MRa‚v
1665 2715 1712 2753 (in
1738 2715 1859 2744 scholio

39 2767 188 2807 Leuinus,
227 2772 248 2800 1.
276 2771 310 2800 in
336 2771 435 2810 lem),
473 2775 508 2801 ut
533 2771 642 2801 Ambr.
669 2771 764 2800 Bern.
792 2770 816 2800 C
843 2773 1000 2810 paucique
1025 2773 1082 2801 alii
1106 2772 1183 2801 Hor.
1211 2773 1349 2802 codices.
1375 2771 1497 2801 Valerii
1519 2782 1549 2801 v.
1576 2772 1645 2800 rell.
1672 2771 1784 2800 ualerz'.
1812 2772 1857 2809 (v.

37 2824 134 2865 Asc).
201 2826 256 2866 14)
282 2828 433 2866 pullicola
456 2828 491 2857 M
518 2828 602 2867 (H.).
638 2846 677 2849 --
713 2828 865 2857 coniuncto
889 2829 984 2857 bruto
1009 2827 1096 2857 MQG
1122 2827 1222 2866 (man.
1249 2830 1304 2858 rei.
1332 2830 1370 2857 ad
1398 2838 1497 2866 marg.
1526 2828 1634 2865 posuit
1658 2837 1743 2866 quom
1766 2827 1859 2857 Iunio

38 2880 159 2921 Bruto).
186 2893 252 2913 cum
276 2884 351 2914 lucio
375 2885 469 2914 bruto
493 2884 530 2914 R.
555 2885 626 2914 rell.
652 2895 722 2914 cum
747 2885 838 2915 Iunio
864 2884 975 2915 Bruto.
1003 2886 1141 2923 expulit.
1187 2885 1288 2915 Valeri
1308 2895 1410 2924 flemus,
1448 2885 1480 2913 id
1503 2889 1552 2922 est,
1587 2893 1687 2922 genus
1712 2884 1786 2915 hab.
1812 2883 1858 2913 fh.

42 2938 94 2977 15)
121 2940 293 2980 perffrasin
309 2941 352 2970 M.
378 2959 420 2962 —
446 2941 524 2971 facit
551 2942 579 2971 2.
633 2940 687 2980 16)
713 2942 773 2971 hoc
797 2939 1000 2981 MR2(G?Q).
1027 2951 1087 2971 om.
1112 2941 1200 2971 vafh.
1252 2942 1307 2980 17)
1333 2942 1406 2981 syll.
1431 2941 1478 2977 sit,
1505 2950 1540 2970 eo
1567 2941 1596 2970 2.
1625 2941 1698 2980 Syll.
1726 2944 1785 2970 est.
1813 2940 1860 2969 Eo

39 2992 87 3024 bid
109 2995 185 3035 (sic)
211 3007 274 3027 non
300 3007 347 3035 po.
374 2997 415 3026 M.
442 3002 501 3027 est:
530 3002 560 3027 et
586 2999 662 3028 obid
687 2999 723 3028 R.
750 2998 819 3028 rell.
847 3002 897 3028 est
922 3008 953 3027 eo
978 3008 1042 3028 non
1068 3002 1184 3036 potest.
1204 2999 1295 3036 posui
1314 2997 1347 3026 ob
1364 2998 1404 3026 ul.
1423 3002 1574 3026 exametr.
1592 2997 1665 3035 MR,
1692 3001 1727 3027 ut
1753 3006 1859 3035 supra.

42 3050 95 3089 19)
119 3055 255 3082 terrent..
281 3054 324 3083 M.
375 3055 431 3093 20)
457 3055 541 3092 pred.
567 3055 610 3083 M.
660 3055 716 3093 22)
743 3054 823 3084 fedis
850 3059 881 3085 et
905 3052 1065 3093 M(G?Q).
1092 3055 1162 3084 rell.
1190 3055 1293 3085 foedis
1320 3053 1439 3091 (saedis
1464 3054 1500 3093 v)
1530 3064 1576 3084 ac.
1604 3072 1643 3075 κ·
1670 3055 1758 3083 uixit
1784 3063 1859 3084 mor.

33 3105 82 3144 ¹M.
106 3109 172 3137 rell.
198 3111 338 3140 moribus
363 3111 432 3140 uix.
480 3111 537 3151 23)
563 3112 761 3149 quaestoriam
778 3111 811 3140 M
828 3110 960 3151 (quest.)
988 3110 1153 3149 RG(Q>‚a.
1182 3115 1385 3149 quaestorum
1408 3121 1438 3140 v.
1465 3114 1653 3149 quaesturae
1678 3110 1751 3140 th.
1800 3110 1857 3148 24)

41 3163 166 3195 adsueu.
192 3166 235 3196 M.
270 3185 302 3187 -—
329 3168 402 3197 dare
428 3168 500 3199 hon.
528 3168 556 3197 2.
582 3169 732 3199 honorem
757 3169 833 3198 darc
858 3169 894 3198 R.
920 3169 988 3199 rell.
1016 3169 1146 3199 honores
1171 3168 1258 3197 dare.

1878 953 1918 986 lO

1877 1324 1918 1355 15
