2148 3412
836 143 886 174 IN
912 142 1047 175 SERM.
1073 142 1099 182 Ι,
1127 145 1155 174 7.
1828 130 1907 170 139

84 271 185 318 m'ae,
231 267 336 325 [spes
367 283 388 308 ο
414 267 606 322 fidissima
642 267 679 307 Τ
677 265 877 322 eteorum]
935 264 1133 320 Rupilius
1162 264 1255 306 Rex
1301 278 1438 305 comes
1481 264 1559 305 fuit
1587 263 1733 312 Bruti3
1780 262 1909 304 solem

85 356 186 397 ergo
216 339 382 381 dicebat
400 338 593 389 Brutum,
624 345 665 380 et
695 338 867 380 comites
897 338 987 379 eius
1017 337 1121 380 alios
1152 338 1292 379 stellas
1323 337 1524 388 salubres,
1556 336 1778 393 Rupilium
1807 350 1909 377 uero

85 413 364 457 canicularem
395 412 557 454 stellam
587 412 627 453 h.
659 426 694 453 e.
727 411 898 453 Sirium.

194 488 260 528 25.
293 500 427 528 canem
456 486 584 527 illum.
645 484 895 526 Caniculam
924 484 1182 541 pestiferam.

195 560 261 601 26.
292 560 412 601 inuis.
445 558 630 614 ayricolz's
660 559 784 600 sidus.
831 556 945 610 Quia
974 558 1232 614 pestiferum.

195 633 261 673 26.
293 633 358 673 27.
390 632 533 674 ruebat
557 632 596 687 sl.
628 647 668 673 u.
699 632 736 672 Ιι.
796 631 848 672 Id
878 638 961 673 est:
998 632 1057 673 ita
1087 631 1235 673 ruebat
1270 630 1359 672 eius
1389 631 1523 672 oratio
1555 629 1909 684 quemadmodum

83 712 244 748 torrens
275 705 534 746 descendens
565 704 617 745 de
648 704 850 746 altissimo
881 711 1034 746 monte.

200 780 289 830 Quo
320 793 421 820 rara
452 780 603 820 securis
628 779 762 832 fertur
791 778 832 818 h.
854 792 888 819 e.
920 778 974 818 ad
1005 792 1130 832 quem
1150 783 1333 818 montem
1356 791 1451 818 raro
1474 776 1640 817 uenitur
1660 776 1910 831 praeciden-

85 853 232 894 dorum
262 851 400 907 gratia
429 851 657 907 lignorum.
716 850 882 892 Fabula
912 851 1007 892 talis
1038 857 1118 893 est:
1160 849 1356 903 Quodam
1387 857 1575 905 tempore
1606 850 1785 892 rusticus
1817 864 1911 891 cum

84 925 198 967 iuxta
227 924 400 966 fluuium
431 924 549 980 ligna
579 924 729 975 caedit,
761 939 859 966 casu
891 925 1048 966 securis
1079 924 1167 966 eius
1188 924 1232 965 in
1251 924 1426 965 fluuium
1446 923 1611 965 cecidit.
1671 923 1911 964 Mercurius

85 999 164 1041 hoc
194 998 245 1040 de
276 1013 437 1040 summo
458 998 566 1039 uidit
585 1005 738 1048 monte,
778 998 965 1056 [uidens]
989 998 1207 1041 descendit
1236 998 1290 1039 ad
1320 998 1522 1040 rusticum
1551 996 1912 1053 interrogauitque

85 1087 191 1123 eum,
234 1071 337 1126 quid
367 1071 586 1114 amisisset.
646 1071 724 1113 Ille
755 1071 1023 1127 simplicitate
1054 1087 1128 1114 sua
1159 1071 1235 1112 ait:
1283 1071 1462 1113 securim
1506 1071 1686 1112 ferream
1731 1069 1911 1125 perdidi.

83 1145 321 1188 Mercurius
350 1145 506 1187 leuauit
528 1159 711 1196 auream,
742 1145 813 1186 ille
844 1160 962 1187 suam
993 1145 1074 1187 sibi
1105 1145 1225 1186 reddi
1257 1144 1464 1200 cupiebat..
1513 1141 1798 1186 Conlaudauit
1818 1157 1912 1183 eum

85 1220 186 1262 deus
216 1226 254 1261 et
286 1234 403 1261 suam
433 1218 497 1259 illi
527 1225 567 1260 et
597 1233 767 1260 auream
798 1218 1063 1261 condonauit.
1121 1217 1244 1259 Alter
1275 1218 1463 1274 agricola
1492 1218 1572 1259 hac
1593 1218 1706 1258 fama
1727 1231 1911 1258 commo-

84 1299 148 1335 tus
190 1292 268 1334 iuit
310 1292 365 1333 ad
405 1292 592 1343 fluuium,
639 1299 679 1333 et
708 1293 808 1334 dum
839 1307 882 1334 se
912 1292 1081 1334 simulat
1108 1292 1227 1348 ligna
1264 1291 1430 1332 deicere
1479 1291 1602 1341 uelle,
1646 1289 1825 1332 securim
1869 1289 1913 1329 in

83 1366 255 1408 fluuium
284 1365 520 1407 uoluntarie
551 1365 741 1420 proiecit.
816 1364 1022 1407 Similiter
1051 1366 1130 1407 hoc
1161 1380 1289 1420 supra
1320 1365 1456 1406 dictus
1487 1364 1589 1405 deus
1619 1363 1769 1404 uidens
1807 1362 1912 1403 des—

86 1439 225 1482 cendit
252 1439 489 1494 leuauitque
519 1439 711 1480 ferream.
771 1438 849 1480 Ille
880 1453 1050 1480 auream
1081 1453 1124 1480 se
1155 1439 1391 1494 perdidisse
1421 1437 1628 1494 fingebat3
1660 1437 1791 1478 iratus
1812 1436 1914 1476 deus

86 1520 126 1556 et
154 1513 270 1554 illam
301 1512 471 1553 dimisit.
531 1511 597 1553 Ita
630 1511 750 1568 [que]
785 1512 855 1567 qui
888 1527 1057 1554 auream
1088 1512 1245 1554 habere
1276 1511 1486 1567 cupiebat,
1518 1518 1556 1552 et
1579 1526 1696 1552 suam
1717 1509 1913 1565 perdidit.

85 1586 203 1643 Ergo
234 1586 336 1628 dicit
365 1586 490 1628 modo
520 1592 664 1642 poeta:
697 1587 758 1628 sic
780 1586 862 1642 (in)
885 1586 1081 1628 iniuriam
1102 1585 1250 1641 Rupili
1270 1585 1444 1627 Persius
1465 1584 1672 1634 inruebat,
1705 1583 1914 1638 quomodo

85 1660 235 1703 fluuius
264 1660 348 1711 ille,
381 1659 453 1714 qui
483 1674 579 1702 raro
609 1660 735 1701 habet
765 1674 914 1702 aureos
945 1674 1123 1702 secures.

192 1735 326 1789 fertur
343 1748 419 1789 quo
436 1748 537 1775 rara
553 1749 584 1774 s.
619 1731 734 1785 Quia
750 1733 891 1774 omnia
906 1733 1024 1788 ligna
1040 1747 1181 1774 secum
1197 1732 1325 1773 trahit
1339 1738 1514 1782 torrens,
1533 1746 1616 1773 non
1633 1736 1730 1786 eget
1746 1729 1914 1772 securis.

199 1809 265 1850 28.
300 1809 402 1850 Tum
434 1808 734 1849 Praenestinus.
794 1806 991 1862 Rupilius
1021 1806 1126 1847 Rex.

198 1883 315 1924 salso.
347 1882 546 1937 multoque
573 1882 722 1937 fluenti.
799 1879 869 1936 [Id
899 1887 979 1922 est:
1026 1879 1098 1936 de]
1141 1894 1285 1921 amaro
1317 1885 1357 1920 et
1401 1878 1572 1934 copioso
1620 1876 1680 1933 [et
1709 1876 1916 1918 maledico

87 1961 255 2012 pectore
285 1954 460 2011 protulit
490 1954 682 1996 conuicia
713 1960 751 1995 et
784 1953 978 2010 remisit]

201 2030 267 2071 29.
298 2030 507 2085 Expressa
540 2027 735 2084 [arbusto.
794 2026 846 2068 Id
877 2026 971 2083 est,]
1004 2026 1180 2082 prolata.
1239 2027 1417 2068 arbusto.
1477 2024 1563 2066 Pro
1593 2030 1777 2079 pectore,
1814 2022 1916 2063 alle-

91 2103 267 2159 goricos.

200 2178 356 2232 reyerz't.
413 2175 605 2217 Inuicem
634 2174 773 2216 mittit.
819 2173 904 2215 Per
933 2173 1249 2215 translationem
1278 2171 1412 2214 uoluit
1441 2171 1558 2213 uirus
1590 2169 1765 2211 acrioris
1795 2168 1917 2209 mali-

90 2249 173 2292 tiae
202 2249 451 2306 exprimere.

208 2412 240 2450 1)
266 2420 394 2449 spes—
413 2410 570 2440 Teucrum
596 2419 655 2439 om.
680 2419 708 2451 γ,
733 2412 770 2438 ut
788 2409 828 2438 ad
848 2407 882 2438 C.
900 2408 954 2445 IV,
975 2408 1004 2444 5,
1023 2407 1052 2437 5.
1077 2407 1277 2436 sanctissima
1296 2405 1478 2444 G(Q)‚vac.
1501 2404 1652 2441 fidissima
1676 2403 1723 2440 fh,
1748 2406 1783 2432 ut
1802 2402 1918 2431 Medic.

95 2466 181 2498 Seru.
206 2467 358 2497 Ribbeck.
374 2467 567 2496 —Rufilius
592 2476 608 2508 γ
634 2466 663 2495 h.
689 2466 710 2494 1.
762 2466 796 2505 2)
824 2466 891 2494 eius
917 2465 997 2493 alios
1022 2473 1051 2506 γ.
1078 2464 1148 2492 rell.
1176 2473 1236 2493 om.
1252 2481 1292 2484 -
1308 2464 1440 2492 comites
1465 2471 1540 2491 uero
1563 2465 1686 2499 praeter
1699 2460 1809 2497 Reyem
1824 2475 1863 2479 —
1883 2457 1919 2487 C.

95 2524 130 2563 4)
154 2523 263 2554 Canio.
289 2528 369 2562 pest.
394 2532 421 2566 γ.
447 2524 517 2552 rell.
544 2533 604 2553 om.
670 2522 704 2561 6)
731 2521 998 2560 quemadmodum
1022 2530 1048 2562 γ.
1075 2520 1143 2550 rell.
1172 2521 1275 2558 quasi.
1341 2520 1374 2559 7)
1401 2519 1435 2548 (Ze
1459 2528 1540 2561 ⁴s‚va.
1566 2519 1605 2547 ab
1631 2514 1788 2554 th(G·?).
1815 2515 1850 2544 de
1875 2514 1920 2543 al-

95 2581 230 2610 tissimis
254 2581 417 2611 montibus
443 2579 476 2609 C.
528 2579 584 2618 10)
611 2578 688 2608 cedit
710 2588 736 2620 γ.
788 2579 844 2618 11)
871 2587 995 2607 summo
1019 2578 1105 2607 uidit
1129 2580 1238 2606 monte
1256 2577 1341 2607 desc.
1358 2586 1385 2617 γ.
1403 2577 1471 2605 rell.
1491 2584 1612 2604 summo
1630 2583 1690 2603 mo.
1710 2572 1818 2601 uidens
1836 2572 1919 2600 desc.

98 2637 153 2676 12)
178 2637 228 2666 illi
251 2638 342 2675 simp.
368 2636 416 2666 sui
439 2637 486 2665 ait
510 2645 535 2677 γ.
600 2636 655 2675 16)
681 2635 843 2664 uoluntate
865 2633 935 2663 vfh.
963 2644 1023 2664 om.
1049 2644 1078 2664 a.
1143 2633 1199 2672 19)
1226 2634 1257 2663 in
1285 2643 1344 2662 om.
1370 2642 1396 2674 γ.
1453 2631 1511 2669 20)
1538 2629 1672 2659 habebat
1693 2629 1783 2658 vafh.
1811 2636 1922 2656 aureas

98 2702 222 2724 secures
247 2703 274 2736 γ.
300 2693 368 2724 rell.
395 2702 520 2722 auream
546 2692 686 2723 securim.
747 2692 804 2731 21)
832 2691 951 2721 securis
974 2700 1002 2733 γ.
1030 2691 1132 2721 securi
1155 2689 1235 2725 th.
1262 2693 1366 2719 totum
1391 2691 1499 2717 autem
1524 2687 1624 2717 schol.
1656 2685 1733 2719 Quia
1752 2703 1791 2706 —
1808 2683 1922 2713 securis

98 2759 156 2780 om.
182 2750 275 2788 G,va.
337 2750 393 2788 23)
421 2749 551 2780 Lemma
574 2749 655 2779 salso
680 2748 945 2786 amplificandum
970 2752 1039 2777 erat
1064 2748 1137 2777 ideo
1163 2747 1247 2786 quod
1272 2754 1377 2774 amaro
1403 2744 1462 2783 (gl.
1491 2745 1524 2773 in
1548 2742 1581 2785 γ)
1609 2746 1733 2780 spectat
1769 2741 1809 2770 ad
1844 2740 1923 2769 salso

99 2811 192 2845 atque
216 2807 332 2846 copioso
357 2805 418 2845 (gl.
436 2807 469 2835 in
485 2807 544 2849 yF)
571 2806 610 2835 ad
635 2805 723 2835 multo
738 2804 856 2843 fluenti.
883 2805 942 2834 ‘uel
964 2805 1155 2842 multumque
1179 2802 1302 2832 fluenti’
1326 2811 1353 2843 γ,
1379 2801 1464 2839 quod
1482 2801 1646 2838 pauciores
1665 2799 1754 2828 codd.
1772 2801 1828 2827 aut
1845 2806 1923 2834 pure

101 2859 232 2902 (Bernn.
260 2863 312 2893 CF
337 2863 428 2892 Barc.
455 2862 594 2901 Genou.)
632 2866 688 2891 aut
713 2871 792 2891 corr.
828 2861 959 2897 habent.
985 2864 1021 2890 ut
1046 2850 1066 2895 {i
1091 2860 1138 2891 St.
1164 2860 1281 2889 Victor.
1308 2876 1349 2878 ⁷⁴—
1375 2857 1411 2886 Id
1439 2861 1488 2886 est
1512 2857 1551 2885 de
1576 2865 1637 2884 om.
1667 2865 1696 2896 γ.
1716 2872 1749 2875 -«
1769 2858 1801 2883 et
1825 2853 1922 2882 male-

101 2918 170 2948 dico
195 2937 236 2939 —
261 2920 386 2949 remisit
411 2929 470 2949 om.
497 2929 522 2960 γ.
588 2920 645 2958 25)
670 2918 793 2955 Vulgo:
820 2917 921 2955 Expr.
948 2918 1014 2946 arb.
1040 2899 1077 2946 sd
1095 2922 1143 2946 est
1160 2917 1240 2954 prol.
1262 2919 1343 2952 pect.
1363 2914 1563 2950 allegoricos.
1581 2910 1701 2950 reyerit.
1721 2910 1790 2939 Inu.
1809 2910 1923 2938 mittit.

100 2973 261 3005 Voluitj
277 2976 466 3013 exprimere.
516 2976 574 3014 27)
600 2975 661 3004 Per
685 2974 798 3003 transl.
823 2983 849 3014 γ.
876 2974 947 3003 rell.
974 2983 1033 3002 om.
1060 2974 1149 3002 uirus
1173 2982 1199 3013 γ.
1228 2972 1297 3000 rell.
1329 2970 1439 2999 uio-mn.
1464 2969 1550 2997 uirus
1573 2967 1705 2996 malitiae
1730 2966 1923 3003 intellegen-

102 3031 176 3060 dum
200 3035 249 3061 est
273 3035 308 3061 ut
331 3032 420 3061 uirus
446 3031 541 3061 futile
567 3031 696 3069 linguae
722 3030 780 3059 Sil.
806 3029 860 3067 XI⁷
888 3030 964 3065 559,
990 3030 1110 3058 mentis
1136 3028 1214 3057 ibid.
1239 3027 1295 3063 IX,
1321 3027 1396 3054 477.
1426 3024 1613 3054 acerbitatis
1639 3032 1715 3052 suae
1751 3021 1816 3052 Cic.
1852 3021 1923 3050 Am.

104 3086 155 3116 23.
180 3088 322 3126 proprie:
348 3088 435 3117 uirus
454 3087 580 3126 paludis
605 3086 728 3117 Colum.
754 3086 778 3123 Ι,
805 3087 834 3116 5.
864 3085 972 3116 odoris
997 3086 1081 3115 Plin.
1105 3083 1253 3120 XXVIII,
1280 3083 1310 3111 3.
1337 3082 1382 3111 sic
1407 3081 1498 3119 hirci,
1524 3080 1604 3117 uini,
1631 3079 1800 3117 serpentis,
1839 3087 1923 3107 scor-

103 3143 218 3181 pionis,
243 3144 375 3182 uiperae
399 3147 587 3174 uenenatae.

1940 931 1978 962 10

1938 1297 1979 1328 15

1940 1663 1982 1695 20

1942 2029 1983 2060 25
