2148 3412
195 961 230 991 10

195 1329 231 1360 15

256 157 308 196 20
890 164 994 196 ACR.
1021 164 1080 195 ET
1106 162 1272 195 rou-PH,
1299 162 1446 193 COMM.

367 292 477 332 intra
509 305 546 331 n.
573 289 664 344 sinis
694 289 857 330 w‘uenle'.
917 287 1014 329 Hoc
1045 292 1124 328 est:
1158 285 1323 341 legibus
1353 291 1527 326 naturae
1558 285 1770 327 seruienti.
1831 284 1990 327 Sensus
2020 291 2080 327 est

255 371 410 404 autem:
463 361 570 404 Cum
602 368 773 402 naturae
804 360 920 417 leges
951 375 1072 401 nemo
1104 358 1233 414 possit
1266 358 1468 399 excedere
1499 357 1742 399 diuitiarum
1775 358 2078 414 magnitudine,

254 437 355 491 quid
386 436 461 476 tibi
494 435 663 489 prodest
693 434 774 474 late
806 448 959 488 cupere
991 440 1029 474 et
1061 431 1303 488 possidere?

368 511 432 549 51.
466 511 530 549 52.
563 517 603 549 a!
622 522 748 549 suane
770 523 799 548 e.
821 523 870 548 m.
895 517 918 547 e.
942 522 979 547 α.
1039 504 1375 560 Respondentem
1397 504 1497 545 facit
1527 520 1702 545 auarum
1735 513 1806 545 aut
1836 505 1927 560 ipse
1959 514 2083 559 pocta

255 597 330 638 per
362 580 651 635 ἀνθυποφορὰν
683 580 762 621 hoc
792 580 905 621 dicit.

368 656 462 696 dum
493 670 543 695 ωε
566 669 608 709 p.
641 662 665 695 t.
697 654 865 695 haurire
896 668 930 694 r.
990 652 1120 693 Poeta
1151 646 1288 693 auaro
1310 651 1524 705 respondit
1556 651 1713 702 dicens,
1747 652 1853 692 nihil
1883 652 2084 693 interesse

256 743 306 769 ex
337 742 492 783 magno
524 742 577 767 an
608 742 658 767 ex
689 742 821 782 paruo
853 741 1004 768 aceruo
1049 725 1232 776 haurias,
1279 740 1373 767 cum
1411 725 1602 766 satiando
1646 726 1783 767 uentri
1821 732 1963 767 nostro
2001 740 2085 766 non

256 801 430 842 multum
463 815 511 841 ac
543 800 787 841 tantundem
819 814 985 854 semper
1015 814 1120 854 opus
1151 798 1215 840 sit.

369 876 434 916 54.
466 883 509 916 ut
542 883 565 915 t.
597 890 624 914 s,
656 891 685 915 s.
718 889 750 915 ο.
785 874 809 914 Ι.
841 888 880 914 η.
912 889 950 914 a.
981 887 1020 913 u.
1080 871 1258 927 Liquidi
1288 871 1489 921 absolute,
1531 872 1610 913 hoc
1641 879 1716 922 est,
1762 886 1909 927 aquae,
1956 879 1996 913 et
2025 878 2088 913 est

257 962 401 990 sensus
434 947 706 989 suauissimae
737 946 1069 1001 conparationis:
1115 945 1193 986 Ait
1228 945 1354 995 enim,
1400 945 1457 986 ita
1488 945 1657 987 stultum
1689 960 1791 995 esse,
1838 960 1889 986 ex
1920 945 2086 1001 magnis

256 1022 394 1076 potius
425 1021 549 1062 malle
581 1036 705 1075 quam
737 1034 787 1061 ex
818 1019 961 1075 paruis
993 1019 1152 1061 diuitiis
1183 1033 1360 1069 sumere,
1392 1019 1503 1060 unde
1533 1026 1722 1060 uentrem
1754 1019 1926 1074 inpleat,
1973 1033 2022 1060 ac
2053 1019 2087 1060 si

258 1110 351 1136 cum
374 1094 586 1135 desideres
607 1109 754 1135 urnam
776 1108 910 1148 aquae
940 1093 1008 1134 uel
1039 1093 1220 1148 amplius
1240 1092 1434 1134 minusue
1463 1093 1585 1134 malis
1618 1108 1709 1133 eam
1742 1107 1791 1133 ex
1823 1108 1978 1148 magno
2009 1092 2086 1134 flu-

257 1168 370 1208 mine
401 1168 569 1209 haurire
602 1182 727 1222 quam
758 1181 809 1207 ex
839 1166 1053 1208 fonticulo.

370 1241 435 1282 56.
467 1242 532 1282 57.
565 1256 607 1282 eo
633 1241 678 1295 fic
702 1256 745 1296 p.
777 1255 817 1281 u.
849 1242 979 1296 siquos
1010 1241 1045 1281 d.
1080 1255 1111 1281 c.
1143 1241 1167 1281 ί.
1244 1239 1329 1281 Per
1359 1239 1606 1295 allegoriam
1649 1239 1972 1295 diligentissime
2011 1239 2089 1281 hoc

258 1315 415 1357 dictum
446 1323 507 1355 est
537 1314 600 1370 (in
612 1310 646 1366 P)
678 1328 761 1363 eos,
794 1314 865 1368 qui
896 1329 1074 1369 magnas
1105 1313 1275 1354 diuitias
1306 1313 1518 1368 adpetant.
1581 1311 1690 1354 Cum
1732 1327 1890 1368 paruae
1921 1313 2004 1354 illis
2035 1313 2089 1354 ad

258 1389 388 1430 uitam
418 1387 615 1428 tuendam
646 1386 808 1442 possint
839 1387 1048 1428 sufficere:
1085 1387 1333 1442 plerumque
1364 1387 1501 1442 ipsam
1533 1386 1784 1441 adquirendi
1816 1386 2088 1441 cupiditatem

258 1461 342 1503 illis
373 1476 541 1502 causam
573 1460 690 1501 exitii
722 1475 823 1502 esse.
897 1461 1068 1516 Aufidus
1098 1466 1235 1501 autem
1268 1459 1403 1501 amnis
1434 1467 1495 1501 est
1531 1459 1574 1500 in
1606 1459 1767 1515 Apulia
1798 1459 2090 1515 rapidissimus

258 1535 437 1589 ideoque
467 1549 560 1576 acer
589 1549 700 1576 nunc
731 1534 880 1576 dictus.

373 1609 436 1649 59.
471 1609 533 1648 60.
568 1616 610 1649 at
638 1623 671 1664 q.
705 1609 858 1650 tantulo
889 1617 972 1663 eye!
1003 1633 1054 1636 —
1088 1622 1245 1663 aquam.
1304 1606 1556 1649 Perseuerat
1586 1607 1629 1648 in
1662 1607 1880 1663 allegoria.

375 1682 438 1721 61.
470 1690 515 1722 ut
544 1682 647 1723 bona
672 1696 713 1737 p.
746 1682 782 1722 h.
844 1683 962 1723 Bona
992 1696 1103 1723 nunc
1133 1697 1210 1737 pro
1243 1697 1389 1737 magma
1420 1681 1591 1731 dictum,
1631 1689 1677 1722 ut
1707 1695 1832 1736 saepe
1869 1683 2025 1723 Ennius
2057 1690 2092 1723 et

260 1755 334 1795 alii
362 1763 525 1796 ueteres.

375 1829 439 1868 «33.
473 1828 568 1883 quid
596 1829 626 1882 s.
657 1830 682 1869 τ’.
715 1830 737 1869 ι’.
770 1844 817 1870 m.
841 1845 870 1870 e.
894 1830 917 1869 l.
977 1827 1186 1884 Relinque
1217 1843 1326 1879 eum,
1357 1828 1507 1883 inquit,
1546 1828 1673 1870 miser
1705 1828 1757 1870 sit
1788 1828 1986 1883 quoniam
2017 1828 2090 1870 de-

261 1901 357 1942 duci
388 1901 440 1941 ab
470 1901 549 1942 hac
579 1901 776 1956 opinione
806 1918 890 1944 non
908 1910 1056 1958 potest,
1089 1918 1170 1958 quo
1202 1903 1340 1944 minus
1362 1909 1479 1957 putet
1500 1901 1603 1943 tanti
1626 1917 1716 1943 esse
1737 1917 2090 1958 unumquemque,

263 1982 438 2029 quantas
469 1974 638 2016 diuitias
669 1975 806 2016 habet.

375 2049 438 2089 66.
468 2049 641 2104 populus
670 2063 729 2090 me
760 2050 904 2099 sibilat,
937 2059 979 2091 at
1012 2051 1110 2091 milei
1128 2051 1299 2106 plaudo.
1357 2049 1490 2099 Belle,
1523 2050 1620 2104 quia
1651 2050 1781 2091 sibilat
1810 2049 2090 2105 praedixerat,

260 2121 386 2176 paulo
417 2128 509 2176 post
540 2122 679 2163 intulit
703 2123 868 2178 plaudo.
929 2122 1034 2164 Inde
1065 2130 1204 2164 autem
1234 2123 1313 2164 hoc
1343 2123 1531 2165 iunctum
1564 2132 1636 2173 cst,
1680 2123 1778 2178 quia
1808 2123 1940 2165 malos
1972 2124 2089 2179 prin-

377 2316 407 2354 1)
436 2316 505 2345 finis
530 2316 573 2345 Μ.
623 2317 657 2355 2)
684 2322 792 2348 autem
818 2323 866 2348 est
893 2320 921 2350 2.
971 2319 1005 2357 3)
1033 2322 1063 2348 et
1080 2328 1141 2349 om.
1159 2319 1229 2355 ΒΝ.
1279 2319 1314 2357 4)
1341 2323 1392 2348 aaz
1414 2316 1675 2357 MR⁴2(G‘?‹*2),va.
1725 2319 1759 2358 5)
1785 2329 1840 2357 per
1857 2315 2086 2363 ἀνθυποφορᾶν

260 2371 299 2399 Α.
327 2381 381 2408 pei·
406 2369 627 2415 ανθυτιφοραμ
645 2374 686 2402 M.
714 2378 796 2412 spat.
824 2384 890 2404 uae.
920 2376 951 2405 in
969 2374 1026 2405 RG
1045 2374 1144 2413 (man.
1170 2385 1232 2405 rec.
1259 2375 1433 2413 adscripsit
1459 2372 1713 2418 ἀνθυποφορὰν).
1740 2385 1795 2413 per
1812 2384 1956 2418 υποφραν
1974 2387 1993 2405 ν
2012 2376 2091 2415 (non
2146 2369 2148 2377 Α

260 2437 433 2470 υττοφοραν,
460 2433 492 2458 ut
520 2429 559 2459 cf.
578 2430 629 2469 Q).
657 2440 711 2468 pei·
737 2427 901 2474 ὕπόφοραν
927 2441 954 2461 a.
976 2429 1221 2475 καθ’ὺποφορὰν
1244 2431 1291 2461 fh.
1342 2432 1376 2470 6)
1402 2432 1563 2470 respondit
1574 2431 1710 2470 MRG,u.
1736 2432 1803 2462 rell.
1830 2432 2003 2470 respondet.
2055 2433 2089 2472 7)

261 2495 376 2523 magno
402 2486 522 2525 antiquo
547 2496 661 2516 aceruo
686 2497 715 2516 v,
766 2488 800 2525 8)
827 2487 1182 2526 sempe1·MRA2G(Q).
1209 2489 1277 2517 rell.
1306 2498 1366 2517 om.
1419 2489 1473 2526 10)
1502 2499 1591 2527 conp.
1612 2489 1654 2518 M.
1708 2489 1762 2527 11)
1789 2490 1895 2526 potius
1922 2489 1998 2518 uelle
2024 2490 2089 2520 afh.

260 2542 344 2571 uelle
370 2543 476 2579 potius
502 2543 562 2586 Βφ.
589 2544 656 2572 rell.
682 2545 775 2573 malle
802 2544 898 2584 (male
924 2544 969 2581 v).
990 2562 1024 2565 ν-
1042 2545 1154 2582 prauis
1180 2544 1223 2573 fh.
1250 2562 1291 2565 v<
1318 2544 1435 2582 inpleat
1459 2546 1500 2574 M.
1526 2545 1652 2583 impleat
1675 2546 1733 2575 RQ.
1761 2547 1830 2575 rell.
1857 2546 2000 2584 impleas.
2027 2556 2092 2576 cum

262 2598 472 2636 MRAflGffl>
499 2600 567 2628 rell.
594 2609 653 2628 om.
714 2599 769 2638 12)
795 2601 845 2629 uel
872 2601 1007 2638 amplius
1033 2602 1181 2631 minusue
1207 2602 1299 2630 malis
1325 2601 1547 2641 MRAQG(‹‘2).
1586 2602 1635 2631 uel
1660 2602 1796 2640 amplius
1821 2603 1970 2632 minuisse
1994 2604 2089 2633 malis

262 2664 291 2682 v.
318 2655 366 2683 uel
394 2654 531 2692 cyathum
554 2660 580 2684 ec
606 2656 698 2685 malis
723 2656 789 2685 assi.
857 2658 911 2695 14)
938 2658 1191 2695 diligentissime
1216 2658 1275 2687 hoc
1301 2658 1423 2688 dictum
1450 2663 1497 2688 est
1522 2656 1674 2696 M(G?Q).
1701 2659 1761 2688 hoc
1787 2660 1842 2688 dil.
1869 2660 1912 2688 di.
1949 2663 1998 2689 est
2030 2660 2089 2689 R2.

262 2710 330 2737 rell.
357 2711 413 2738 dil.
440 2711 470 2738 h.
498 2714 546 2739 est
573 2712 615 2740 di.
683 2713 737 2750 15)
766 2718 815 2743 est
841 2722 893 2743 eos
919 2714 1013 2745 MR2.
1040 2718 1088 2743 est
1115 2715 1236 2744 dictum
1263 2714 1405 2744 eoswfh.
1433 2719 1480 2744 est
1510 2715 1632 2745 dictum
1657 2715 1676 2744 i.
1705 2724 1756 2744 eos
1783 2725 1810 2744 a.
1875 2715 2090 2746 Scribendum

264 2769 311 2793 est,
338 2765 368 2793 ἰιι
393 2775 448 2795 cos.
475 2772 507 2796 ut
535 2768 597 2796 iam
624 2768 695 2797 Asc.
724 2774 809 2798 recte
835 2771 974 2799 sensisse
999 2771 1138 2801 uidetur.
1165 2771 1234 2814 Btp:
1265 2771 1395 2800 Dictum
1423 2776 1472 2801 est
1497 2780 1552 2809 per
1570 2772 1739 2801 honestam
1772 2772 1958 2809 allegoriam
1977 2772 2013 2802 de
2030 2772 2091 2802 illis

264 2823 316 2859 qui
344 2832 476 2860 magnas·
503 2823 635 2853 diuitias
660 2829 823 2863 appetunt.
851 2836 921 2856 cum
948 2837 1065 2865 paruae
1093 2845 1132 2848 -«
1160 2826 1318 2857 sufficere.
1367 2828 1457 2858 Dicit
1483 2829 1566 2857 enim
1592 2829 1667 2866 quia
1700 2829 1783 2857 sicut
1816 2829 1941 2858 aufidus
1974 2829 2090 2859 fluuius

263 2879 389 2915 apuliae
417 2880 636 2915 rapidissimus
663 2882 734 2910 illos
759 2883 798 2910 ad
823 2891 856 2911 se
882 2886 914 2911 ut
939 2884 1051 2921 perdat
1077 2884 1177 2913 trahit
1204 2885 1256 2922 qui
1290 2893 1364 2913 casu
1396 2893 1489 2923 super
1522 2885 1625 2922 ipsam
1657 2885 1759 2922 ripam
1792 2894 1881 2914 suam
1913 2889 2012 2915 stant.
2045 2887 2091 2916 ita

264 2934 332 2971 ipsa
359 2936 518 2971 cupiditas
545 2937 774 2975 adquisitionis
801 2949 873 2967 suos
899 2944 1097 2970 assecutores
1124 2941 1245 2978 decipit
1263 2942 1303 2970 ad
1321 2941 1381 2970 hoc
1399 2945 1433 2970 ut
1450 2942 1573 2979 perdat.
1625 2941 1680 2980 17)
1707 2940 1837 2971 Lemma
1861 2941 2093 2980 Avulsosserat

264 2990 386 3028 „iqfidus
412 3000 484 3019 (acer
510 2993 642 3030 interpo.
669 2993 715 3023 fh.
765 2995 822 3031 2⁶2)
850 2995 960 3033 inquid
985 2996 1028 3025 M.
1079 2997 1135 3035 24)
1161 2996 1248 3026 habet
1270 2996 1530 3036 Miz-2(G·?Q)‚va.
1557 2998 1669 3027 habeat
1692 2998 1738 3027 fh.
1796 2998 1853 3036 25)
1880 2998 1942 3028 Pro
1967 2999 2090 3036 optima

265 3047 336 3074 liwt.
357 3047 441 3084 uulg.
469 3058 551 3077 011111.
580 3050 650 3079 libr.
676 3051 758 3080 Belle
785 3051 882 3089 (conf.
909 3052 949 3080 ad
976 3052 1010 3082 C.
1038 3053 1061 3089 Ι,
1089 3054 1140 3089 37,
1168 3055 1197 3082 5.
1223 3053 1263 3090 ΙΙ,
1293 3055 1343 3091 ll⁷
1374 3056 1410 3084 19
1431 3058 1462 3083 et
1477 3055 1534 3090 213
1564 3054 1667 3090 18,38
1683 3054 1759 3092 etc.)
1787 3057 1812 3089 Q
1833 3057 1951 3084 temere
1972 3055 2087 3084 inculc.

265 3103 345 3131 Bene
370 3113 445 3131 corr.
473 3114 500 3140 p.
521 3105 647 3135 XXXV.
698 3108 755 3146 243)
782 3109 875 3145 paulo
902 3109 1024 3145 intulit,
1051 3119 1110 3138 0111.
1132 3113 1201 3147 post
1224 3114 1254 3139 et
1274 3110 1399 3148 plaudo,
1432 3111 1476 3140 M.
1504 3110 1633 3140 Lemma
1658 3120 1731 3148 pop.
1750 3119 1794 3140 me
1810 3110 1863 3139 sib.
1882 3111 2088 3149 amplificaui.

266 3158 399 3188 iunctum
425 3159 589 3200 MRGQ‘J).
616 3162 753 3193 vinctum
782 3164 809 3192 2.
835 3164 962 3194 (lactum
987 3174 1015 3195 a.
1043 3165 1161 3196 (lictum
1186 3165 1253 3195 vfh.
