2148 3412
163 134 242 173 *1413
798 144 903 176 Aen.
930 144 989 175 ET
1015 142 1180 177 rourn.
1206 143 1354 177 COMM.

271 268 458 321 sontibus.
520 266 722 323 Frigidis,
754 274 798 308 ut
829 273 1038 308 curentur.

273 344 309 381 9.
346 341 578 396 Gabiosque.
612 340 780 381 Fontes.
840 355 955 381 rura.
986 340 1037 380 Id
1068 348 1143 388 est,
1176 355 1318 395 aquas.

273 415 310 454 9.
347 414 543 455 Clusinos.
605 412 805 455 Clusinac
837 420 876 454 ct
908 411 1104 455 Gabinae
1143 429 1275 468 aquae
1322 421 1416 455 sunt
1459 414 1664 470 frigidam
1711 414 1911 457 Clusinae
1942 417 1983 457 in

159 487 342 535 Etruria,
376 485 571 529 Gabinae
602 487 645 527 in
677 486 861 529 Sabinis.

273 562 337 601 11.
371 561 722 616 I'raeterayendus
745 576 879 617 equus.
940 560 1114 601 Praeter
1135 559 1264 602 Baias
1294 575 1425 615 equus
1457 561 1646 616 agendus
1676 569 1748 603 est.

271 649 349 675 non
382 634 479 675 milei
510 634 668 676 Cumas.
728 632 801 675 Ad
831 648 984 689 equum
1016 649 1136 676 suum
1167 648 1294 688 eques
1324 634 1521 689 loquitur.

271 708 334 747 12.
369 708 484 749 laeua
501 708 773 750 stomachosus
790 708 956 749 habena.
999 706 1113 760 Quia
1134 707 1177 748 in
1198 708 1362 749 laeuam
1384 708 1700 763 detorqueatur3
1733 724 1831 750 nam
1851 708 1984 751 Baiae

157 779 393 835 (Capuam)
425 781 620 823 cuntibus
651 781 694 822 in
726 781 872 822 dextra
894 788 1000 822 sunt.
1060 780 1132 822 An
1154 781 1291 837 magis
1312 781 1406 823 ideo
1429 783 1548 823 laeua
1570 781 1689 833 dixit,
1721 782 1820 838 quia
1851 797 1984 838 equus

92 569 110 599 ιἿ

155 854 240 909 iffi)
273 869 399 895 manu
430 855 618 910 regitur?

92 936 130 967 10
271 928 334 968 13.
368 929 481 969 Dicet
512 943 638 983 eques.
700 925 874 969 Scilicet
903 941 1010 982 equo
1042 943 1127 970 suo.

266 1001 334 1042 sed
364 1003 453 1056 equi
478 1002 649 1055 frenato.
707 1000 782 1042 Al.
815 1004 935 1057 equis.

270 1075 332 1114 14.
365 1085 500 1116 unum
524 1075 734 1131 populum.
797 1073 937 1127 Quem
968 1090 989 1116 e
1020 1075 1184 1117 duobus
1214 1076 1395 1131 populis,
1427 1075 1495 1117 uel
1526 1089 1652 1130 quem
1683 1075 1963 1131 populorum?

268 1150 378 1204 copia
401 1157 559 1204 pascal.
619 1147 748 1190 Hunc
778 1163 948 1190 uersum
980 1148 1169 1201 Quidam
1200 1150 1423 1205 principiis
1453 1150 1714 1206 iungendum
1744 1157 1905 1206 putant.

269 1224 332 1264 15.
369 1222 574 1265 Conlectos
604 1237 654 1264 ue
685 1223 819 1264 bibant
847 1224 937 1264 imb.
965 1238 1035 1279 pu.
1097 1221 1316 1265 Cisternas
1346 1223 1415 1265 uel
1445 1223 1630 1265 lacunas.
1689 1224 1843 1266 imbres.
1886 1222 1981 1266 Soi-

88 1304 126 1336 15
152 1295 250 1338 licet
278 1296 361 1351 ipsi
391 1296 549 1351 populi.
610 1296 765 1338 Utrum
794 1295 919 1346 Vala,
951 1311 1005 1337 an
1037 1293 1287 1337 Salernum?

267 1371 331 1411 16.
366 1371 475 1426 que's
506 1385 566 1427 aq.
599 1369 658 1410 Al
693 1371 834 1412 dulc‘e's.
896 1367 1076 1424 Semper
1105 1370 1326 1411 manantis.

267 1443 365 1485 m'lu'l
394 1458 542 1486 moror.
602 1443 664 1485 Ut
693 1443 900 1499 placeant,
947 1443 1046 1497 quia
1076 1458 1159 1484 non
1191 1443 1372 1498 placent.
1431 1444 1543 1486 Nihil
1586 1459 1736 1495 moror,
1782 1444 1861 1486 hoc
1906 1451 1980 1494 est,

153 1517 358 1568 dubitare,
390 1518 490 1572 quia
520 1517 631 1559 bona
661 1517 756 1559 sint.

266 1594 330 1632 17.
363 1593 474 1633 Rure
505 1606 601 1633 meo.
660 1589 749 1632 Aut
777 1592 820 1632 iu
851 1605 961 1641 rure,
994 1597 1064 1631 aut
1095 1592 1191 1632 ruri
1218 1590 1531 1632 aduerbialiter.

84 1674 126 1704 20
268 1666 330 1707 18.
364 1666 428 1707 Ad
458 1680 578 1706 mare.
638 1664 779 1719 Prope
810 1679 937 1705 mare.
997 1678 1242 1720 qenerosum.
1273 1664 1448 1705 Vinum.

265 1740 330 1780 19.
363 1754 496 1781 curas.
529 1736 859 1780 Sollicitudines.
921 1738 1064 1794 abiqat.
1094 1736 1275 1780 Auferat
1305 1738 1332 1779 i.
1363 1753 1397 1779 e.
1430 1738 1542 1793 quod
1573 1753 1690 1794 spem
1721 1740 1870 1782 fortem
1900 1738 1979 1780 mi-

150 1812 310 1854 nistrat.
372 1813 504 1854 diuite.
537 1810 656 1853 Sicut
686 1811 912 1853 ebrietatis.
973 1820 1117 1854 tuamet.
1149 1811 1368 1854 Transeat.

263 1887 327 1927 20.
361 1886 483 1927 uerba
514 1887 748 1927 inflamment.
823 1885 883 1927 Ut
924 1900 1051 1940 supra
1087 1884 1157 1940 (E.
1188 1884 1222 1935 I,
1256 1886 1293 1935 5,
1329 1886 1420 1940 1.9):
1465 1887 1635 1940 fecundi
1678 1887 1821 1929 calices
1866 1901 1979 1943 quem

149 1974 229 2001 uon
255 1960 385 2013 fecere
416 1960 635 2001 disertum?

84 2042 124 2071 252
264 2034 329 2074 21.
364 2034 591 2074 coumeua'et
622 2035 784 2075 amicae.
846 2031 1107 2075 Calidiorem
1136 2033 1264 2075 faeiat
1294 2033 1348 2073 ad
1378 2032 1609 2087 amplexus.

262 2108 327 2147 23.
361 2121 536 2162 aequora
568 2108 705 2148 celent.
767 2106 816 2147 In
846 2106 912 2147 his
943 2106 1055 2148 enim
1085 2106 1189 2148 locis
1218 2092 1527 2148 habitauerunt.

262 2182 327 2222 24.
362 2182 530 2236 Pinquis
563 2206 614 2210 --
648 2181 889 2236 Phaeaxque
922 2183 1083 2222 reuerti.
1144 2180 1360 2221 Phaeaces
1393 2179 1559 2237 [enim]‚
1592 2195 1770 2235 quorum
1801 2194 1874 2222 rex
1895 2179 1975 2221 Al-

149 2254 295 2296 cinous
325 2254 414 2305 fuit,
446 2254 659 2296 luxuriose
688 2253 901 2296 uiuebant.
935 2253 998 2310 [ut
1028 2253 1103 2310 ait]
1135 2253 1201 2294 Ita
1233 2256 1431 2295 Homerus
1464 2252 1568 2308 (Od.
1600 2253 1724 2304 VIII,
1757 2255 1871 2308 248).

261 2329 326 2370 25.
360 2328 547 2370 Scribere
579 2337 613 2369 le
643 2329 765 2370 uobis.
826 2327 912 2369 Hic
942 2342 1088 2369 uersus
1118 2327 1331 2383 principia
1362 2327 1565 2382 epistulae
1596 2327 1820 2369 concludit.

264 2472 295 2510 1)
322 2472 409 2511 Frig.
435 2476 471 2501 ut
496 2482 544 2502 cu.
569 2482 595 2514 γ.
623 2472 690 2501 rell.
717 2482 776 2501 om.
841 2474 875 2509 2)
903 2471 1020 2502 Fontes
1049 2489 1087 2492 ff
1112 2471 1148 2501 Id
1174 2475 1224 2501 est
1250 2482 1349 2510 aquas
1374 2482 1400 2514 γ.
1419 2473 1487 2502 rell.
1515 2483 1575 2501 om.
1640 2472 1674 2510 5)
1702 2472 1833 2502 Praeter
1861 2489 1897 2492 e-
1925 2481 1974 2501 se-

147 2530 254 2567 quitur
277 2539 303 2570 γ.
331 2529 399 2559 rell.
427 2539 488 2559 om.
538 2530 571 2566 7)
601 2528 684 2563 Quia
762 2529 887 2567 regitur
911 2539 938 2569 γ.
954 2529 1023 2558 rell.
1039 2538 1098 2558 om.
1126 2529 1209 2558 conf.
1237 2528 1279 2558 C:
1305 2528 1402 2558 laeua.
1431 2529 1513 2564 Quia
1540 2529 1639 2558 Baiae
1667 2527 1797 2566 Capuam
1823 2529 1973 2558 euntibus

147 2596 164 2614 a
183 2586 300 2615 (lextra
326 2589 410 2616 sunt.
462 2586 517 2624 10)
545 2594 568 2615 s.
596 2595 675 2623 equo
702 2595 757 2615 suo
782 2595 808 2626 γ.
835 2586 904 2615 rell.
932 2596 989 2615 om.
1041 2586 1096 2624 11)
1123 2587 1163 2615 al.
1193 2586 1282 2623 equis
1308 2595 1333 2627 γ.
1353 2586 1422 2614 rell.
1441 2595 1501 2615 om.
1565 2586 1619 2623 12)
1648 2584 1750 2620 Quem
1776 2603 1816 2606 μ
1841 2586 1973 2623 populo-

146 2653 213 2672 rum
238 2652 265 2683 γ.
292 2643 361 2672 rell.
390 2652 450 2671 om.
519 2642 573 2680 13)
600 2643 683 2671 1111110
711 2660 748 2662 m
776 2646 889 2679 putant
915 2652 942 2684 γ.
971 2643 1038 2672 rell.
1065 2652 1123 2672 om.
1165 2642 1296 2672 Scholia
1320 2643 1358 2672 ad
1383 2652 1414 2672 u.
1443 2642 1571 2672 15...20
1598 2646 1673 2671 sunt
1699 2651 1740 2671 ex
1765 2651 1791 2684 γ.
1818 2642 1885 2671 rell.
1912 2651 1972 2671 oni.

146 2699 203 2736 25)
231 2698 338 2728 Calid.
379 2699 419 2728 t'a.
457 2700 493 2727 ad
529 2699 624 2737 ampl.
650 2708 675 2740 γ.
702 2699 770 2728 rell.
798 2708 857 2727 om.
922 2700 981 2737 26)
1007 2699 1043 2728 In
1089 2717 1110 2719 «-
1137 2700 1366 2729 habitauerunt
1390 2708 1416 2741 γ.
1443 2699 1510 2729 rell.
1537 2709 1596 2729 om.
1663 2699 1721 2738 27)
1748 2699 1832 2728 enim
1857 2707 1917 2728 oin.
1944 2708 1971 2739 γ.

146 2756 203 2793 28)
230 2755 280 2785 Ita
304 2765 330 2796 γ.
357 2756 425 2785 rell.
454 2759 485 2785 ul
509 2755 559 2784 ait.
587 2754 628 2785 C:
658 2760 693 2785 ut
717 2755 828 2784 scribit.
878 2756 935 2793 29)
962 2756 1148 2793 principium
1185 2758 1224 2790 Q.
1264 2765 1345 2785 omn.
1384 2756 1458 2786 libri
1496 2755 1665 2794 principia.
1703 2756 1799 2785 schol.
1838 2765 1898 2784 om.
1936 2754 1969 2784 O.

178 2830 185 2831 ff
202 2814 356 2842 conclusit
371 2822 471 2854 ·(‚vca.
500 2812 660 2842 concludit
685 2812 758 2848 th.
786 2812 853 2841 Hoc
879 2812 977 2841 schol.
1003 2812 1061 2840 Hic
1080 2829 1117 2831 *-
1136 2811 1280 2841 conclusit
1302 2815 1411 2842 tantae
1436 2812 1499 2841 fuit
1526 2812 1741 2849 efficacitatis,
1767 2815 1801 2840 ut
1826 2812 1859 2840 in
1885 2811 1970 2840 haud

147 2869 253 2905 paucis
280 2869 369 2897 codd.
397 2874 452 2898 aut
479 2869 579 2898 maior
604 2870 653 2899 lit.
682 2869 821 2898 initialis
848 2870 1018 2905 poneretur
1043 2872 1097 2897 aut
1124 2869 1221 2898 etiam
1246 2878 1329 2898 noua
1366 2869 1506 2906 epistula
1541 2869 1724 2907 signaretur
1759 2868 1969 2906 inscriptione

146 2925 205 2953 Al)
232 2925 417 2954 MENIVM.
446 2925 537 2960 Quod
562 2926 683 2955 factum
714 2930 770 2961 est,
797 2930 832 2954 ut
857 2934 920 2954 nou
947 2925 1049 2954 solum
1075 2926 1109 2954 in
1133 2926 1223 2954 codd.
1238 2925 1290 2968 Βφ
1315 2926 1416 2955 Notre
1440 2925 1553 2957 Darne.
1579 2925 1695 2955 Bernn.
1723 2923 1852 2954 ABCE.
1879 2925 1969 2954 Barc.

146 2980 203 3009 ΑΙ)
230 2981 437 3011 MoENlVM
464 2982 666 3012 SCVRP-AM
695 2982 786 3020 (hinc
812 2983 843 3010 in
870 2981 964 3011 Rern.
991 2981 1016 3010 B
1049 2982 1142 3011 rubra
1180 2983 1228 3012 lit.
1256 2982 1276 3012 S
1304 2992 1358 3020 pro
1384 2982 1560 3021 filocalus),
1598 2982 1654 3011 sed
1691 2982 1789 3011 etiam
1826 2983 1859 3011 in
1895 2981 1968 3011 edd.

2023 2928 2027 3011 1

146 3037 282 3066 licronis
308 3040 509 3075 transirem,
536 3040 567 3067 in
594 3048 654 3077 qua
681 3039 826 3077 singulae
852 3048 922 3076 epp.
948 3039 1215 3076 inscriptionibus
1234 3043 1354 3074 carent,
1381 3048 1415 3068 a:
1442 3039 1677 3077 Argumentum
1696 3039 1863 3077 Epistolae
1880 3037 1966 3071 XVI,
2022 3054 2025 3079 5

146 3104 178 3122 c:
198 3094 243 3122 IN
261 3094 512 3124 EI’IS’soLAM
529 3096 613 3124 XVI.
639 3095 716 3125 Cod.
743 3106 760 3137 γ
786 3099 940 3126 consueto
965 3096 1077 3125 ordine
1103 3097 1218 3134 pergit,
1246 3096 1322 3125 item
1340 3095 1414 3130 th.
1441 3095 1479 3124 In
1495 3095 1658 3124 nonnullis
1676 3095 1780 3133 codd.‚
1806 3098 1843 3125 ut
1856 3095 1966 3124 Ambr.

149 3149 215 3178 l'ur.
243 3150 278 3185 E⁷
306 3152 322 3179 ‘2
350 3160 390 3180 m.
419 3152 662 3191 inscriptionem
688 3153 777 3183 illam
802 3152 988 3190 adscripsit.
1037 3151 1071 3191 *)
1097 3161 1132 3182 ca
1157 3162 1252 3182 manu
1279 3162 1336 3183 em.
1363 3151 1399 3182 G.
1425 3151 1598 3181 Hermann.

2022 3103 2024 3129 1
