2148 3412
815 105 863 137 IN
889 106 996 138 ART.
1022 105 1155 139 ΡΟΕΤ.
1821 95 1901 136 617

183 227 276 268 236.
309 227 390 269 Neo
421 228 479 268 sic
510 229 639 269 enitar
660 232 812 283 trctyae'co
836 231 998 285 differre
1021 230 1156 271 colori.
1220 229 1335 286 [Non
1365 236 1527 271 tantum
1557 230 1772 285 temptabo
1802 245 1902 286 pro-

68 299 234 354 longari
266 315 289 340 a
320 300 482 354 tragico
513 307 659 351 metro,
698 310 743 342 ut.
773 303 815 343 in
847 303 951 344 meis
983 303 1150 358 scriptis
1181 319 1265 345 non
1297 304 1475 346 discrete
1506 304 1773 360 interponam
1804 319 1902 360 per-

69 386 191 414 sonas
221 372 450 427 loquentes.
515 373 753 416 Saturicam
786 376 972 417 fabulam
1005 377 1065 418 sic
1095 377 1153 418 ait
1184 378 1309 419 scribi
1356 384 1563 433 oportere,
1609 385 1654 419 ut
1699 378 1751 420 sit
1796 378 1904 419 inter

69 446 335 487 seueritatem
367 447 612 502 tragoediae
643 455 683 489 et
713 448 927 490 lenitatem
960 450 1203 491 comoediae
1234 451 1374 492 medio
1419 459 1751 506 temperamento
1794 453 1903 507 figu-

67 519 190 576 rata.]
251 519 301 560 Id
333 528 411 562 est:
446 536 530 562 non
562 522 622 563 sio
652 522 748 564 uolo
779 537 868 564 esse
900 524 1180 564 differentiam
1212 524 1321 565 inter
1352 525 1580 566 saturiucm
1612 532 1652 565 et
1681 525 1902 581 tragicum,

66 606 112 634 ut
141 593 184 634 in
216 594 403 636 moribus
434 595 550 636 nulla
582 596 635 636 sit
665 596 917 647 differentia,
949 604 991 637 ut
1023 597 1171 638 eodem
1202 597 1326 639 modo
1349 605 1486 639 seruet
1507 605 1663 640 aetates
1684 599 1904 649 saturicus,

68 667 421 722 quemadmodum
453 669 661 724 tragicus3
696 670 738 710 id
770 677 853 711 est:
892 685 969 711 nec
1001 671 1061 712 sic
1091 671 1187 712 uolo
1219 671 1462 726 discrepare
1485 679 1668 713 saturam
1691 688 1715 714 a
1736 680 1904 728 tragoe-

26 734 36 745 *
67 741 150 791 dia,
182 749 227 782 ut
256 755 436 796 persona
467 757 551 784 non
582 742 735 784 habeat
756 744 885 785 decus
908 759 1040 785 suum.
1101 747 1242 786 enitar.
1284 744 1333 785 Id
1365 751 1439 795 est,
1471 745 1671 787 laborem.
1732 747 1905 803 differre.

67 813 339 870 Discrepare.
400 817 538 857 colori.
571 814 691 858 Stilo.

181 889 274 930 237.
309 890 402 931 238.
435 891 642 933 Dsmusne.
719 891 890 932 Induxit
921 892 990 933 hic
1022 892 1227 934 comicam
1258 907 1497 947 personam,
1545 907 1639 934 cum
1670 893 1722 933 de
1753 894 1905 935 saturis

67 961 319 1017 loqueretur.
381 965 525 1006 audaae
559 966 734 1020 Pythias.
782 964 904 1018 Quae
936 981 1037 1007 ausa
1069 972 1129 1007 est
1161 965 1331 1006 eludere
1368 965 1585 1007 dominum
1631 981 1774 1016 suum,
1820 982 1904 1009 non

67 1036 170 1077 dicit
198 1037 250 1077 de
280 1036 435 1092 Pythia
466 1037 736 1089 Terentiana,
769 1040 843 1080 sed
867 1039 1013 1096 [quae]
1039 1039 1152 1094 apud
1180 1040 1394 1082 Caecilium
1417 1038 1492 1096 (O.
1509 1039 1718 1081 Ribbeck.
1740 1039 1903 1082 Comic.

67 1109 182 1151 Latt.
214 1111 303 1152 rell.
335 1126 374 1166 p.
408 1112 481 1167 69)
514 1113 947 1169 comoediographum
970 1113 1183 1155 inducitur
1211 1114 1365 1155 ancilla
1387 1128 1463 1168 per
1498 1114 1673 1155 astutias
1711 1114 1905 1169 accipere

67 1192 288 1239 argentum
321 1200 345 1226 a
376 1185 565 1235 (10111111ος
598 1201 694 1227 nam
727 1187 873 1228 fefellit
905 1187 1122 1228 dominum
1153 1203 1272 1228 suum
1305 1194 1343 1228 et
1365 1188 1530 1242 accepit
1550 1188 1603 1229 ab
1625 1203 1674 1229 eo
1698 1188 1903 1245 [argenti]

67 1257 290 1307 talentum3
322 1258 399 1299 fuit
431 1259 543 1300 enim
575 1259 679 1300 haec
710 1260 857 1301 eadem
889 1261 1156 1301 meretricula
1186 1275 1332 1314 rapax,
1365 1268 1409 1301 ut
1425 1261 1569 1311 Thais,
1603 1275 1711 1315 quae
1742 1261 1904 1302 lucrum

67 1331 176 1373 fecit.
237 1341 431 1374 emmzcto.
464 1331 635 1383 Deriso,
669 1333 783 1375 eluso
818 1333 1027 1390 [decepto‚
1050 1333 1127 1389 ut].
1189 1335 1371 1388 (Terent.
1394 1334 1566 1375 Phorm.
1589 1334 1666 1384 IV,
1689 1336 1728 1384 4,
1755 1335 1905 1389 1(682)

67 1403 174 1460 Fl.):
209 1408 376 1447 emunxe'
404 1416 568 1461 ccryento
599 1422 722 1449 senes.

181 1480 275 1521 239.
309 1484 372 1522 Αη
404 1489 545 1522 custos.
606 1480 805 1522 Dicendo
839 1489 970 1523 custos
1005 1480 1246 1536 grauiorem
1270 1496 1495 1535 personam
1517 1481 1710 1523 ostendit.
1768 1483 1906 1537 famu-

68 1554 221 1610 lusque.
253 1554 464 1605 Minister,
498 1569 650 1597 comes.
713 1556 777 1597 (lei
798 1555 958 1597 Silenus
981 1556 1146 1596 alumni.
1184 1554 1347 1605 Liberi,
1381 1554 1579 1609 quoniam
1601 1555 1691 1610 ipse
1713 1570 1807 1597 eum
1829 1571 1906 1597 nu-

68 1627 196 1669 triuit.

182 1703 276 1743 240.
309 1703 375 1743 Ex
407 1711 498 1744 noto
526 1703 676 1758 siclum.
736 1702 787 1742 Id
819 1709 900 1743 est:
937 1702 1158 1751 conmuni3
1192 1717 1287 1742 nam
1321 1701 1455 1751 docet,
1503 1703 1782 1744 oonmunibus
1813 1718 1908 1745 uer-

72 1775 134 1817 bis
165 1782 204 1816 et
235 1776 426 1817 sensibus
457 1776 516 1817 uti
548 1775 702 1817 debere
735 1776 1181 1832 comoediographum.
1240 1776 1375 1831 fictum
1399 1790 1561 1818 carmen
1585 1776 1784 1834 [sequar]
1822 1776 1908 1818 Ar-

70 1856 269 1905 gumenta
301 1850 484 1892 saturica
516 1864 566 1891 ex
603 1850 836 1905 tragoediis
868 1849 979 1892 notis
1011 1850 1263 1905 confingam.
1339 1864 1501 1906 sequar.
1534 1849 1585 1891 Id
1631 1858 1705 1901 est,
1750 1851 1908 1907 fingam

165 2041 197 2080 1)
225 2041 298 2071 Non
316 2059 353 2062 -
372 2042 510 2080 figurata
529 2051 589 2071 om.
608 2050 634 2082 'l'-
674 2041 709 2079 2)
729 2042 848 2070 diserte
867 2050 914 2070 oa.
955 2040 989 2079 5)
1010 2040 1172 2070 satiricum
1189 2050 1214 2081 γ.
1235 2041 1304 2070 rell.
1323 2041 1507 2079 satyricum.
1527 2040 1594 2070 diff.
1613 2050 1684 2071 esse
1701 2042 1740 2070 N.
1791 2042 1826 2081 6)
1845 2051 1909 2071 ser-

71 2102 120 2128 uet
143 2102 206 2129 aet.
234 2099 384 2128 satiricus
412 2099 496 2137 (rell.
523 2097 624 2137 saty.)
656 2108 738 2128 omn.
767 2098 851 2127 libri.
880 2106 984 2126 serues
1009 2102 1072 2127 aet.
1099 2098 1258 2136 satyricae
1284 2102 1402 2127 temere
1429 2098 1543 2126 inculc.
1570 2098 1607 2133 Q.
1657 2098 1692 2136 8)
1720 2099 1741 2127 i.
1768 2099 1911 2128 laborem

70 2165 96 2198 γ.
122 2156 192 2185 rell·
219 2165 279 2185 om.
330 2155 364 2194 9)
392 2155 588 2193 Discrepare
613 2165 639 2197 γ.
667 2155 735 2184 rell.
764 2165 824 2184 om.
860 2154 987 2193 (glossa
1013 2164 1053 2182 ex
1081 2155 1201 2184 scholio
1229 2155 1360 2193 petita).
1389 2153 1471 2184 Stilo
1496 2164 1523 2195 γ.
1551 2154 1636 2183 conf.
1664 2154 1700 2183 E.
1727 2154 1749 2190 Ι,
1782 2157 1830 2191 17,
1858 2156 1910 2184 23.

70 2213 141 2242 rell.
170 2222 231 2243 om.
257 2212 338 2242 conf.
366 2211 410 2241 C:
439 2212 587 2242 ‘conabor
614 2211 741 2241 differre
768 2216 798 2240 et
825 2212 946 2241 distare
965 2221 981 2239 a
1001 2212 1126 2249 tragica
1152 2212 1310 2249 qualitate
1337 2216 1367 2241 et
1394 2212 1488 2250 stylo,
1516 2215 1551 2240 ut
1578 2212 1610 2240 111
1638 2221 1713 2241 mor.
1741 2215 1801 2241 etc.
1856 2212 1910 2250 10)

71 2270 185 2310 satyris
210 2270 299 2300 libri.
366 2270 421 2308 ll)
448 2279 526 2298 ausa
553 2274 601 2298 est.
625 2279 651 2311 γ.
678 2278 753 2298 ausa
781 2279 840 2298 om.
868 2279 891 2298 r.
918 2269 988 2298 rell.
1027 2273 1076 2298 est
1100 2279 1150 2298 au.
1176 2268 1310 2297 illudere
1337 2278 1360 2297 r.
1387 2267 1512 2297 eludere
1537 2268 1695 2297 dominum
1719 2277 1802 2296 suum
1828 2268 1910 2296 libri.

73 2327 179 2357 ludere
204 2327 238 2356 de
265 2326 396 2356 domino
421 2335 474 2355 suo
501 2325 650 2355 Gerlach.
679 2325 731 2364 (C.
760 2326 876 2355 Lucilii
903 2330 978 2355 satt.
1006 2326 1075 2354 rell.
1103 2325 1214 2355 Turici
1244 2325 1344 2364 1846)
1372 2335 1399 2362 p.
1431 2325 1503 2353 120.
1531 2325 1582 2353 66.
1646 2325 1701 2362 12)
1727 2334 1808 2362 quae
1834 2324 1910 2359 th.

74 2385 143 2415 rell.
169 2394 229 2414 om.
256 2384 312 2413 sed
338 2393 388 2421 ap.
416 2383 569 2412 lucillium
595 2383 654 2421 (z
673 2384 701 2412 N
718 2382 823 2422 Med.)
847 2382 1012 2421 satyricum
1038 2382 1199 2411 inducitur
1223 2391 1246 2411 r.
1275 2381 1330 2411 sed
1357 2390 1406 2418 ap.
1434 2381 1577 2410 lucilium
1603 2381 1816 2418 comoediogr.
1844 2381 1911 2410 11111.

73 2451 99 2484 γ.
126 2443 195 2471 rell.
223 2442 279 2471 sed
304 2451 353 2479 ap.
381 2440 482 2470 Lucil.
511 2441 577 2470 ind.
603 2440 955 2478 Tragoediographum.
985 2439 1065 2468 conf.
1092 2438 1135 2468 C:
1175 2438 1320 2477 ‘Pythias
1359 2447 1495 2475 persona
1533 2438 1654 2467 comica
1684 2437 1713 2465 111
1740 2435 1913 2466 Comoedia

74 2498 196 2536 Lucilii,
229 2507 309 2537 quae
336 2498 503 2526 inducitur
528 2506 582 2535 per
607 2498 747 2526 astutias
775 2497 946 2534 (astutiam
973 2496 1046 2533 N‚r)
1073 2504 1137 2524 acc.
1165 2495 1243 2532 a1·g.'
1272 2499 1329 2523 etc.
1379 2493 1443 2522 Sed
1469 2503 1538 2522 cum
1564 2503 1627 2523 11011
1652 2495 1693 2523 sit
1719 2494 1811 2523 nobis
1838 2503 1913 2523 con-

74 2560 211 2595 pertum,
239 2555 275 2585 C.
303 2555 460 2584 Lucilium
487 2559 541 2584 aut
568 2555 665 2584 alium
691 2555 788 2583 huius
814 2554 955 2583 nominis
994 2554 1182 2591 scriptorem
1220 2551 1401 2580 comoedias
1440 2551 1664 2588 tragoediasue
1701 2551 1914 2588 conposuisse,

73 2623 137 2643 non
173 2621 340 2650 possumus
377 2612 454 2650 quin
491 2615 604 2641 contra
641 2612 794 2640 librorum
835 2612 928 2640 fidem
967 2613 1063 2648 atque
1089 2609 1257 2639 Gerlachii
1283 2609 1442 2637 iudicium
1468 2607 1489 2637 l.
1516 2608 1536 2636 l.
1564 2608 1720 2644 prolatum
1747 2607 1829 2645 Cubi
1856 2608 1913 2637 alii

79 2669 202 2699 Caecilii
225 2669 425 2708 emendant')
452 2669 685 2706 amplectamur
703 2668 916 2697 coniecturam
933 2666 1059 2703 Orellii,
1089 2667 1142 2705 qui
1169 2676 1225 2704 pro
1244 2664 1356 2694 Lucilii
1379 2664 1495 2693 maluit
1524 2662 1654 2701 Caecilii,
1682 2664 1815 2693 eandem
1842 2673 1915 2693 con-

76 2727 236 2756 fusionem
261 2727 399 2764 probans
425 2734 466 2754 ex
493 2724 659 2762 Spengelii
686 2723 831 2754 Caecilio
856 2724 960 2754 Statio
977 2734 1006 2762 p.
1027 2725 1078 2753 60.
1110 2724 1158 2753 De
1176 2725 1235 2753 hat·
1255 2732 1288 2752 re
1314 2725 1417 2751 tacent
1433 2722 1494 2763 Βφ,
1522 2722 1574 2759 qui
1602 2722 1738 2751 liabent:
1765 2720 1913 2759 ‘Pythias‚

77 2783 196 2813 ancilla
223 2783 343 2812 comica
367 2782 483 2811 callide
509 2781 660 2810 fraudato
687 2782 817 2810 1101111110
844 2782 909 2810 suo'
937 2786 967 2811 et
994 2782 1025 2810 in
1052 2782 1197 2818 longiore
1224 2780 1362 2808 scholio:
1392 2797 1408 2798 W
1458 2780 1511 2807 ‘an
1538 2778 1657 2806 ancilla
1683 2777 1808 2806 Pithias
1834 2786 1915 2815 quae

78 2840 184 2877 coegit
209 2839 373 2868 dominum
399 2848 484 2867 suum
511 2838 668 2867 simonem
696 2838 781 2866 filiae
808 2847 883 2866 suae
909 2838 986 2867 dare
1011 2838 1116 2866 dotem
1143 2837 1301 2866 talentum
1327 2835 1407 2863 (ιιινί.
1448 2844 1516 2863 cum
1543 2834 1597 2862 ille
1624 2833 1669 2862 nil
1695 2833 1792 2863 uellet
1818 2833 1914 2863 dare!

83 2896 136 2934 14)
165 2905 287 2925 sumere
313 2904 379 2933 arg.
406 2905 431 2924 r.
448 2913 487 2915 a..
505 2904 596 2923 suum
621 2894 707 2935 ⁴(N,r.
735 2894 803 2922 rell.
830 2904 891 2923 om.
918 2898 1075 2933 amentum
1098 2893 1146 2922 uel
1170 2893 1329 2922 talentum
1356 2900 1440 2920 rvca.
1496 2891 1549 2928 16)
1577 2890 1651 2919 fecit
1675 2899 1701 2932 γ.
1729 2889 1797 2919 rell.
1823 2889 1914 2919 facit.

78 2970 116 2973 ---
146 2953 274 2982 Deriso.
302 2953 400 2981 eluso.
429 2951 505 2990 (om.
533 2952 666 2988 decepto
692 2950 743 2988 ut)
769 2955 865 2979 autem
891 2951 972 2979 unxi
998 2960 1067 2989 arg.
1096 2958 1184 2979 senes
1208 2958 1234 2990 γ.
1262 2951 1405 2977 emuncta
1433 2947 1540 2975 deluso
1567 2945 1672 2983 (eluso
1698 2947 1728 2984 r)
1754 2949 1788 2974 ut
1814 2955 1917 2975 senem

80 3012 213 3047 argento
248 3009 334 3038 Med.
374 3007 490 3045 G,rvca
519 3011 550 3036 et
575 3007 606 3036 N
643 3006 779 3045 (emunit)
807 3024 845 3027 Q
875 3006 1009 3044 emilxi).
1079 3007 1135 3045 18)
1150 3005 1346 3044 famulus-fiete
1372 3003 1531 3033 Minister.
1559 3011 1663 3032 comes
1687 3011 1704 3044 γ
1731 3006 1761 3032 et
1788 3002 1812 3032 C
1838 3003 1915 3040 (om.

80 3065 215 3103 comes).
283 3067 338 3103 19)
364 3066 494 3095 Lemma
519 3063 567 3094 dei
592 3065 799 3102 ampliticaui.
836 3063 975 3102 quoniam
1002 3081 1041 3083 m
1067 3072 1131 3092 eum
1156 3071 1181 3103 γ.
1209 3062 1279 3091 rell.
1318 3070 1410 3099 quem.
1476 3060 1534 3098 22)
1561 3068 1677 3097 sequar
1701 3068 1763 3089 om.
1792 3068 1809 3099 γ
1834 3059 1866 3088 11.
1893 3059 1915 3089 l.

82 3126 113 3152 et
141 3122 274 3152 inferius
302 3122 417 3160 posuit.
446 3121 577 3152 Scilicet
604 3129 671 3159 arg.
700 3121 738 3150 N.

1932 903 1972 934 10

1936 1271 1974 1303 15

1933 1639 1975 1670 20
