2148 3412
222 146 303 185 352
856 155 963 187 ACR.
992 155 1051 186 ET
1079 155 1246 186 PORPH.
1274 155 1424 187 COMM.

222 288 259 322 et
293 280 394 320 fides
426 288 549 334 atque
582 279 674 335 ipsa
705 280 816 320 fama
847 293 984 334 nuper
1015 285 1186 333 propter
1217 294 1374 333 paucos
1405 279 1519 320 locos
1542 295 1562 319 a
1588 277 1857 330 Quibusdam
1879 293 1961 320 non
1983 279 2055 321 de-

223 354 383 394 minuta
414 353 546 393 solum
579 368 629 393 ac
660 352 824 402 detrita,
858 352 932 393 sed
964 352 1162 401 detracta,
1195 367 1247 392 nc
1279 352 1431 401 dicam,
1464 352 1621 392 uiolata
1643 359 1716 402 est,
1750 360 1988 393 constanter
2018 360 2058 394 et

223 434 425 481 perpetuo
448 427 637 467 conferre
661 440 850 481 pergam,
884 441 977 466 cum
1010 426 1091 466 iam
1124 440 1175 465 ex
1206 425 1494 479 superioribus
1526 425 1624 466 satis
1646 440 1855 480 superque
1877 426 2057 481 patuerit

223 501 434 553 (conferas
472 499 597 541 etiam
639 499 798 541 scholia
835 514 885 540 ex
923 499 1013 541 cod.
1051 498 1368 540 Barcclloncnsi
1411 499 1463 539 ad
1500 497 1551 539 E.
1584 498 1641 549 II,
1674 501 1711 548 2,
1748 514 1787 540 u.
1822 500 1900 541 107
1941 513 2055 555 seqq.

221 573 465 628 exscripta),
498 588 698 629 magnam
729 573 982 614 scholiorum
1014 580 1189 628 partem,
1223 587 1349 626 quam
1379 573 1445 613 uir
1469 572 1539 613 ille
1561 572 1761 614 honestus
1784 573 1928 614 sedulo
1951 573 2058 614 eruit

221 655 258 688 et
291 646 523 688 liberaliter
554 647 786 702 proposuit,
833 661 884 687 ex
914 646 1129 688 ueteribus
1168 645 1383 687 codicibus
1414 646 1712 701 manuscriptis
1753 661 1843 688 esse
1883 646 2057 701 petitam

221 728 346 775 atquc
378 720 504 775 paulo
536 719 733 761 liberiore
766 720 905 762 studio
936 720 1209 775 conpositam.
1273 718 1369 771 Qua
1391 719 1442 760 de
1465 735 1508 761 re
1529 719 1641 760 infra
1672 720 1715 760 in
1737 719 2057 776 Prolegomenis

221 809 344 849 spero
375 793 545 835 uberius
577 793 747 835 dicendi
778 794 916 835 locum
948 794 1048 835 fore.

332 867 477 909 Restat
510 867 705 921 denique,
753 874 795 908 ut
841 867 892 907 de
923 878 1144 907 ΕΒΙΤΙΟΝΕ
1175 878 1388 907 PRINCIPE
1420 882 1556 922 pauca
1586 867 1718 909 uerba
1761 868 1926 918 faciam,
1975 880 2056 908 VE-

219 954 379 982 NhTAM
417 941 511 982 dico
543 941 734 982 Venetiis
773 956 883 981 anno
913 938 1345 982 MCCCCLXXXI
1384 941 1632 995 inpressam,
1679 956 1762 982 una
1800 956 1894 982 cum
1934 956 2055 996 prae-

220 1015 358 1056 missis
389 1015 521 1056 literis
555 1017 718 1056 Patauii
748 1014 916 1069 scriptis
946 1021 1071 1068 atque
1103 1014 1156 1055 ad
1187 1014 1411 1069 patricium
1442 1013 1655 1056 Venetum
1687 1015 1897 1070 quendam
1930 1015 2052 1065 datis,

221 1103 341 1144 quae,
387 1096 429 1129 ut
462 1089 500 1128 in
532 1089 594 1130 ed.
628 1088 844 1143 Lipsiensi
876 1103 915 1144 p.
949 1089 1001 1129 26
1034 1096 1145 1130 recte
1177 1088 1284 1136 dixi3
1333 1091 1478 1144 ‘prima
1516 1104 1656 1130 earum
1696 1097 1765 1138 est,
1812 1104 1911 1145 quae
1942 1100 2053 1130 POR-

219 1175 470 1203 PHYRIONIS
496 1163 805 1204 Commentarios
836 1164 877 1204 in
901 1174 1138 1203 SERMONEs
1164 1162 1312 1217 (addez
1347 1170 1383 1202 et
1407 1162 1678 1217 EPls'rvLAs)
1711 1171 1828 1219 atque
1860 1174 2054 1205 ACRchs

219 1239 484 1294 expositiones
514 1248 841 1277 Ems'rVLARVM
866 1237 1172 1293 praebuerunt.'

332 1310 428 1352 Non
450 1325 620 1366 possum
642 1317 795 1359 tamen,
828 1310 942 1364 quin,
975 1310 1054 1351 hac
1075 1309 1295 1351 occasione
1327 1309 1437 1359 data,
1472 1310 1697 1366 corrigam,
1731 1325 1837 1365 quae
1869 1310 1911 1351 in
1934 1310 2056 1353 huius

219 1392 385 1426 nostrae
408 1384 604 1425 editionis
626 1383 720 1425 Vol.
744 1384 789 1424 II
809 1399 848 1439 p.
876 1386 893 1424 1
920 1384 971 1424 de
994 1384 1086 1425 edd.
1110 1382 1275 1424 Veneta
1298 1390 1337 1424 ct
1360 1383 1672 1425 Mediolanensi
1694 1384 1858 1440 scripsi,
1897 1384 2055 1440 quippe

219 1458 454 1514 negligens,
502 1472 608 1512 quae
641 1457 729 1512 ipse
768 1457 810 1498 in
852 1457 1035 1498 editione
1068 1456 1284 1512 Lipsiensi
1316 1457 1340 1497 l.
1373 1457 1397 1497 l.
1431 1457 1639 1498 dixeram:
1689 1458 1840 1499 ‘Editio
1868 1459 2055 1515 princeps

218 1533 529 1574 Medz'olanensis
547 1531 739 1586 inpressa
756 1546 831 1586 per
840 1531 1061 1573 Antonium
1073 1532 1291 1572 Zarolltnm
1302 1529 1577 1572 Parmensem
1589 1529 2054 1582 MCCCCLXXHH,

219 1605 449 1655 continens,
491 1606 805 1646 ‘conmzenlare'a’
838 1616 1033 1645 ACRONIS
1066 1607 1104 1645 in
1143 1605 1349 1654 (]m··7ne‘n(1,
1400 1605 1568 1660 Epoclos,
1621 1605 1791 1646 Carmen
1831 1607 2053 1655 saeculare,

220 1684 354 1722 Artem
380 1681 580 1736 poeticam
611 1694 658 1720 ac
691 1678 913 1720 Sermones.
974 1678 1182 1733 Princeps
1214 1688 1325 1720 recte
1347 1693 1396 1720 eo
1419 1677 1586 1728 dicitur,
1620 1679 1731 1733 quod
1747 1681 1883 1735 primo
1917 1693 2054 1721 earum

218 1762 285 1801 est,
318 1768 419 1809 quae
449 1764 645 1794 ACRONIS
679 1754 984 1795 commentarios
1015 1755 1055 1794 in
1078 1764 1316 1794 SERMONES
1339 1754 1581 1794 obtulerunt.
1606 1778 1655 1782 -
1682 1753 1906 1795 Dicendum
1937 1755 2055 1795 etiam
2116 1800 2117 1805 ¹

214 1836 414 1885 postremo
461 1836 528 1877 est,
575 1827 678 1868 hanc
718 1838 914 1867 ACRONIS
962 1827 1173 1868 editionem
1219 1843 1269 1868 eoe
1315 1827 1481 1868 Zarotlzz'
1518 1828 1633 1882 prelo
1672 1829 1901 1883 profectam
1948 1842 2053 1869 anno
2112 1844 2115 1852 ¹

217 1902 617 1945 MCCCCLXXHII
662 1916 742 1942 non
792 1901 1117 1955 confundendam
1163 1917 1244 1942 esso
1291 1916 1381 1942 cnm
1427 1902 1590 1942 editione
1638 1901 1884 1943 Zarotlm'ana
1927 1903 2052 1957 ipsius
2112 1914 2113 1918 ¹

198 1987 411 2015 -ΗΟΗΑΤΙΙ
443 1977 576 2017 eodem
608 1990 714 2017 anno
745 1976 942 2031 ‘inpresso’
974 1982 1049 2016 etc.

330 2049 381 2090 In
412 2049 594 2090 editione
617 2048 883 2090 Berolinensi
914 2048 938 2088 l.
962 2048 986 2088 l.
1020 2047 1289 2090 scribendum
1322 2056 1403 2090 est:
1438 2050 1563 2090 ‘Haec
1593 2056 1726 2090 aulem
1756 2048 1873 2089 editio
1897 2048 2050 2090 Medio-

218 2125 393 2164 lanensis
420 2126 606 2179 princeps
639 2124 824 2163 uoccmda
856 2132 909 2164 est
941 2137 1093 2170 eorum,
1140 2138 1240 2179 quoe
1271 2134 1466 2163 ACRONIS
1485 2124 1788 2165 commentarios
1824 2123 1865 2163 in
1898 2122 2056 2162 Horatii

218 2208 456 2238 SERMONLS
503 2197 760 2243 obtuleramus
833 2195 941 2237 Nam
989 2197 1314 2238 commentarius
1359 2197 1402 2237 in
1447 2208 1697 2237 EPISTVLAS
1745 2195 1823 2236 hac
1868 2195 2050 2236 editione

217 2282 412 2311 ACRONIS
444 2286 527 2312 non
559 2271 806 2319 continetur,
839 2277 882 2311 ut
913 2286 962 2311 ex
995 2271 1284 2326 superioribus
1314 2278 1438 2325 patet.

329 2343 463 2399 Atqui
494 2344 537 2385 in
571 2344 752 2386 editione
784 2359 958 2400 operum
990 2344 1158 2386 Horatii
1190 2344 1458 2394 Zarothiana,
1496 2344 1641 2385 eodem
1674 2358 1784 2384 anno
1817 2357 1924 2397 quae
1954 2341 2049 2384 Me·-
2104 2359 2108 2364 ’
2135 2350 2141 2376 ·'

217 2418 374 2461 diolani
406 2418 577 2472 prodiit,
608 2430 864 2459 EPISTVLAE
896 2418 1048 2460 insunt.
