2148 3412
825 145 873 177 IN
899 145 1043 177 umsr.
1070 145 1095 183 1,
1122 149 1150 177 5.
1816 134 1896 176 395

71 269 156 311 ficii
188 267 317 325 [fuit]
351 268 467 309 cuius
499 281 667 309 causam
699 274 797 310 tunc
828 274 1015 310 oratores
1036 274 1213 324 egerunt
1233 267 1475 324 Torquatus
1495 269 1577 319 hic,
1610 269 1662 310 de
1683 283 1766 323 quo
1787 283 1899 310 nunc

73 343 185 392 dicit,
231 341 348 383 cuius
387 347 521 383 exstat
558 341 704 391 oratio,
751 348 789 382 et
827 339 1005 383 Asinius
1035 341 1185 383 Pollio.
1247 357 1424 384 causam.
1483 341 1754 398 Susceptam3
1800 357 1899 383 nam

71 423 270 473 patronus
300 415 379 456 fuit
409 429 629 456 causarum
659 414 911 469 Torquatus.
933 416 950 468 Η
971 414 1059 456 Hic
1089 414 1329 470 Torquatus
1365 431 1533 457 causam
1572 416 1663 457 uult
1702 416 1772 472 agi
1803 415 1900 457 Mo-

72 489 159 531 schi
179 488 356 530 rhetoris
379 486 548 530 Graeci.
607 487 730 544 Egit:
756 495 888 530 exstat
910 487 1053 529 oratio.
1075 490 1092 542 Η
1115 514 1162 518 —-
1185 503 1354 530 causam
1375 489 1558 545 ueneficii
1573 489 1635 531 M.
1658 490 1718 531 rh.
1742 487 1796 532 G.
1819 489 1904 545 egit

72 589 122 594 -—
147 561 196 604 C.
218 561 452 603 Hermann.

182 650 286 677 cras.
344 635 460 676 Inter
483 650 574 677 cras
605 642 643 676 et
676 636 853 677 crastino
884 634 963 675 hoc
985 633 1178 676 interest:
1212 650 1304 677 cras
1325 635 1431 676 nihil
1453 635 1666 691 significat
1685 636 1767 678 nisi
1788 636 1901 678 diem

70 710 326 767 proximum3
360 711 562 752 crastinus
595 710 676 751 (lies
707 716 746 750 et
777 708 993 764 superiore
1024 715 1064 750 et
1084 709 1312 764 praeterito
1334 724 1443 751 anno
1464 710 1542 751 fuit
1563 717 1603 751 et
1623 711 1702 752 erit
1723 725 1901 765 sequen-

70 784 192 826 fibus

185 857 356 899 Caesare
383 857 519 911 festus.
578 855 742 898 Natalis
772 855 878 897 Diui
908 854 1107 912 Augusti.
1140 855 1285 899 VIIII.
1317 855 1417 898 Kal.
1449 855 1650 899 Octobris
1682 857 1770 912 (uel
1799 856 1898 898 Kal.

73 930 204 986 Iulii).

182 1004 246 1045 10.
278 1004 449 1046 ueniam.
509 1003 731 1059 Requiem.

181 1079 246 1118 11.
277 1077 495 1119 Aestz'uam.
556 1076 692 1130 Quasi
723 1077 939 1128 aestiuam,
971 1077 1016 1118 id
1046 1083 1120 1128 est,
1152 1076 1338 1119 breuem.

181 1152 358 1206 bem‘qozo.
391 1150 628 1192 Familiari.

181 1226 340 1267 tendere
370 1234 533 1267 noctem.
597 1223 718 1277 Quae
750 1230 846 1266 ante
877 1224 990 1265 diem
1018 1229 1197 1265 uentura
1227 1230 1299 1265 est.

182 1300 246 1340 12.
282 1300 370 1349 Quo
400 1298 501 1358 mihi
526 1299 750 1353 fortunam,
781 1300 817 1339 si
845 1313 884 1339 η.
916 1312 1026 1340 conc.
1058 1299 1145 1339 uti?
1201 1295 1251 1337 Id
1283 1303 1363 1338 est:
1401 1295 1473 1338 Ad
1505 1297 1607 1352 quid
1637 1298 1741 1339 mihi
1772 1298 1901 1340 dede-

70 1378 166 1413 runt
196 1371 256 1413 dii
285 1372 510 1422 fortunam,
547 1371 582 1413 si
612 1386 696 1413 non
728 1371 984 1427 permittitur
1013 1370 1074 1412 uti
1104 1370 1205 1411 illa?

183 1446 248 1488 13.
280 1447 451 1488 Parcus.
514 1443 688 1487 Scilicet
718 1444 854 1487 homo.
916 1445 1112 1487 haeredis.
1171 1444 1223 1485 [d
1254 1451 1328 1496 est,
1359 1445 1448 1487 filii.

11 1573 13 1579 ¹
70 1569 123 1606 30,
147 1567 339 1607 Pergameas
364 1568 489 1606 poetis:
514 1568 610 1606 Verg.
636 1567 693 1605 ΙΙΙ,
724 1568 784 1597 110
813 1570 870 1597 etc.
909 1567 1053 1605 Propert.
1078 1566 1132 1604 IV,
1159 1567 1184 1604 I,
1212 1568 1263 1597 51.
1301 1567 1442 1597 Martial.
1469 1567 1523 1604 IX,
1553 1569 1603 1605 17,
1631 1569 1660 1604 2,
1697 1572 1733 1598 ut
1770 1568 1903 1599 Graecis

70 1620 265 1668 Περγαμενὸς
290 1624 430 1664 (Strab.)
458 1628 491 1654 et
515 1619 693 1667 Περγάμιος
721 1623 862 1663 (Ηο111.),
888 1624 1128 1653 substantiuum
1154 1633 1230 1653 uero
1256 1624 1326 1654 Lat.
1352 1625 1535 1663 Pergamum
1559 1624 1794 1662 (nominatiuus
1818 1626 1901 1656 Plin.

69 1682 107 1720 V,
135 1682 204 1721 30),
231 1677 396 1724 Πέργαμος
421 1682 584 1720 (Xenoph.
611 1681 744 1711 Lucian.
770 1681 947 1711 Herodian.
973 1681 1106 1721 Polyb.)
1133 1686 1164 1710 et
1189 1676 1234 1712 Τὸ
1252 1676 1428 1722 Πέργαμον,
1455 1682 1523 1710 siue
1549 1681 1589 1710 sit
1616 1691 1673 1711 arx
1692 1682 1841 1720 Troiana,
1867 1686 1903 1712 ut

70 1738 201 1778 Sophoc.
227 1738 339 1777 Eurip.
367 1743 398 1769 et
424 1739 580 1769 Herodot.
608 1735 643 1780 (ἡ
670 1734 836 1780 Πέργαμος
860 1737 983 1776 IIom.),
1022 1739 1121 1767 etiam
1146 1734 1186 1768 τὰ
1213 1732 1363 1780 Πέργαμα
1389 1738 1467 1769 Eur.
1492 1738 1563 1775 Iph.
1602 1738 1677 1767 Aul.
1705 1739 1767 1768 552
1795 1742 1826 1768 et
1851 1748 1902 1777 ap.

69 1795 247 1833 Platonem,
285 1800 319 1825 ut
346 1796 504 1834 Pergama
528 1795 623 1833 apud,
647 1794 718 1825 Lat.
744 1798 868 1833 poetas,
902 1795 970 1824 siue
994 1795 1082 1824 urbs.
1109 1793 1173 1824 fuit
1197 1804 1257 1824 om.
1282 1795 1312 1824 b.
1340 1811 1383 1817 —-
1408 1795 1461 1834 qui
1488 1793 1564 1829 th.
1591 1803 1651 1825 om.
1678 1796 1727 1837 γὶ).
1765 1795 1811 1825 1ιεῖ
1833 1805 1904 1826 reus

70 1863 130 1885 vca
141 1853 211 1893 fuit
234 1854 385 1883 iteratum
410 1863 494 1884 omn.
521 1853 607 1882 libri.

185 1910 216 1949 l)
244 1914 372 1948 egerunt
394 1919 421 1951 γ.
450 1909 602 1948 (Porph.)
629 1908 794 1949 ‹reffert-ime
818 1919 847 1938 v.
874 1909 943 1939 rell.
982 1918 1084 1947 egere.
1111 1908 1139 1944 Q
1165 1918 1206 1938 ex
1232 1909 1346 1947 Porph.
1373 1909 1510 1940 addidit.
1554 1909 1641 1948 Tor‘q.
1667 1913 1695 1938 et
1717 1910 1768 1938 As.
1795 1908 1903 1947 Pollio,

70 1967 146 1998 Post
168 1968 200 1997 11.
228 1978 258 1997 11.
284 1970 421 2005 pergunt
446 1965 561 1995 vcafh:
587 1966 668 1995 Nam
694 1966 875 2004 Torquatus
901 1969 1054 2004 patronus
1080 1966 1144 1996 fuit
1168 1975 1345 1995 causarum.
1372 1965 1556 2004 Torquatus
1584 1983 1622 1986 —
1648 1965 1829 2004 Torquatus
1854 1967 1904 2008 γΙ).

72 2024 155 2055 conf.
181 2024 298 2062 Porph.
349 2025 383 2063 2)
410 2023 549 2062 suseepti
571 2023 668 2063 (conf.
690 2022 731 2061 C)
756 2032 783 2065 γ.
812 2027 956 2061 suscepta
982 2034 1007 2053 c.
1034 2024 1127 2061 posui
1153 2027 1338 2061 susceptam.
1366 2032 1441 2052 nam
1466 2026 1549 2060 patr.
1569 2023 1589 2054 f.
1608 2032 1634 2052 c.
1661 2022 1755 2060 Torq.
1781 2023 1831 2064 Tb.
1859 2021 1903 2052 C:

73 2081 201 2112 ‘Moschi
222 2090 306 2111 caus.
332 2079 483 2110 Moschus
508 2090 625 2110 nomen
644 2084 694 2110 est
712 2080 847 2109 rhetoris
867 2079 993 2117 Graeci,
1020 2081 1073 2118 qui
1100 2084 1268 2110 accusatus
1294 2080 1356 2110 fuit
1379 2079 1509 2117 suscepti
1532 2080 1692 2117 ueneficii,
1719 2080 1807 2108 cuius
1833 2088 1903 2108 cau-

72 2147 138 2168 sam
162 2138 346 2176 Torquatus
371 2138 500 2176 agebat.
525 2137 589 2166 fuit
616 2137 700 2166 enim
726 2136 910 2174 Torquatus
936 2146 1103 2166 causarum
1129 2136 1307 2175 patronus.'
1357 2137 1392 2175 3)
1418 2135 1531 2165 Hic——
1548 2137 1649 2166 oratio
1673 2137 1721 2178 γὶ).
1748 2136 1816 2165 rell.
1844 2146 1903 2166 om.

72 2196 207 2226 rethoris
223 2195 311 2234 greci
325 2195 373 2236 Tb.
393 2198 486 2224 estat.
501 2195 531 2223 b.
548 2197 659 2224 exstat
673 2204 699 2235 γ.
751 2192 786 2231 6)
803 2193 891 2222 Inter
908 2203 977 2222 cras
988 2194 1252 2232 —sequentibus
1266 2193 1314 2234 γὶ).
1330 2193 1399 2221 rell.
1415 2203 1474 2222 om.
1525 2193 1559 2232 9)
1578 2193 1751 2223 Natalis—
1765 2193 1905 2222 octobris

73 2251 186 2291 (octbr.
203 2253 217 2281 ἰ
240 2253 274 2281 kl
292 2252 363 2281 iulii
381 2252 428 2291 b).
446 2251 494 2292 γΙ).
514 2251 584 2281 rell.
604 2260 660 2280 orn.
680 2249 764 2280 conf.
784 2249 824 2279 C:
844 2250 974 2280 ‘natalis
992 2249 1054 2279 dies
1070 2249 1288 2289 Augustifuz't
1303 2250 1332 2279 9.
1352 2250 1414 2278 kal.
1435 2249 1549 2280 Octob.
1618 2248 1673 2287 11)
1698 2248 1852 2286 Requiem
1878 2258 1905 2290 γ.

74 2309 141 2338 rell.
159 2318 219 2340 om.
272 2308 329 2346 12)
356 2309 447 2346 quasi
459 2309 637 2337 —breuem
654 2308 701 2349 *(1).
721 2307 849 2336 breuem
867 2305 901 2336 C.
920 2306 989 2336 rell.
1008 2316 1067 2336 0111.
1119 2307 1175 2346 13)
1193 2307 1360 2335 Familiari
1378 2304 1464 2347 -sb,C.
1516 2306 1571 2345 14)
1591 2304 1678 2341 Quae
1690 2309 1905 2334 *uenturum

74 2369 122 2395 est
138 2366 188 2407 γὶ).
206 2366 276 2395 rell.
296 2375 358 2395 om.
411 2365 466 2403 15)
493 2363 561 2400 Quo
579 2364 658 2394 mihi
676 2363 845 2400 fortunam,
872 2372 948 2401 pure
972 2363 1053 2406 ΕΒφ
1079 2362 1171 2401 (non,
1197 2367 1233 2392 ut
1250 2363 1375 2393 Pottier
1394 2362 1502 2399 refert,
1521 2362 1556 2398 P,
1589 2363 1643 2400 qui
1662 2362 1759 2392 habet
1777 2361 1906 2391 fortuna

74 2431 144 2451 cum
169 2422 288 2461 glossa:
326 2421 432 2459 datur)
458 2421 580 2458 Ainbr.,
618 2418 842 2461 fortunssssass'ss
864 2430 935 2449 Cum
960 2429 1071 2450 rasura
1097 2419 1216 2450 Graeu.
1241 2419 1356 2458 Regin.
1384 2423 1414 2448 et
1439 2419 1511 2448 Par.
1536 2419 1573 2447 A.
1600 2422 1697 2455 recte,
1734 2422 1768 2447 ut
1807 2418 1905 2448 Ouid.

75 2478 114 2508 A.
138 2479 179 2516 ΙΙ,
209 2480 259 2517 19,
288 2480 322 2508 7;
352 2479 427 2512 Quo
450 2477 775 2517 mihisortunam,
808 2486 885 2515 quac
907 2486 1067 2514 numquam
1080 2475 1200 2515 fallere
1224 2476 1329 2506 curet?
1365 2475 1506 2504 Pluralis
1532 2474 1688 2511 fortunas,
1715 2483 1807 2512 quein
1834 2484 1906 2512 per-

75 2545 182 2574 peram
206 2536 335 2565 notauit
358 2535 483 2565 Valart.
514 2544 554 2564 ex
581 2533 683 2570 Sorb.,
721 2535 775 2572 qui
802 2543 880 2571 pure
906 2534 1004 2562 habet
1030 2532 1169 2570 fortuna,
1197 2538 1287 2563 ortus
1325 2542 1366 2562 ex
1403 2532 1512 2570 glossa
1548 2531 1774 2561 nonnullorum
1811 2531 1904 2560 codd.

78 2592 188 2631 (Bern.
214 2593 260 2631 D)
286 2591 410 2622 diuitiae
435 2595 467 2621 et
493 2600 534 2620 ex
559 2591 608 2620 lit.
634 2591 754 2620 initiali
782 2591 960 2628 particulae
985 2591 1163 2628 sequentis,
1190 2594 1264 2627 post
1282 2589 1443 2619 Muretum
1463 2588 1562 2627 (Opp.
1579 2588 1618 2617 II.
1634 2598 1663 2626 p.
1681 2588 1786 2626 962),
1814 2597 1907 2626 quem

76 2652 124 2679 tot
146 2649 207 2678 uiri
234 2649 321 2678 docti
348 2648 449 2678 secuti
475 2652 549 2677 sunt
575 2647 672 2686 (conf.
700 2646 730 2678 S.
760 2645 879 2676 Obbar.
906 2657 936 2684 p.
963 2646 1055 2685 243.)
1084 2656 1147 2676 non
1172 2650 1262 2676 tutus
1289 2651 1348 2682 est,
1375 2654 1567 2684 quamquam
1588 2643 1735 2674 Ciceroni
1754 2644 1810 2681 (ad
1828 2644 1905 2674 Diu.

76 2704 130 2742 IV,
159 2707 186 2735 7.
213 2706 253 2734 ad
276 2705 368 2734 Brut.
399 2705 447 2734 18.
474 2704 565 2733 Verr.
592 2703 616 2740 Ι,
644 2704 695 2732 44.
722 2703 813 2733 Doni.
844 2705 893 2733 10.
930 2703 1022 2733 Rosc.
1051 2703 1122 2732 Am.
1150 2704 1168 2733 3
1196 2703 1271 2740 etc.)
1311 2706 1341 2732 et
1368 2702 1459 2731 Liuio
1486 2701 1554 2739 (IV,
1583 2702 1634 2730 48.
1660 2700 1808 2736 XXVIII,
1835 2701 1905 2739 22.)

77 2762 226 2791 usitatior
250 2763 310 2791 hoc
334 2771 438 2796 sensu,
466 2770 560 2799 quani
586 2760 771 2797 singularis.
809 2759 1023 2798 Frequentior
1049 2764 1156 2789 tamen
1183 2764 1231 2789 cst
1257 2759 1351 2788 lectio
1377 2758 1444 2793 Quo
1464 2775 1501 2778 ψ
1522 2758 1657 2793 fortuna,
1687 2758 1761 2795 quia
1788 2757 1908 2786 facilior

79 2817 246 2847 intellectu
273 2822 340 2847 erat
365 2818 480 2847 scribis
506 2817 685 2855 ellipticam
712 2816 836 2845 dicendi
862 2817 1018 2845 rationein
1055 2820 1140 2845 certe
1177 2825 1240 2845 nou
1277 2815 1564 2853 adgnoscentibus,
1603 2814 1762 2851 simulque
1799 2817 1907 2843 tamen

80 2878 214 2904 metrum
240 2874 499 2913 neglegentibus.
532 2873 617 2902 Hinc
641 2876 738 2910 atque
764 2881 805 2900 ex
831 2872 936 2910 glossa
962 2872 1019 2911 (Jk
1046 2872 1184 2910 Genou.)
1211 2871 1338 2901 fortuna
1363 2875 1404 2900 est
1426 2883 1470 2897 z
1495 2870 1628 2900 fortuna
1651 2870 1666 2899 ἓ
1691 2871 1834 2908 profecta
1859 2873 1908 2899 est

80 2930 175 2961 lectio
200 2931 347 2961 fortunae
364 2930 396 2959 in
425 2930 515 2960 codd.
533 2929 709 2958 rarissima.
736 2928 907 2958 Caeterum
931 2939 958 2970 γ,
984 2932 1020 2959 ut
1046 2929 1139 2967 pauci
1165 2937 1244 2958 recc.
1271 2928 1375 2964 codd,
1403 2927 1500 2956 habet
1514 2926 1605 2961 Quod
1621 2944 1656 2947 -—
1674 2926 1812 2963 fortuna,
1839 2926 1906 2963 alii,

82 2990 116 3016 ut
138 2986 243 3022 Bern„
260 2986 296 3023 C,
322 2986 406 3023 Quid
431 3004 471 3007 —
497 2985 638 3022 fortuna,
664 2988 700 3014 ut
725 2985 805 3015 alios
830 2985 882 3014 hic
908 2985 1036 3014 mittam
1061 2989 1156 3023 atque
1183 2993 1244 3021 eos,
1271 2993 1348 3023 quos
1373 2983 1403 3013 S.
1431 2983 1601 3012 Obbarius.
1632 2992 1674 3012 ex
1700 2983 1803 3013 literis
1827 2983 1908 3013 meis

81 3042 121 3072 ad
147 3053 215 3073 eum
240 3044 327 3073 datis
354 3043 417 3073 iam
441 3042 588 3072 tradidit.
614 3042 634 3071 i.
660 3045 691 3070 ut
715 3040 797 3079 quod
818 3050 845 3083 γ.
873 3042 893 3070 i.
918 3044 955 3070 ut
980 3041 1019 3078 qd
1034 3040 1168 3079 :quid
1193 3040 1280 3083 bBe.
1305 3040 1400 3069 Posui
1425 3038 1467 3068 ad
1489 3038 1568 3077 quid.
1620 3038 1677 3077 16)
1704 3038 1909 3077 permittatur

81 3097 136 3127 illa
158 3099 201 3128 uti
224 3100 254 3129 b.
280 3099 317 3129 Id
342 3117 384 3120 ——
410 3099 469 3129 uti.
495 3099 564 3128 rell.
589 3107 649 3128 0111.
676 3096 759 3128 conf.
785 3096 825 3126 C:
853 3098 928 3136 ‘qua
954 3097 996 3126 ad
1021 3098 1097 3135 quid
1123 3097 1276 3135 prodest.'
1302 3096 1395 3125 Fran.
1422 3096 1534 3125 habet:
1564 3095 1649 3131 Quid
1674 3095 1805 3133 prodest
1828 3095 1907 3125 mihi

84 3152 221 3185 fortuna.
248 3155 276 3186 si
293 3165 356 3186 non
381 3159 453 3185 utar
478 3155 546 3184 illa.
598 3155 652 3193 17)
679 3164 705 3184 e.
732 3153 825 3184 homo
850 3154 898 3195 rb.
917 3154 986 3184 rell.
1013 3163 1073 3183 0111.
1099 3152 1217 3183 heredis
1243 3153 1264 3182 i.
1291 3152 1350 3181 filii
1375 3152 1413 3194 γὶ)
1439 3151 1515 3189 (0111.
1540 3152 1590 3190 1.).

1948 571 1966 600 5

1928 937 1968 968 lO
