2148 3412
200 903 239 934 10

201 1270 240 1301 15

197 1636 240 1668 20

198 2004 239 2034 25

267 99 347 139 634
896 107 1003 140 Aca.
1029 107 1090 139 ET
1117 106 1284 139 PORPH.
1311 107 1459 139 COMM.

377 233 472 273 358.
506 231 631 281 Quem
663 231 719 272 bis
751 238 860 273 {erue
891 232 1037 273 bonum
1069 246 1160 272 cum
1190 232 1274 272 risu
1311 231 1451 272 miror.
1509 228 1662 271 Laudo
1694 227 1952 280 Choerilum,
1993 229 2092 284 quia

265 307 369 347 duos
405 304 472 346 uel
508 312 591 346 tres
627 318 772 346 uersus
808 304 1022 360 elegantes
1058 304 1102 345 in
1141 310 1227 345 toto
1265 310 1454 358 poemate
1495 303 1676 358 scripsit,
1722 303 1764 343 id
1796 310 1869 352 est,
1915 302 2092 344 ridendo

264 387 393 420 totum
425 392 575 433 poema
605 378 694 419 eius
724 377 863 426 laudo,
894 377 998 419 duos
1028 376 1096 418 uel
1126 384 1208 418 tres
1239 391 1387 418 uersus
1417 376 1644 418 admirans.
1681 375 1876 417 Aliter:
1911 375 1980 432 [Id
2011 382 2090 417 est:

265 453 306 492 in
338 451 485 506 paucis
515 450 725 507 uersibus]
759 451 792 492 si
824 466 953 492 unum
984 458 1054 492 aut
1084 450 1188 492 duos
1218 465 1363 492 uersus
1393 449 1499 491 bene
1540 449 1705 499 dixerit,
1744 448 1930 490 admiror
1971 449 2090 504 quasi

264 524 419 566 bonum
451 531 618 580 poetam
649 531 815 580 praeter
846 524 1035 566 solitum:
1067 538 1150 566 non
1182 523 1293 565 enim
1325 522 1431 564 dixit
1452 523 1834 565 lauda—etalem.
1879 521 1989 577 Ego,
2021 522 2093 577 qui
2138 526 2141 532 '

264 598 431 640 ueniam
462 597 614 640 tribuo.

375 672 470 713 359.
502 671 737 728 quandoque
773 672 897 713 bonas
935 672 1126 713 dormitat
1172 671 1382 712 Homerus.
1458 668 1553 711 Hoc
1590 675 1664 719 est,
1707 668 1780 723 qui
1817 667 2094 724 neglegenter
2137 707 2141 732 Ι

265 744 422 795 scribit,
453 744 497 785 id
528 745 612 799 estg:
646 744 897 799 quandoque
929 752 1040 785 errat
1072 744 1225 800 [bonus
1245 742 1416 799 poeta.].
2137 799 2140 807 Ι

377 820 472 861 360.
514 819 655 860 Verum
686 820 800 874 operi
826 819 954 872 Ionqo.
1000 817 1050 858 In
1072 833 1226 873 magno
1248 824 1452 872 poemate.
1497 817 1564 870 sas
1595 825 1650 858 est
1680 817 1867 872 obrepere
1897 831 2092 859 somnum.
2138 811 2148 875 ι..

265 891 315 934 Id
346 900 420 942 est,
456 891 500 932 in
531 898 749 947 peccatum
782 890 981 939 incidere,
1013 905 1165 939 errare,
1213 890 1388 942 [crimen
1429 889 1723 945 neglegentiae
1754 889 1987 946 incurrere]
2020 890 2094 931 sed

265 967 308 1007 in
338 980 493 1021 magno
525 971 717 1020 poemate
747 979 917 1007 necesse
948 972 1022 1015 est,
1054 963 1214 1019 aliquid
1244 963 1529 1019 negligentius
1559 962 1700 1004 scribi.

377 1040 471 1080 361.
506 1040 555 1081 Ut
579 1040 759 1095 pictura,
785 1040 939 1094 poesis:
971 1041 1053 1080 erit.
1096 1036 1183 1079 Hic
1214 1038 1288 1079 eric
1317 1052 1394 1092 pro
1426 1045 1482 1078 est
1512 1036 1692 1092 ponitur.
1734 1036 1800 1092 [Id
1824 1044 1901 1078 est:
1937 1051 2087 1092 poema
2135 1059 2144 1084 2>

264 1112 322 1153 ita
351 1126 440 1154 sese
470 1111 608 1160 habet,
638 1118 680 1152 ut
712 1110 910 1168 pictura]
972 1110 1068 1152 Hoc
1098 1126 1200 1166 ergo
1232 1109 1350 1152 dicit:
1382 1109 1735 1165 quemadmodum
1766 1109 1930 1165 pictura
1961 1124 2089 1165 quae·
2136 1106 2138 1116 '

266 1185 363 1226 dam
395 1186 446 1226 de
476 1184 670 1240 proximo
710 1185 800 1226 uult
837 1184 988 1235 uideri,
1028 1184 1112 1225 alia
1142 1190 1280 1225 autem
1317 1183 1493 1233 eminus,
1526 1190 1570 1225 ut
1601 1183 1703 1224 uitia
1734 1183 1934 1235 celentur,
1966 1183 2024 1225 ita
2054 1191 2095 1224 et
2145 1179 2148 1189 ³

266 1273 415 1313 poema
445 1258 560 1300 aliud
591 1258 719 1300 semel
749 1258 902 1300 lectum
933 1258 1084 1313 placet,
1116 1258 1295 1313 probum
1326 1271 1426 1298 uero
1457 1270 1608 1312 poema
1637 1257 1776 1313 placet
1805 1257 1930 1298 etiam
1968 1271 2094 1312 saepe
2144 1307 2148 1322 Ι

264 1332 499 1388 repetitum.
539 1331 732 1373 Aliter:
767 1331 828 1373 Ut
848 1332 1026 1387 pictura,
1058 1331 1117 1372 ita
1147 1339 1187 1372 et
1216 1346 1367 1386 poema
1397 1330 1526 1380 aliud,
1549 1331 1648 1372 dum
1670 1331 1882 1381 recitatur,
1904 1331 1948 1371 in
1970 1345 2094 1386 prae·
2144 1370 2148 1388 ε

266 1406 372 1448 senti
410 1405 561 1461 placet,
606 1405 721 1446 aliud
764 1412 909 1460 postea
946 1419 1071 1460 saepe
1111 1405 1348 1460 repetitum.
1411 1403 1524 1460 [Vel.·
1564 1404 1771 1459 quaedam
1809 1404 1852 1445 in
1897 1404 2091 1461 picturis]
2140 1413 2148 1430 '³

270 1480 319 1521 Ut
350 1480 516 1535 pictura
542 1480 686 1535 poesis.
760 1478 811 1519 Id
849 1487 928 1520 est:
969 1494 1051 1520 non
1083 1478 1161 1520 erit
1206 1477 1422 1519 dissimilis
1453 1477 1619 1532 poetica
1649 1493 1716 1519 ars
1747 1477 1958 1533 picturae3
1996 1493 2094 1520 nam

264 1553 439 1608 propius
471 1552 677 1607 quaedam
709 1552 934 1607 spectanda
971 1560 1065 1594 sunt
1097 1551 1322 1607 [propius],
1360 1551 1566 1606 quaedam
1596 1551 1783 1608 longius:
1821 1552 1879 1593 ita
1910 1552 2094 1608 poetices

266 1626 472 1682 quaedam
503 1625 778 1681 adspicienda
808 1633 904 1667 sunt
932 1626 1084 1676 statim,
1117 1625 1325 1680 quaedam
1356 1632 1512 1681 postea.
1574 1623 1696 1678 Quae
1735 1625 1923 1667 dilucida
1960 1632 2093 1676 erunt,

265 1715 361 1742 mox
391 1706 713 1756 cognoscuntur,
745 1714 853 1755 quae
883 1714 986 1741 uero
1017 1699 1184 1747 obsura,
1216 1699 1399 1755 longius,
1431 1699 1629 1741 remotius
1663 1703 1720 1752 [et
1749 1699 1802 1741 ab
1832 1699 2022 1756 ignotis]
2144 1684 2148 1690 Ι

378 1775 472 1816 362.
508 1776 543 1816 T
541 1790 559 1815 e
591 1775 736 1830 capiat.
794 1773 916 1815 Bona
946 1773 1118 1824 scilicet,
1151 1773 1195 1814 id
1226 1780 1299 1822 est,
1330 1772 1526 1822 delectet3
1559 1780 1654 1814 sunt
1684 1772 1796 1814 enim
1826 1780 1988 1828 poetae,
2020 1772 2093 1827 qui
2136 1760 2148 1778 ⁵

265 1861 432 1903 semper
460 1847 680 1904 leguntur3
713 1853 821 1897 sunt,
854 1847 925 1902 qui
957 1847 1086 1888 semel
1116 1846 1214 1888 lecti
1247 1849 1649 1901 [con]tempnuntur.

378 1921 473 1963 363.
509 1922 618 1963 Haec
649 1930 758 1962 (ωηατ
788 1921 1015 1962 obscurum.
1079 1921 1198 1962 Haec.
1232 1917 1406 1961 Scilicet
1421 1918 1581 1961 Poesis.
1640 1919 1692 1961 Id
1723 1928 1797 1968 est,
1828 1920 1951 1969 mala,
1983 1934 2092 1975 quae

265 1993 402 2050 magis
430 1994 538 2043 fuco,
571 1994 614 2034 id
644 2001 718 2042 est,
750 1994 959 2036 coloribus
992 1994 1165 2050 [magis]
1199 2000 1332 2048 potest
1363 1992 1531 2048 placere
1562 2007 1688 2048 quam
1718 2000 1819 2035 arte.

378 2067 473 2109 364.
505 2081 684 2110 acumen.
742 2066 882 2110 Velox
911 2067 1141 2123 ingenium.

377 2141 472 2183 365.
505 2141 618 2183 Haec
640 2141 748 2197 plac.
809 2138 982 2183 Scilicet
1011 2140 1136 2182 mala.
1195 2141 1293 2183 haec
1323 2141 1404 2183 dec.
1467 2139 1640 2183 Scilicet
1669 2140 1792 2184 bona.

382 2319 414 2358 1)
440 2318 569 2349 Lemma
596 2319 687 2353 Quem
710 2318 736 2348 b.
764 2323 843 2349 terne
867 2320 1073 2358 amplificaui.
1100 2320 1196 2350 laudo
1226 2338 1261 2340 ν
1289 2319 1399 2349 Aliter
1422 2328 1448 2361 γ.
1476 2320 1545 2349 rell.
1571 2329 1632 2350 om.
1698 2320 1733 2359 3)
1762 2320 1797 2350 Id
1823 2325 1880 2357 est,
1907 2321 1939 2350 in
1964 2330 1995 2360 p.
2019 2329 2091 2351 uer·
2133 2303 2148 2352 i

265 2376 355 2405 sibus
380 2385 438 2404 om.
465 2385 491 2416 γ.
540 2375 575 2414 5)
603 2380 728 2414 poetam
746 2385 806 2406 om.
825 2385 871 2405 ca.
923 2377 956 2414 7)
982 2377 1035 2414 qui
1060 2386 1087 2418 γ.
1106 2377 1175 2406 rell.
1194 2385 1255 2406 om.
1281 2376 1368 2406 Non:
1395 2377 1549 2413 Homerus,
1574 2376 1636 2415 qui,
1663 2377 1734 2406 sed:
1762 2377 1911 2415 dormitat,
1938 2379 2003 2416 qui.
2053 2376 2089 2416 8)
2130 2368 2148 2409 i

265 2433 336 2462 bon.
361 2436 456 2470 poeta
480 2442 540 2462 om.
567 2442 593 2473 γ.
643 2433 678 2472 9)
704 2442 795 2471 opere
819 2433 853 2462 in
879 2433 921 2462 lo.
948 2433 1055 2469 N‚rfh.
1087 2433 1122 2462 In
1148 2442 1208 2462 ma.
1236 2442 1285 2470 po.
1312 2443 1373 2462 om.
1400 2433 1429 2462 N
1454 2433 1538 2462 Med.
1566 2431 1694 2471 G‚rvca.
1746 2434 1801 2472 10)
1828 2433 1865 2463 Id
1891 2438 1940 2464 est
1964 2443 1992 2477 γ.
2018 2434 2088 2464 rell.
2123 2413 2148 2492 li!

265 2498 325 2519 om.
353 2507 393 2510 —
418 2489 537 2519 crimen
561 2498 634 2527 neg.
662 2490 721 2519 iuc.
748 2489 847 2528 (th)
873 2499 933 2519 om.
959 2499 986 2531 γ.
1024 2490 1079 2519 sed
1104 2490 1201 2519 scribi
1227 2499 1252 2531 γ.
1280 2490 1349 2519 rell.
1376 2500 1438 2519 om.
1476 2489 1558 2519 conf.
1584 2488 1626 2518 C:
1656 2507 1694 2511 —
1729 2491 1775 2520 ‘ut
1800 2500 1864 2520 non
1889 2491 2023 2528 obrepat
2048 2508 2090 2512 —
2124 2487 2148 2578 11

265 2554 393 2575 somnus
419 2546 440 2575 i.
468 2545 672 2583 negligentia
696 2545 837 2575 latenter
862 2547 1031 2583 subintret,
1070 2550 1162 2583 erret,
1201 2547 1234 2575 in
1260 2550 1424 2584 peccatum
1462 2546 1605 2576 incidat.y
1633 2545 1677 2576 G:
1710 2564 1746 2567 ——
1771 2556 1912 2577 somnum.
1950 2547 2090 2577 latenter
2142 2584 2148 2596 1

267 2611 388 2631 summe
405 2602 425 2631 i.
445 2602 680 2640 negligentiam
698 2602 869 2631 carminum
886 2611 987 2640 agere⁴
1015 2612 1049 2631 v:
1080 2603 1100 2632 i.
1126 2603 1265 2632 latentur
1290 2604 1310 2632 i.
1336 2603 1568 2641 negligentiam
1593 2603 1739 2633 carminis
1763 2612 1867 2642 agere.
1893 2614 1925 2633 r:
1950 2604 2090 2634 latenter
2122 2609 2148 2661 ἦ

266 2667 390 2688 sumere
414 2658 435 2687 i.
463 2658 668 2697 negligentia
692 2658 843 2688 carminis
868 2667 969 2696 egere.
995 2668 1049 2688 ca:
1076 2658 1279 2688 lassitudinem
1314 2668 1440 2689 sumere
1468 2660 1488 2688 i.
1522 2659 1759 2698 negligentiam
1795 2661 1945 2690 carminis
1982 2669 2088 2700 agere.
2121 2657 2125 2686 l

269 2714 324 2753 12)
350 2715 386 2743 Id
412 2717 461 2744 est
485 2733 526 2735 <—
552 2715 676 2752 pictura
700 2723 759 2744 om.
786 2724 813 2756 γ.
881 2715 935 2753 13)
962 2715 1115 2753 quaedam
1151 2716 1227 2754 pict.
1267 2716 1323 2756 γΝ.
1390 2716 1445 2755 15)
1470 2726 1546 2746 uero
1570 2725 1596 2757 γ.
1622 2717 1690 2746 rell.
1726 2720 1844 2746 autem.
1870 2734 1914 2738 —
1939 2717 2038 2747 semel
2061 2725 2088 2758 γ.
2121 2665 2148 2762 :i

266 2771 335 2800 rell.
364 2780 467 2809 saepe.
503 2771 604 2800 Aliud
640 2771 738 2800 schol.
775 2770 809 2800 in
848 2770 884 2800 C.
953 2772 1007 2809 16)
1032 2771 1140 2801 Aliter
1164 2790 1206 2793 ψ
1232 2773 1404 2810 repetitum
1429 2782 1488 2803 om.
1515 2773 1554 2802 N.
1580 2777 1608 2802 et
1630 2782 1679 2811 po.
1705 2783 1731 2815 γ.
1758 2774 1826 2803 rell.
1853 2783 1912 2802 om.
1940 2778 1981 2804 et.
2033 2773 2088 2813 17)
2131 2765 2146 2813 ᾗ

267 2837 418 2865 praesens
443 2828 524 2857 cafh.
587 2826 642 2865 18)
667 2827 713 2857 Ut
739 2829 816 2866 pict.
842 2829 960 2866 poessis
975 2829 1062 2867 (sic).
1079 2830 1099 2859 i.
1126 2839 1189 2860 non
1208 2848 1241 2850 —
1259 2829 1416 2868 quaedam
1440 2838 1466 2870 γ.
1492 2829 1600 2867 uulgo.
1637 2829 1698 2859 Vel:
1727 2830 1883 2868 quaedam
1901 2830 1933 2859 in
1951 2830 2088 2868 picturis

266 2883 324 2912 Vel
360 2902 386 2904 —
416 2885 538 2922 ignotis
564 2894 624 2914 om.
650 2884 735 2914 Med.
763 2884 923 2921 NG‚rvca.
988 2885 1045 2923 20)
1071 2890 1147 2914 sunt
1177 2886 1289 2915 statim
1326 2886 1394 2915 rell.
1432 2886 1544 2915 statim
1581 2886 1679 2923 aspie.
1745 2887 1801 2924 21)
1828 2885 1973 2916 remotius
1995 2885 2088 2924 posui
2143 2922 2145 2924 .

267 2948 321 2976 pro
347 2940 477 2969 remotis.
505 2940 587 2970 conf.
614 2941 731 2978 Porph.
757 2945 784 2970 et
807 2950 867 2971 om.
892 2949 918 2982 γ.
955 2940 993 2970 ab
1017 2940 1124 2979 {quotis
1149 2942 1210 2971 del.
1238 2947 1324 2979 puto.
1388 2942 1447 2981 22)
1471 2941 1560 2971 Bona
1585 2942 1653 2971 scil.
1680 2942 1700 2970 i.
1726 2950 1752 2982 γ.
1771 2942 1840 2971 rell.
1859 2952 1918 2971 om.
1957 2942 2090 2972 delectat

266 3004 292 3036 γ.
305 2995 374 3024 rell.
401 2996 539 3025 delectet.
590 2998 647 3034 23)
674 3001 810 3026 tenentur
833 3007 859 3039 γ,
878 2997 948 3026 rell.
974 3001 1210 3027 contemnuntur.
1238 2999 1330 3035 posui
1350 2999 1480 3027 uerbum
1501 2998 1651 3035 simplex.
1700 2998 1758 3036 24)
1787 3008 1810 3026 s.
1839 2999 1945 3036 poesis
1969 3008 1995 3040 γ.
2013 2998 2085 3028 rell.
2128 3008 2130 3010 ·

268 3060 327 3079 om.
348 3068 385 3071 Μ
404 3060 480 3089 quae
504 3053 551 3092 γΝ
577 3052 673 3090 Med,
699 3063 744 3083 rv.
770 3053 840 3084 rell.
866 3053 945 3092 quia.
971 3053 1075 3091 magis
1098 3053 1142 3082 fu.
1168 3063 1194 3095 γ.
1222 3063 1272 3092 pu.
1300 3055 1402 3092 magis
1428 3054 1512 3084 Med.
1539 3054 1607 3084 rell.
1633 3054 1733 3092 magis
1759 3063 1807 3092 po.
1869 3054 1925 3092 27)
1952 3064 1977 3084 s.
2004 3054 2088 3084 mala
2118 3049 2122 3134 m

268 3122 307 3127 —
334 3114 359 3135 s.
386 3106 470 3137 bona
494 3117 520 3148 γ.
548 3108 617 3138 rell.
643 3118 703 3139 om.

2116 3327 2141 3412 ll
