2148 3412
201 951 241 982 10

201 1317 237 1348 15

196 2049 238 2080 25

265 152 320 191 30
903 155 1006 188 ACR.
1031 155 1090 186 ET
1115 153 1282 186 PORI‘H.
1310 151 1458 185 COMM.

378 284 444 324 45.
477 282 632 324 accidit.
693 278 903 321 Accidere
935 278 1050 319 solet.

379 364 504 397 testes.
566 352 815 395 Testiculos.

380 429 588 483 caudamq.
620 427 805 467 salacem.
880 424 1079 481 [Vir-gam
1110 421 1246 463 uirilis
1276 420 1489 476 membri]
1567 421 1730 462 Salaces
1770 420 1965 461 dicuntur
1994 419 2092 461 libi-

266 500 415 551 dinosi,
449 501 546 556 quia
577 499 707 540 libido
739 499 893 539 dicitur
923 497 1032 538 salsa
1063 510 1165 538 esse.
1226 496 1302 536 Hic
1333 501 1371 535 et
1402 494 1500 535 llaec
1530 502 1569 534 et
1606 494 1678 535 hoc
1716 493 1845 535 salax.
1909 494 2093 536 Salacem

268 573 408 631 [ergo]
442 573 723 615 libidinosam.
784 571 955 613 Dicitur
985 569 1096 610 enim
1127 567 1362 609 membrum
1394 567 1511 617 illud,
1544 567 1586 607 in
1618 581 1699 621 quo
1730 566 1863 608 libido
1896 574 1969 615 est,
2002 580 2093 608 esse

265 647 426 689 salsum.
490 648 571 688 Alii
601 662 625 687 a
657 645 845 688 saliendo
877 644 1022 686 dicunt
1054 640 1290 699 [salacem]

379 720 464 776 [46.
497 721 711 761 demeteret.
752 717 1049 760 Abscinderet.
1088 714 1250 764 Multis,
1269 713 1416 768 inquit,
1434 713 1560 755 etiam
1576 712 1717 755 uirilia
1734 719 1949 768 amputata
1966 711 2093 769 sunt.]

375 795 463 835 iure
494 807 637 834 omnes.
699 790 883 848 Supple:
915 791 1072 831 factum
1104 802 1194 830 esse
1225 786 1435 828 dicebant.

382 867 512 908 Galba
542 881 580 907 η.
641 864 783 907 Galba
813 864 916 906 iuris
953 862 1112 918 peritus
1151 867 1190 902 et
1228 860 1318 915 ipse
1356 866 1642 901 matronarum
1681 866 1872 908 sectator,
1920 858 1991 913 qui
2029 857 2094 899 di-

270 939 390 981 cebat
419 954 502 980 non
534 939 623 980 iure
652 938 822 987 factum,
854 944 897 978 ut
928 943 1052 977 testes
1083 940 1413 990 amputarentur,
1446 933 1544 988 quia
1575 932 1701 987 primi
1732 931 1927 974 adulterii
1959 946 2095 987 paena

264 1012 511 1068 pecuniaria
542 1020 646 1053 erat.

377 1087 443 1126 47.
477 1087 601 1127 tutior
632 1101 666 1125 (ι.
698 1101 730 1141 q.
764 1099 811 1125 m.
845 1099 874 1124 e.
936 1081 1106 1134 Quanto
1137 1081 1286 1122 melius
1318 1088 1379 1122 est
1410 1088 1449 1121 et
1479 1079 1607 1121 tutius
1637 1080 1697 1121 uti
1727 1078 1936 1121 libertinis
1960 1078 2095 1136 [com-

264 1158 481 1214 paratione
513 1157 740 1214 adulterii]
803 1155 889 1198 Sed
921 1155 1042 1196 dicit:
1075 1162 1189 1196 tanto
1221 1155 1383 1203 ardore,
1415 1154 1546 1194 fertur
1579 1151 1804 1194 Sallustius
1841 1152 2094 1207 (insanire?)

264 1231 307 1271 in
337 1230 568 1280 libertinas,
601 1238 756 1285 quanto
788 1230 958 1283 (ardore
975 1230 1126 1283 fertur)
1157 1227 1355 1269 moechus
1386 1226 1430 1267 in
1461 1234 1684 1268 matronas.
1743 1225 1833 1280 Ipsi
1865 1225 1977 1267 enim
2000 1224 2096 1267 Sal—
2141 1253 2144 1256 «

264 1303 387 1345 lustio
418 1304 460 1344 in
492 1310 636 1345 senatu
668 1319 691 1344 a
723 1302 966 1361 censoribus
997 1302 1075 1343 hoc
1106 1300 1315 1342 obiectum
1347 1308 1419 1342 est.
1480 1300 1590 1341 Tum
1622 1300 1690 1341 ille
1728 1314 1771 1341 se
1809 1314 1891 1340 non
1931 1306 2092 1341 matro-

263 1391 412 1418 narum
443 1378 517 1418 sed
546 1377 837 1418 libertinarum
870 1382 1117 1416 sectatorem
1149 1388 1239 1416 esse
1280 1380 1451 1415 testatus
1489 1381 1562 1424 est,
1609 1380 1648 1415 et
1688 1373 1783 1414 ideo
1823 1372 1912 1430 [ex]
1951 1379 2097 1414 senatu

266 1449 505 1507 [ex]pulsus
536 1456 608 1498 est,
643 1448 755 1503 quod
786 1455 957 1489 excusat
987 1448 1093 1488 idem
1124 1448 1165 1488 in
1200 1445 1410 1489 Catilinae
1441 1447 1596 1489 libello.
1669 1445 1827 1489 Sensus
1859 1454 1997 1488 autem
2027 1446 2097 1487 hic

263 1530 342 1564 est:
376 1522 482 1564 Dico
504 1523 630 1563 tutius
655 1537 757 1571 esse,
791 1529 833 1562 ut
854 1521 1076 1562 libertinae
1098 1520 1362 1576 adpetantur‚
1386 1520 1459 1562 sed
1481 1530 1520 1561 et
1544 1521 1587 1561 in
1609 1520 1713 1576 ipsis
1735 1520 1769 1562 si
1792 1520 1886 1575 quis
1908 1534 2095 1575 propen-

263 1596 348 1638 sior
378 1596 515 1645 fuerit,
547 1595 785 1644 infamatur,
817 1602 861 1635 ut
892 1593 1117 1635 Sallustius
1141 1592 1330 1648 Crispus.

378 1669 444 1710 50.
482 1670 572 1719 Qua
605 1683 667 1709 res
698 1683 731 1724 q.
765 1682 797 1708 r.
831 1683 860 1708 s.
936 1666 987 1707 In
1017 1666 1320 1724 Amz'qm'oribus
1351 1667 1522 1708 inuenio
1554 1682 1632 1723 qua
1663 1681 1736 1717 res,
1767 1674 1812 1709 ut
1844 1667 1897 1709 sit
1929 1681 2094 1709 sensus:

265 1744 304 1783 ιή
336 1750 530 1798 quantum
561 1756 635 1782 res.
696 1739 829 1782 Deest
860 1747 987 1789 tenus,
1034 1755 1083 1781 ac
1114 1740 1149 1781 si
1180 1740 1340 1782 diceret
1370 1749 1552 1789 eatenu33
1600 1755 1651 1782 ex
1683 1740 1953 1795 sequentibus
1984 1740 2096 1782 enim

262 1815 341 1857 hoc
371 1814 654 1870 intellegimus
686 1829 764 1870 qua
796 1829 871 1864 res,
906 1829 985 1871 qua
1016 1815 1133 1862 ratio,
1166 1822 1371 1868 quatenus
1403 1829 1480 1864 res,
1515 1821 1720 1869 quatenus
1750 1814 1871 1865 ratio,
1896 1822 1940 1855 ut
1970 1814 2034 1856 1ηό
2063 1815 2100 1856 si

262 1888 316 1929 ad
346 1889 466 1930 uellet
496 1887 733 1944 iungamus,
779 1896 820 1929 ut
853 1888 925 1929 sit:
973 1886 1021 1929 Si
1052 1887 1121 1929 hic
1151 1887 1277 1929 uellet
1309 1888 1441 1929 bonus
1478 1887 1628 1937 uideri,
1676 1887 1720 1928 id
1757 1895 1836 1929 est:
1871 1885 2096 1929 Sallustius

263 1961 297 2002 si
329 1961 454 2002 uellet
484 1976 532 2002 ea
571 1961 757 2011 ratione,
803 1976 886 2016 qua
922 1961 1110 2003 modeste
1145 1961 1206 2002 uti
1243 1960 1353 2009 licet,
1399 1961 1544 2016 largus
1581 1968 1706 2015 atque
1742 1960 1953 2017 benignus
1990 1975 2094 2011 esse,

264 2035 395 2084 daret,
430 2042 634 2089 quantum
665 2035 765 2076 satis
796 2042 917 2084 esset,
950 2042 989 2074 et
1020 2041 1222 2088 quantum
1253 2034 1346 2088 ipsa
1376 2048 1443 2075 res
1473 2033 1696 2088 flagitaret.

375 2109 440 2149 53.
472 2123 618 2149 uerum
639 2109 676 2148 h.
698 2124 727 2150 s.
751 2124 785 2148 a.
806 2123 846 2148 u.
907 2106 1005 2148 Hoc
1035 2106 1115 2148 sibi
1147 2107 1234 2148 solo
1266 2106 1479 2148 blanditur
1510 2107 1535 2147 i.
1559 2122 1592 2148 e.
1625 2123 1767 2149 amore
1788 2107 2094 2150 libertinarum.

375 2182 439 2222 55.
471 2189 516 2222 ut
545 2181 687 2236 quoad.
721 2181 778 2222 M.
811 2196 848 2221 α.
874 2182 920 2221 0.
984 2178 1123 2221 Ordo:
1154 2179 1215 2221 Ut
1246 2180 1470 2234 quondam,
1503 2180 1652 2235 inquit,
1684 2180 1906 2222 Marsaeus
1937 2181 2094 2222 amauit

262 2253 430 2294 mimam
464 2254 688 2308 quandam,
723 2252 948 2310 Originem
981 2253 1162 2303 nomine,
1195 2253 1237 2293 in
1270 2268 1395 2308 quam
1417 2253 1717 2308 patrimonium
1740 2269 1859 2296 suum
1881 2255 2092 2310 expendit.

400 2359 431 2396 1)
457 2359 528 2388 Ace.
553 2358 625 2388 solet
648 2359 735 2388 libri.
763 2357 787 2389 C
812 2359 919 2388 addit:
957 2362 993 2387 ut
1017 2358 1049 2387 in
1074 2358 1235 2387 adulterio
1262 2358 1454 2395 deprehensi
1480 2359 1632 2388 uirilibus
1663 2360 1841 2397 amputatis
1867 2360 2088 2391 dimittantur.

261 2415 341 2444 conf.
356 2424 386 2443 u.
405 2416 457 2443 46.
509 2415 542 2453 3)
569 2415 644 2452 quia
670 2432 709 2436 -—
738 2415 831 2444 salax
856 2424 908 2457 γφ.
936 2415 1004 2444 rell.
1031 2424 1090 2443 om.
1141 2414 1175 2453 5)
1204 2424 1279 2452 ergo
1305 2424 1363 2446 om.
1388 2423 1440 2458 γφ.
1490 2415 1524 2453 6)
1550 2416 1687 2446 salacem
1713 2426 1774 2446 om.
1798 2426 1851 2460 γφ.
1879 2416 1960 2447 Cum
1984 2426 2002 2459 γ
2026 2427 2093 2448 om-

261 2471 337 2499 nino
362 2470 440 2500 facit
464 2475 529 2501 uet.
556 2480 669 2500 manus
696 2471 754 2500 illa
777 2470 961 2501 Acroniana
985 2471 1017 2500 in
1044 2479 1077 2513 φ,
1116 2471 1178 2500 nisi
1205 2471 1289 2509 quod
1315 2471 1429 2500 habet:
1468 2472 1521 2502 hic
1553 2477 1583 2502 et
1614 2473 1693 2502 haec
1724 2477 1755 2503 et
1788 2475 1849 2503 hoc
1882 2474 1984 2504 salax.
2017 2475 2092 2504 libi-

261 2527 408 2556 dinosum
432 2528 596 2557 menbrum
621 2529 654 2558 in
680 2538 742 2566 quo
767 2532 815 2557 est
842 2528 945 2557 libido
971 2528 1092 2556 dicitur
1117 2536 1186 2557 esse
1213 2528 1343 2557 salsum.
1370 2529 1424 2557 alii
1452 2547 1492 2549 η-
1519 2530 1642 2560 dieunt.
1694 2530 1727 2568 7)
1753 2530 1823 2560 Hoc
1848 2531 1947 2562 schol.
1973 2540 2035 2560 om.
2061 2540 2089 2572 γ.

261 2583 296 2621 8)
325 2592 393 2613 esse
417 2594 477 2614 om.
504 2584 542 2615 C.
605 2584 640 2621 9)
667 2588 760 2614 matr.
788 2588 864 2613 sect.
890 2583 959 2626 γ,Ο.
986 2584 1056 2613 rell.
1085 2588 1162 2614 sect.
1203 2589 1296 2615 matr.
1361 2586 1415 2624 10)
1443 2586 1539 2624 primi
1560 2597 1586 2629 γ.
1613 2588 1683 2617 rell.
1710 2588 1821 2626 primo.
1891 2588 1946 2626 14)
1973 2591 2093 2626 quanto

260 2641 327 2669 ard.
353 2640 394 2669 fe.
421 2642 540 2670 moech.
566 2651 592 2682 γ.
619 2641 688 2670 rell.
715 2650 765 2679 qu.
792 2650 870 2670 moe.
896 2641 963 2670 ard.
990 2640 1104 2673 fertur.
1130 2651 1167 2684 φτ
1194 2642 1417 2672 Liber-{inarum
1433 2643 1508 2672 dico.
1537 2644 1658 2673 Sallust.
1685 2643 1792 2674 Tanto
1809 2644 1922 2674 ardore
1940 2644 2092 2674 adulterii

262 2696 364 2726 fertur
390 2698 545 2727 salustius
572 2698 601 2727 in
630 2698 808 2728 libertinas.
834 2702 942 2737 quanto
967 2708 1082 2728 moecrzs
1106 2698 1137 2727 in
1161 2703 1325 2735 matrona-5,
1353 2710 1413 2729 om.
1441 2700 1506 2729 ard.
1532 2700 1643 2729 fertur.
1671 2699 1712 2729 C:
1740 2718 1781 2720 —
1808 2718 1849 2721 ⁴-
1876 2700 1981 2730 fertur
2005 2702 2092 2731 enim

261 2752 435 2782 Sallustius
460 2758 553 2783 tanto
579 2754 689 2783 ardore
715 2753 892 2783 insanim'sse
924 2755 956 2784 in
988 2755 1164 2792 libertinas,
1198 2759 1317 2793 quanto
1347 2757 1498 2786 moechus
1533 2757 1566 2785 in
1596 2760 1768 2786 matronas.
1817 2757 1957 2787 Verbum
1982 2757 2090 2788 Hora·
2147 2750 2148 2754 Ἰ

261 2809 385 2837 tianum
412 2813 481 2846 pete
508 2820 567 2839 ex:
606 2810 767 2840 Salustius
795 2812 828 2840 in
855 2821 932 2850 quas
959 2812 1029 2841 Non
1054 2812 1160 2841 minus
1186 2811 1298 2841 insanit
1324 2822 1416 2850 quam
1444 2814 1496 2851 qui
1532 2814 1724 2845 moechatur.
1794 2814 1848 2853 15)
1876 2823 1909 2843 se
1935 2824 1998 2844 non
2021 2813 2090 2856 γ,Ο.

262 2865 329 2893 rell.
358 2874 419 2894 non
446 2876 489 2896 se.
560 2868 613 2905 16)
640 2876 680 2896 ex
706 2878 765 2897 om.
792 2877 817 2908 γ.
844 2869 954 2906 pulsus
979 2878 1005 2910 γ.
1030 2868 1099 2897 rell.
1126 2869 1284 2906 eoepulsus.
1311 2869 1416 2899 eiectus
1441 2868 1474 2899 C.
1506 2869 1624 2899 Pellere
1655 2874 1686 2900 et
1717 2870 1863 2908 ‘impellere
1895 2871 1990 2901 modo
2021 2880 2091 2901 cum

262 2923 553 2961 praepositionibus
579 2932 614 2951 esc
639 2924 773 2961 (eicere)
801 2928 832 2953 et
856 2924 891 2953 de
918 2924 1088 2962 (mouere).
1115 2926 1208 2954 modo
1234 2926 1302 2954 siue
1328 2927 1368 2955 iis
1395 2926 1620 2957 adhibebatur.
1688 2926 1743 2963 17)
1770 2926 1880 2957 libello
1904 2926 1991 2969 TCQ.
2018 2928 2091 2958 rell.

262 2979 355 3007 bello.
406 2980 462 3017 20)
489 2980 555 3009 inu.
583 2990 645 3018 qua
668 2990 717 3010 res
741 2991 758 3022 γ
784 2982 853 3011 rell.
880 2991 941 3019 qua
966 2991 1017 3011 res
1044 2982 1107 3011 imi.
1169 2982 1225 3021 21)
1251 2986 1382 3012 eatenus
1409 2994 1492 3013 omn.
1518 2984 1603 3013 libri.
1630 2983 1704 3013 uide
1719 2983 1802 3013 infra
1827 2992 1862 3013 ea
1885 2984 2004 3013 ratione
2019 2993 2089 3023 qua.

262 3035 290 3071 Q
314 3036 412 3064 tacite
438 3036 497 3064 inc.
522 3041 685 3073 quatenus.
735 3038 792 3076 22)
817 3042 848 3066 ἀι
872 3048 955 3067 omn.
983 3039 1068 3068 libri.
1095 3042 1121 3067 et
1145 3037 1183 3073 Q.
1234 3039 1292 3077 23)
1317 3039 1359 3068 acl
1382 3049 1440 3069 om.
1459 3040 1548 3069 vafh.
1598 3040 1654 3078 24)
1681 3041 1825 3070 modesto
1850 3050 1910 3082 -(,v.
1930 3041 1997 3069 rell.
2024 3050 2089 3070 mo-

263 3091 362 3126 (leste,
390 3095 421 3119 ut
450 3091 519 3120 Liu.
547 3092 646 3130 XXX,
673 3095 725 3122 42.
752 3095 837 3123 Plin.
864 3095 900 3123 E.
928 3094 952 3131 1,
983 3096 1032 3133 19,
1059 3095 1087 3124 3.
1139 3094 1194 3132 25)
1222 3095 1400 3132 flagitasset
1425 3106 1449 3137 γ.
1501 3096 1558 3134 26)
1586 3096 1652 3125 solo
1679 3096 1741 3125 sibi
1767 3095 1800 3125 C.
1850 3097 1908 3135 28)
1934 3096 2089 3135 impendit

264 3146 300 3176 C.
328 3148 501 3185 expendere
527 3148 558 3178 in
583 3149 712 3189 (lustin.
736 3150 807 3189 XII,
837 3152 892 3192 11)
918 3156 950 3182 et
974 3152 1146 3192 inpendere
1171 3151 1202 3181 in
1228 3152 1404 3183 dicebatur.
1430 3152 1495 3183 Cic.
1522 3152 1611 3182 Verr.
1637 3151 1690 3188 IV,
1719 3152 1773 3184 30.
