2148 3412
172 930 211 961 10

240 128 321 169 104
882 134 988 168 ACR.
1014 134 1074 167 ET
1099 133 1265 167 PORPH.
1291 132 1440 166 COMM.

238 275 372 316 aquae
403 267 464 302 est
494 258 656 315 inopia]
690 257 822 314 Apud
858 258 1079 301 Canusium
1109 256 1313 312 oppidum
1344 255 1572 311 lapidosus.
1645 254 1744 296 Hac
1773 253 1826 294 de
1857 267 1983 295 causa
2013 253 2066 295 ab
2121 242 2127 293 ⁸,

238 337 373 390 Aequo
405 335 525 375 {utico
557 332 708 373 emitur
738 332 859 386 panis
870 348 879 381 3
913 331 1106 373 similiter
1135 336 1175 371 et
1204 329 1265 371 ibi
1295 344 1405 384 aqua
1441 329 1570 380 deest,
1599 336 1645 370 ut
1680 328 1724 368 in
1761 329 1895 383 Aequo
1925 326 2066 368 tutico.

237 407 337 449 Post
359 407 540 463 Aequum
570 407 738 448 caticum
768 405 971 461 oppidum
996 403 1242 453 Canusium,
1274 401 1573 444 aduerbialiter
1594 400 1786 443 Canusi.-

351 483 416 523 93.
448 489 626 522 maestus.
687 478 869 535 Propter
900 479 1143 520 discessum.

352 556 417 595 94.
450 555 549 595 [mle
585 554 721 596 Rubos
763 555 834 607 ses.
869 567 984 609 peru.
1043 550 1209 593 Nomen
1245 549 1389 605 oppidi
1431 547 1631 605 [Italiae]
1693 548 1752 589 Hi
1776 547 1894 589 Rubi.
1954 545 2070 588 Hinc
2118 565 2119 574 ¹

237 634 385 683 putant
413 627 569 669 dixisse
615 628 828 683 Verqz‘lz'um
864 624 940 681 (G.
971 625 1007 676 Ι,
1039 625 1161 679 266):
1211 623 1352 680 [Nunc
1379 621 1534 678 faciles]
1567 622 1708 663 Rubea
1739 629 1903 663 texatur
1930 620 2069 676 sisenna
2122 645 2123 650 =

237 703 367 757 uirqa.

353 774 616 831 [eorruplius.
676 772 812 815 Nobis
842 772 1070 821 molestius,
1103 769 1348 827 difficilius]

352 849 416 889 96.
449 849 616 890 Postera
649 854 867 903 tempestas.
927 845 1152 887 Posterum
1181 850 1359 899 tempus,
1391 848 1561 898 postera
1587 841 1690 892 dies,
1723 847 1854 883 status
1885 840 1991 883 caeli
2024 840 2070 897 [i.

237 936 272 963 e.
305 921 540 978 serenitas]‚
572 921 653 963 hoc
683 928 763 962 est:
797 920 928 961 altero
958 919 1027 960 die
1057 932 1252 960 serenum
1279 917 1359 959 fuit
1388 916 1562 958 eaelum.

348 996 419 1036 uia
443 996 571 1051 peior.
644 993 748 1035 Post
776 993 967 1049 pluuiam
997 992 1110 1033 enim
1140 991 1224 1033 alio
1255 990 1324 1032 die
1359 990 1439 1032 iter
1475 990 1552 1032 fuit
1592 988 1927 1038 incommodum3
1973 1003 2070 1029 nam
2124 994 2126 1005 ¹

235 1068 381 1123 pluuia
411 1068 598 1110 nondum
629 1067 767 1108 infusa
798 1073 910 1108 terra
940 1065 1201 1107 tolerabilior
1233 1071 1305 1107 est.
2117 1119 2119 1125 y

350 1143 414 1183 97.
449 1143 553 1183 Rara·
570 1143 723 1183 moenia
738 1143 840 1197 pise.
910 1139 1054 1196 [Baris
1075 1139 1224 1181 ciuitas
1245 1137 1451 1194 Apuliae]
1477 1135 1641 1179 Ciuitas
1663 1143 1736 1187 est,
1769 1150 1876 1191 quae
1901 1135 2070 1192 [appel-
2127 1172 2129 1174 ,

234 1215 344 1257 latur
374 1214 551 1256 Barium
582 1214 640 1271 et]
673 1214 849 1256 Atbaris
881 1213 1035 1255 dicitur
1065 1212 1287 1267 hodieque,
1318 1218 1363 1253 ut
1384 1211 1490 1252 dixit
1517 1210 1817 1267 grammaticus
1838 1212 1874 1252 T
1872 1210 2070 1252 heotz‘stus.
2115 1226 2119 1271 ς

352 1290 416 1330 97.
451 1290 515 1331 98.
553 1289 700 1331 Gnatia
732 1289 902 1344 lymphis
934 1288 1065 1329 [ratis.
1124 1286 1207 1329 Vel
1238 1286 1336 1341 quia
1382 1291 1478 1341 eget
1523 1299 1645 1340 aqua,
1691 1283 1759 1325 uel
1803 1283 1902 1339 quia
1946 1283 2073 1325 habet
2122 1289 2125 1340 J

236 1362 390 1403 salsam
424 1362 620 1418 [aquam]
658 1369 730 1403 aut
759 1376 961 1403 amaram.

348 1436 454 1477 (ledit
483 1437 665 1491 risusque
686 1437 758 1477 z'oc.
819 1434 1020 1485 Risimus,
1052 1433 1201 1489 inquit,
1234 1432 1348 1488 quod
1378 1431 1617 1473 audiuimus
1638 1430 1752 1486 apud
1775 1429 1991 1482 Gnatiam,
2028 1431 2072 1472 in
2122 1448 2124 1450 ’

235 1509 317 1551 aris
351 1508 558 1565 [flammas
589 1509 679 1550 sine
709 1508 820 1565 ture]
854 1508 944 1550 sine
974 1508 1143 1549 flamma
1173 1513 1266 1548 tura
1297 1506 1500 1549 consumi.

350 1584 416 1624 99.
448 1584 529 1624 lim.
562 1597 692 1625 sacro.
753 1581 804 1622 In
835 1581 1005 1636 templo.

350 1657 442 1698 100.
475 1657 654 1698 Iudaeus
684 1656 840 1711 Apella.
898 1654 1046 1695 Finxit
1074 1668 1240 1704 nomen,
1273 1653 1394 1708 quasi
1416 1655 1500 1695 sine
1531 1653 1647 1710 pelle,
1679 1658 1751 1694 aut
1785 1658 1896 1694 certe
1918 1654 2071 1710 Apella,

236 1729 508 1771 circumcisus
540 1727 709 1784 Apella,
741 1728 813 1783 qui
844 1727 1114 1784 praeputium
1145 1742 1230 1769 non
1259 1726 1399 1768 habet.

349 1804 442 1844 101.
475 1803 565 1845 Non
597 1817 678 1856 eqo.
740 1802 952 1843 Lueretius
984 1801 1037 1842 de
1066 1800 1164 1842 Deo
1202 1800 1256 1857 (I,
1290 1800 1384 1856 61):
1430 1815 1502 1843 uec
1533 1801 1625 1843 bene
1652 1801 1880 1857 promeritis
1912 1801 2071 1857 capitur
2116 1786 2125 1792 ἡ

234 1891 308 1918 uec
340 1877 518 1931 tanqitur
548 1877 624 1917 ira.
2115 1874 2116 1881 ¹

347 1964 516 2005 namque
549 1950 640 1991 cleos
672 1949 804 1991 diclz‘cz'.
874 1947 1159 2004 [Secundum]
1193 1947 1350 2003 dogma
1379 1946 1690 2002 Epicureorum
1736 1947 1952 2004 [loquitur,
1999 1948 2072 2003 qui
2116 1986 2117 1990 ,

327 2066 362 2104 3)
388 2065 467 2096 Post
482 2083 522 2086 ω
536 2065 647 2095 eanusi
667 2068 698 2095 et
725 2065 760 2103 4)
780 2068 910 2102 propter
928 2064 1008 2094 disc.
1027 2073 1053 2105 γ.
1072 2064 1142 2093 rell.
1162 2073 1222 2093 om.
1273 2064 1307 2103 5)
1333 2064 1458 2094 Nomen
1473 2073 1544 2102 opp.
1564 2073 1592 2106 γ.
1612 2064 1682 2094 rell.
1701 2064 1865 2103 Oppidum
1884 2070 1932 2095 est
1944 2065 2070 2095 Italiae.

235 2122 278 2151 Hi
304 2122 387 2151 Rubi
412 2133 429 2164 γ
454 2123 497 2160 gl.
522 2123 592 2151 rell.
619 2132 680 2151 om.
732 2122 766 2161 6)
794 2122 862 2151 dix.
888 2122 971 2159 uirg.
996 2130 1023 2162 γ.
1052 2122 1121 2150 rell.
1153 2121 1237 2159 uirg.
1263 2122 1334 2150 (lix.
1354 2121 1504 2150 —Nunc
1528 2120 1588 2150 fac.
1617 2131 1677 2151 om.
1703 2130 1730 2162 γ.
1787 2122 1822 2161 8)
1849 2122 1945 2151 schol.
1964 2131 2025 2151 om.
2041 2131 2069 2164 γ,

238 2179 294 2218 10)
322 2179 341 2207 1.
369 2188 394 2208 θ.
421 2180 581 2208 serenitas
607 2188 667 2208 om.
693 2187 720 2220 γ.
747 2178 804 2206 hoc
830 2195 870 2198 —-
897 2178 1019 2207 caelum
1044 2187 1070 2219 γ.
1096 2177 1165 2206 rell.
1193 2188 1254 2208 om.
1307 2178 1361 2217 11)
1388 2178 1464 2207 Post
1490 2178 1635 2215 pluuiam
1660 2177 1737 2207 enim
1761 2178 1825 2207 alio
1849 2188 1875 2220 γ.
1901 2179 1972 2208 rell.
1997 2179 2072 2208 Post
2116 2162 2118 2167 λ

237 2235 392 2273 pluuium.
419 2234 507 2272 Alio,
534 2245 596 2265 om.
621 2235 717 2264 enim.
770 2235 824 2273 13)
852 2232 979 2263 Ciuitas
1005 2238 1053 2263 est
1077 2233 1236 2271 XG,mva.
1264 2244 1324 2264 om.
1349 2244 1375 2276 γ.
1404 2234 1481 2264 Bari
1507 2235 1623 2264 ciuitas
1641 2234 1780 2273 Apuliae
1796 2234 1863 2270 th
1883 2234 1991 2275 (Baris
2008 2236 2069 2265 eiu.

234 2291 326 2330 Ap.).
353 2291 436 2320 conf.
464 2290 507 2321 C:
530 2291 659 2320 Barium
682 2291 799 2320 ciuitas
825 2294 873 2319 est
900 2290 1048 2328 Apuliae,
1086 2291 1151 2320 alia
1176 2295 1284 2321 autem
1314 2294 1363 2321 est
1400 2300 1481 2330 quae
1519 2290 1738 2321 Grammatico
1775 2291 1946 2321 Theotisto
1983 2292 2071 2322 dicta
2110 2318 2118 2335 Ι.

236 2352 285 2377 est
311 2348 414 2378 Baris.
440 2348 533 2378 Baris
560 2349 621 2377 eiu.
647 2348 709 2386 Ap.
738 2347 778 2382 Q.
806 2347 875 2377 rell.
904 2357 964 2376 om.
990 2347 1067 2376 bari.
1093 2348 1210 2386 oppidi.
1236 2349 1327 2378 barri
1352 2349 1371 2378 b
1396 2348 1492 2378 Bern.
1518 2348 1543 2377 Β
1570 2358 1641 2378 cum
1666 2348 1711 2387 gl.
1737 2348 1836 2378 uillae.
1863 2349 1895 2377 111
1920 2349 2005 2385 aliis,
2035 2352 2072 2379 ut

234 2404 275 2441 D,
301 2405 357 2434 alt.
384 2414 520 2433 erasum.
548 2405 630 2434 conf.
657 2403 844 2433 Grotefend.
871 2403 975 2433 Rhen.
1001 2403 1085 2433 Mus.
1115 2405 1212 2434 1845.
1233 2414 1261 2443 p.
1285 2406 1357 2434 149.
1425 2404 1484 2444 14)
1508 2405 1625 2443 appell.
1651 2405 1786 2434 Barium
1810 2403 1887 2440 th.
1913 2405 1982 2434 rell.
2010 2414 2068 2435 om.

234 2460 356 2490 Albai-is
381 2470 407 2502 γ.
434 2462 560 2491 aebaris
585 2460 624 2489 X.
649 2460 778 2490 (albaris
805 2460 910 2498 G‚mv.
938 2461 1077 2491 Adbares
1102 2471 1129 2490 a.
1158 2480 1197 2483 -
1224 2463 1414 2493 Theotiscas
1438 2463 1476 2492 X.
1503 2463 1574 2492 rell.
1609 2462 1801 2493 Theotistas.
1827 2462 2004 2492 Theostitus
2028 2472 2069 2493 m.
2118 2484 2121 2488 -

233 2527 251 2559 γ
276 2518 384 2547 addit:
411 2518 515 2547 Aliter.
542 2519 660 2547 ciuitas
685 2528 735 2556 ap.
762 2528 791 2556 q.
820 2528 845 2547 a.
872 2519 1008 2548 barium.
1074 2519 1130 2558 15)
1156 2519 1309 2549 Notanda
1346 2520 1444 2550 lectio
1485 2520 1598 2549 Gratia
1634 2520 1666 2548 in
1701 2519 1784 2562 szD
1823 2528 1892 2548 cum
1929 2520 2069 2550 scholio:
2120 2543 2123 2546 >

233 2573 405 2612 Significat
431 2576 465 2604 111
491 2575 644 2604 honorem
675 2575 808 2604 Gratiae
834 2575 888 2604 illo
915 2575 949 2604 in
977 2575 1046 2605 loco
1072 2585 1161 2605 aram
1187 2585 1256 2606 esse
1282 2580 1498 2606 constructam
1525 2577 1563 2605 de
1582 2586 1644 2614 qua
1662 2579 1730 2605 erat
1747 2576 1854 2613 opinio
1872 2576 1956 2614 quod
1973 2575 2070 2614 lignis
2114 2599 2116 2609 ,

236 2632 448 2669 superpositis
475 2635 505 2661 et
531 2636 603 2661 ture
629 2632 715 2670 ignis
735 2632 842 2661 subito
860 2632 1030 2661 adueniret
1047 2633 1102 2670 qui
1121 2633 1343 2671 conflagraret.
1363 2630 1489 2676 (BeD).
1507 2632 1560 2675 Βφ
1578 2636 1732 2671 pergunt:
1761 2631 1853 2667 Quod
1872 2633 1946 2670 quia
1964 2642 2069 2662 coram

236 2696 269 2716 se
294 2697 356 2717 non
382 2689 556 2726 contingit.
583 2688 791 2717 deridendam
817 2697 888 2717 esse
914 2688 997 2717 hanc
1022 2689 1208 2726 opinionem
1234 2690 1384 2719 affirmat.
1432 2689 1470 2718 In
1496 2699 1557 2728 quo
1586 2690 1656 2719 loco
1693 2689 1828 2727 penuria
1863 2698 1965 2727 aquae
2002 2691 2069 2718 erat

234 2744 318 2772 unde
345 2745 424 2773 dicit
451 2745 495 2773 ibi
522 2743 630 2773 limfas
657 2745 756 2773 iratas
782 2753 852 2773 esse
879 2745 888 2773 i
915 2745 1113 2783 dedignatas
1139 2745 1235 2774 fluere
1262 2750 1293 2775 et
1314 2745 1448 2785 qratiam
1472 2755 1527 2783 pro
1553 2754 1606 2774 ara
1634 2745 1736 2783 ipsius
1754 2745 1870 2783 posuit,
1897 2754 1978 2783 quae
2002 2749 2069 2775 tres

235 2799 385 2828 dicuntur
411 2810 489 2829 esse.
542 2802 597 2839 16)
623 2801 739 2829 salsam
765 2804 816 2829 aut
840 2810 900 2831 am.
928 2810 978 2838 aq.
1002 2810 1029 2842 γ.
1049 2801 1117 2830 rell.
1146 2802 1220 2830 sals.
1247 2812 1295 2840 aq.
1322 2807 1348 2831 et
1372 2812 1433 2831 am.
1488 2802 1542 2840 18)
1569 2802 1636 2830 sine
1661 2801 1788 2830 flamma
1825 2805 1896 2831 tura
1932 2811 1958 2843 γ.
1997 2802 2067 2831 rell.

236 2855 378 2884 flammas
405 2857 473 2886 sinc
499 2861 569 2886 ture
595 2856 702 2894 (tlcure
727 2855 853 2895 mafh)
906 2855 962 2895 19)
987 2856 1024 2885 In
1050 2857 1170 2895 templo
1195 2856 1258 2898 γ,Ο.
1285 2858 1353 2886 rell.
1380 2868 1439 2887 om.
1506 2858 1563 2896 20)
1590 2857 1695 2887 Schol.
1723 2867 1764 2886 ex
1789 2867 1815 2899 γ.
1843 2855 2067 2898 mvan(G‘?):
2106 2865 2110 2880 1

236 2911 347 2940 Finxit
376 2930 413 2932 »ν-
438 2912 553 2949 Apella
579 2912 655 2950 (om.
681 2913 885 2942 circumcisus
912 2911 1054 2951 Apella),
1082 2913 1157 2951 quia
1182 2923 1226 2951 pr.
1252 2923 1281 2942 11.
1308 2915 1417 2943 habet.
1445 2913 1482 2944 C:
1524 2923 1640 2944 nomen
1653 2913 1772 2952 fictum,
1798 2914 1890 2952 quasi
1915 2931 1957 2934 —
1983 2917 2068 2944 certe
2122 2927 2124 2931 ·

235 2968 344 3005 apella,
371 2968 586 3006 circumcisus,
614 2980 644 3006 q.
672 2978 701 3006 p.
728 2979 758 2998 11.
785 2970 894 2998 habet.
920 2970 959 2998 h:
990 2968 1074 2998 Crecl.
1100 2968 1166 2998 Jasl.
1193 2969 1329 3007 appella:
1356 2971 1488 3008 Appella
1513 2970 1597 3009 quod
1622 2970 1738 3008 pellem
1763 2970 1794 2999 in
1824 2974 1912 3008 parce
1944 2969 2070 3009 yenitali
2124 2980 2126 2983 ’

236 3033 300 3053 non
326 3025 450 3053 haheat.
477 3025 558 3053 conf.
585 3025 699 3062 Porph.
751 3024 808 3064 21)
835 3025 929 3067 quly.
950 3026 1017 3054 rell.
1045 3024 1130 3063 quia.
1181 3025 1238 3063 22)
1258 3027 1439 3063 promeritis
1465 3036 1491 3068 γ.
1522 3030 1618 3064 reete,
1645 3036 1724 3056 non:
1751 3036 1807 3064 pro
1824 3026 1956 3055 meritis.
2007 3025 2064 3065 24)

235 3080 440 3117 Hoenigerus
465 3081 495 3109 11.
523 3081 543 3109 l.
571 3081 805 3120 Porphyrionis
831 3082 929 3111 schol.
956 3082 1075 3120 posuit,
1112 3085 1207 3119 atque
1232 3081 1307 3111 huic
1331 3091 1432 3120 usque
1457 3083 1496 3111 ad
1523 3083 1618 3112 finem
1650 3083 1746 3112 huius
1780 3083 1898 3113 satirae
1930 3082 2065 3113 Aeronis

237 3137 457 3174 expositiones
483 3137 679 3175 adsignauit,
706 3147 768 3168 non
794 3138 973 3168 Fabricius.
999 3137 1180 3168 Secundum
1205 3147 1265 3167 om.
1291 3147 1317 3179 γ.
1344 3138 1488 3177 loquitur
1514 3157 1555 3160 -—
1581 3149 1656 3169 eura
1681 3149 1742 3169 om.
1768 3148 1794 3181 γ.

712 3182 727 3200 ⁸
