2148 3412
185 151 266 192 262
823 160 927 192 ACR.
955 159 1014 190 ET
1040 158 1205 190 PORPH.
1232 158 1379 190 COMM.

183 286 299 327 tabat
329 286 381 326 dc
413 283 682 332 continentia,
715 282 934 338 pudicitia,
971 281 1142 331 iustitia,
1174 281 1453 337 temperantia
1474 288 1514 322 et
1534 280 1757 322 sobrietate
1779 279 2015 334 diciturque

183 358 369 413 insignia
399 356 590 398 luxuriae
621 355 881 411 deposuisse,
929 370 1022 397 cum
1067 355 1214 396 fuisset
1256 354 1498 409 philosophi
1541 353 1729 395 oratione
1774 360 2015 395 commotus.

181 431 282 473 Fuit
313 438 451 472 autem
482 429 750 472 Xenocrates
781 428 1057 484 philosophus
1101 428 1487 470 continentissimus
1531 437 1571 468 et
1616 426 1793 477 sobrius,
1839 426 1891 467 de
1936 441 2016 481 quo

181 505 286 546 Lais
317 504 516 546 meretrix
547 503 818 560 sponsionem
853 504 1023 553 fecerat,
1070 502 1184 557 quod
1231 517 1326 543 eum
1366 502 1421 542 ad
1466 516 1562 543 suos
1607 500 1834 543 sollicitare
1878 508 2016 555 posset

116 590 134 619 5
183 578 429 620 concubitus
448 578 542 635 [et]
574 577 709 622 Nocte
731 577 912 631 quadam
946 584 1146 618 terrorem
1178 576 1299 616 finxit
1330 583 1370 617 et
1400 575 1590 630 confugit
1620 575 1673 616 ad
1704 589 1799 615 eum
1829 582 1869 615 et
1899 575 2018 628 quasi

182 652 429 694 necessitate
460 658 581 694 nocte
611 652 691 693 hac
722 666 817 693 cum
848 665 897 692 eo
928 649 1093 691 mansit.
1152 649 1229 690 Ille
1260 649 1476 690 inmobilis
1506 648 1647 699 iacuit,
1680 654 1775 703 post
1804 648 1904 689 dum
1935 648 2017 689 sol-

180 741 279 767 uere
311 733 533 782 cogeretur
578 725 860 780 sponsionem,
906 723 1143 780 respondit:
1189 722 1287 779 Ego
1334 722 1385 764 de
1430 722 1613 773 homine,
1658 737 1742 764 non
1787 721 1840 763 de
1885 729 2019 763 statua

185 799 455 854 sponsionem
485 799 579 840 feci.

290 888 423 930 ponas
452 874 637 928 z'nszym'a.
698 870 905 926 Deponas
936 871 1215 913 instrumenta
1244 870 1449 912 luxuriae.

119 956 158 987 10
290 955 427 1003 polus.
486 945 659 987 Ebrius.
690 944 975 1000 participium.

297 1029 342 1062 ul
370 1021 450 1062 ille.
512 1017 687 1061 Scilicet
715 1018 934 1060 Polemon.

297 1094 390 1135 255.
423 1093 643 1135 Fasciolas.
721 1090 1007 1148 [Ornamenta
1037 1090 1222 1146 capitum
1261 1105 1356 1132 cum
1386 1090 1553 1147 mitris]
1617 1089 1784 1143 Quibus
1829 1089 2020 1146 ligabant

183 1167 326 1222 pedes,
360 1166 448 1208 siue
480 1165 667 1215 brachia,
701 1165 790 1207 siue
823 1164 1033 1207 articulos.

300 1241 462 1283 cubz'cal.
524 1238 735 1282 Ceruical.

115 1324 156 1355 15
294 1316 458 1369 focalia.
520 1313 732 1370 [Torques
762 1312 849 1370 uel]
885 1311 1090 1362 Coronas,
1123 1327 1229 1367 quas
1259 1311 1474 1353 habebant
1503 1311 1547 1352 in
1578 1311 1697 1353 collo.

297 1389 390 1430 257.
421 1389 617 1444 inpransi.
678 1385 839 1437 Jeiuni,
872 1386 1104 1428 antitheton
1127 1395 1265 1442 polus,
1298 1384 1441 1441 rigidi,
1473 1384 1618 1435 sobrii,
1651 1384 1798 1426 seueri.

296 1463 390 1504 258.
423 1462 607 1515 Porriqz's
638 1462 741 1502 irato
766 1475 909 1517 puero.
970 1459 1032 1502 Ut
1068 1459 1272 1509 ostendat,
1318 1474 1403 1500 non
1448 1473 1538 1501 esse
1582 1473 1730 1500 sanum
1777 1464 2019 1507 amatorem,

181 1536 365 1577 ostendit
396 1535 630 1591 (probaffl),
669 1534 844 1590 paribus
875 1547 965 1575 esse
996 1532 1184 1575 moribus
1215 1540 1443 1574 amatorem
1466 1539 1504 1574 et
1526 1547 1716 1587 puerum.

296 1610 390 1651 259.
422 1609 555 1657 Smne,
588 1608 739 1651 catelle.
800 1607 992 1649 Verbum
1023 1606 1279 1648 blandientis
1311 1614 1383 1648 est.

113 1691 155 1723 20
296 1684 532 1724 259—262.
566 1691 726 1724 amator
749 1682 958 1723 Eaeclasus
989 1683 1060 1737 qai
1088 1681 1205 1722 distat
1221 1706 1275 1710 ——
1298 1689 1333 1722 et
1353 1681 1491 1722 haeret
1513 1680 1663 1722 Imcz‘sis
1682 1680 1854 1734 foribus.
1917 1679 2020 1736 [Te-

180 1756 564 1811 1⁴entianum*)h0c
587 1755 680 1812 est]
745 1753 896 1810 Stupet
929 1754 1090 1796 defixus
1114 1761 1153 1795 et
1175 1761 1253 1796 stat
1285 1760 1381 1796 ante
1412 1753 1610 1796 molestas
1641 1753 1721 1796 sibi
1751 1753 1862 1796 fores
1896 1753 2019 1810 [aut],

181 1844 233 1871 ex
265 1829 419 1885 quibus
449 1829 528 1871 fuit
561 1828 696 1886 [ante]
736 1828 943 1871 exclusus.

297 1905 391 1957 ayz't.
452 1902 690 1944 Deliberat.

294 1978 388 2018 263.
420 1978 587 2019 mediter
615 1977 735 2032 finire
767 1977 936 2018 labores.
996 1974 1116 2027 Quos
1147 1975 1295 2030 patior,
1328 1975 1449 2029 quasi
1480 1982 1655 2026 amator,
1688 1976 1850 2031 pudore
1882 1976 2019 2017 deter-

114 2061 155 2092 25
180 2051 298 2102 ritus,
330 2065 383 2092 ne
415 2050 510 2105 quis
541 2049 771 2106 intellegat,
804 2064 899 2091 eum
940 2049 1068 2090 fuisse
1090 2049 1366 2091 luxuriosum.

298 2125 393 2168 265.
424 2139 504 2167 non
527 2125 657 2181 paulo
689 2139 772 2180 sap.
832 2122 970 2165 Multo
1001 2121 1245 2178 sapientior.

295 2322 330 2360 2)
348 2321 531 2360 philosophi
545 2321 692 2350 oratione
708 2330 734 2362 γ.
753 2320 823 2350 rell.
842 2318 1062 2357 philosophiae
1079 2320 1219 2349 ratione.
1270 2319 1305 2358 3)
1325 2319 1630 2349 continentissimus
1648 2319 1706 2360 ·(,C
1726 2323 1757 2349 et
1774 2320 1859 2350 Petr.
1880 2319 1966 2350 Pith.
1987 2320 2020 2349 in

182 2377 276 2407 Grut.
302 2378 414 2416 Lamp.
441 2377 482 2414 ΙΙ,
510 2387 538 2415 p.
560 2378 623 2406 768
650 2376 720 2405 Lib.
739 2377 764 2413 Ι,
788 2377 836 2405 18.
865 2376 980 2414 uulgo:
1006 2376 1169 2406 continens
1192 2374 1290 2405 nimis.
1318 2380 1349 2405 et
1375 2377 1500 2405 sobrius
1525 2386 1551 2417 γ.
1570 2376 1638 2405 rell.
1657 2386 1717 2406 om.
1767 2376 1802 2415 4)
1828 2377 1862 2406 ozi
1885 2386 1955 2406 eum
1980 2377 2020 2406 ad

181 2443 254 2464 suos
282 2435 472 2464 sollicitaret
495 2434 697 2463 concubitus.
724 2433 811 2462 Pith.
838 2433 858 2461 l.
886 2433 905 2461 l.
971 2433 1006 2471 5)
1033 2437 1065 2462 et
1091 2442 1151 2461 om.
1177 2441 1204 2473 γ.
1270 2432 1304 2470 G)
1332 2434 1515 2462 necessitate
1539 2437 1620 2462 nocte
1643 2433 1700 2462 hac
1725 2442 1752 2474 γ.
1780 2433 1847 2462 rell.
1876 2444 1935 2463 om.
1963 2442 2019 2462 ne-

181 2491 343 2520 cessitate.
372 2489 446 2525 GQ:
481 2490 678 2519 necessitate
703 2493 818 2519 coacta.
847 2506 888 2509 —
910 2492 980 2527 post
1002 2497 1028 2529 γ.
1055 2488 1124 2517 rell.
1153 2492 1262 2525 postea
1285 2498 1354 2518 cam
1380 2488 1418 2524 Q.
1447 2489 1515 2519 rell.
1541 2489 1623 2518 dum.
1649 2494 1744 2526 recte,
1771 2494 1806 2519 ut
1832 2500 1927 2528 supra
1951 2499 2017 2520 sae-

181 2547 264 2583 pius.
316 2546 349 2584 7)
379 2556 438 2584 ego
462 2556 526 2575 non
552 2546 590 2574 de
617 2546 746 2575 homine
773 2554 835 2574 non
860 2554 886 2586 γ.
907 2545 975 2574 rell.
996 2554 1056 2574 om.
1083 2544 1120 2573 de
1144 2543 1259 2573 homine
1284 2545 1440 2575 articulos
1465 2555 1490 2586 γ.
1518 2546 1587 2575 rell.
1607 2556 1668 2576 om.
1718 2547 1752 2585 9)
1775 2555 1873 2584 ponas
1898 2547 1947 2576 de.
1974 2546 2019 2576 in-

179 2602 278 2641 siynia
303 2603 451 2632 instrum.
480 2602 546 2631 lux.
574 2611 599 2642 γ.
626 2602 695 2630 rell.
721 2611 781 2630 om.
851 2601 905 2638 10)
926 2605 1016 2639 potus
1043 2601 1107 2629 ebr.
1135 2600 1246 2637 partic.
1271 2610 1298 2642 γ.
1326 2602 1394 2631 rell.
1421 2612 1480 2632 om.
1548 2603 1604 2641 11)
1628 2606 1661 2632 ut
1682 2603 1732 2632 ille
1757 2612 1781 2632 s.
1807 2603 1876 2632 Pal.
1903 2612 1928 2643 γ.
1965 2603 2019 2632 im-

176 2660 304 2696 pransi.
343 2659 442 2689 sobrii
481 2659 533 2687 ici.
561 2659 621 2695 rig.
650 2659 766 2694 seueri⁷
808 2662 839 2687 et
864 2662 913 2687 est
939 2653 1106 2688 ἀντίθυτον
1132 2657 1213 2686 ebrii
1239 2666 1295 2687 seu
1321 2659 1388 2695 poti
1415 2658 1450 2688 G.
1478 2659 1546 2688 rell.
1572 2669 1633 2689 om.
1700 2659 1756 2697 12)
1785 2659 1950 2689 Fasciolas
1975 2676 2018 2681 —-

181 2717 286 2745 mitris
312 2726 372 2745 om.
390 2725 417 2757 γ.
444 2714 566 2750 Quibus
594 2732 633 2734 »--
660 2714 822 2744 anticulos
847 2724 875 2755 γ.
903 2714 971 2743 rell.
998 2724 1058 2743 om.
1112 2713 1167 2751 15)
1195 2714 1339 2752 Torques
1364 2716 1416 2745 uel
1443 2726 1504 2746 om.
1529 2725 1554 2757 γ.
1575 2716 1737 2746 *habeat
1760 2716 1806 2746 fh.
1860 2717 1914 2755 16)
1938 2715 2017 2754 inpr.

183 2788 222 2793 -—
249 2772 350 2801 seueri
373 2781 400 2813 γ.
426 2772 494 2801 rell.
522 2781 582 2801 om.
649 2772 703 2810 17)
730 2771 776 2801 Ut
802 2789 816 2791 e
833 2789 841 2791 ζ
868 2776 1041 2800 amatorem
1065 2769 1299 2811 -sG<Q)mvafh.
1334 2773 1442 2802 Iterum
1467 2777 1501 2802 ut
1527 2777 1589 2802 ost.
1618 2782 1681 2802 non
1706 2782 1731 2801 e.
1759 2782 1818 2801 am.
1846 2782 1959 2802 sanum
1984 2772 2016 2802 C.

186 2828 240 2864 18)
267 2828 407 2858 ostendit
432 2837 546 2869 ·(,mv;1.
573 2828 686 2865 probat
711 2826 744 2857 C.
771 2837 821 2865 pa.
849 2837 874 2856 e.
902 2837 977 2857 mor.
1000 2826 1113 2865 proban
1129 2837 1188 2856 om.
1209 2831 1239 2856 et
1267 2837 1318 2865 pu.
1348 2828 1391 2858 fh.
1441 2829 1500 2868 20)
1526 2829 1598 2858 Ter.
1624 2829 1684 2859 hoc
1710 2834 1755 2858 est
1782 2838 1843 2859 om.
1869 2828 1936 2871 ·(,C.
1963 2832 2018 2858 aut

183 2894 243 2912 om.
261 2894 277 2924 γ
292 2883 325 2912 C.
345 2889 419 2913 aute
437 2895 497 2914 om.
523 2884 592 2925 ·(,C‚
619 2885 673 2923 qui
700 2885 814 2913 habet:
841 2884 894 2913 ubi
923 2888 991 2913 erat
1017 2884 1178 2913 exclusus.
1205 2883 1335 2913 Lemma
1360 2889 1530 2914 amator—
1556 2885 1647 2915 discat
1669 2886 1875 2923 amplificaui.
1903 2885 2017 2923 Stupet

183 2940 310 2968 defixus
338 2946 367 2969 ct
394 2945 457 2970 stat
476 2951 500 2982 γ.
529 2942 619 2978 Stup.
639 2945 669 2969 et
697 2944 761 2970 stat
788 2941 850 2969 def.
880 2940 914 2970 C.
935 2940 1004 2969 rell.
1024 2941 1144 2969 Haeret.
1165 2940 1384 2979 Stupetfimcs.
1436 2943 1492 2980 21)
1519 2941 1641 2971 defixus
1666 2951 1691 2982 γ.
1718 2942 1787 2970 rell.
1816 2943 1909 2970 fixus.
1960 2942 2015 2979 24)

183 2996 321 3025 Mediter
392 3004 512 3026 amator
537 3007 561 3037 γ.

182 3071 222 3073 ψ-
243 3053 455 3083 luxuriosum.
483 3055 521 3082 Et
545 3058 603 3083 stat
627 3059 703 3083 ante
721 3055 793 3083 mol.
813 3059 872 3083 etc.
899 3053 1020 3083 mvafli.
1047 3054 1128 3083 conf.
1155 3055 1252 3084 schol.
1279 3055 1482 3093 praecedens.
1532 3055 1589 3093 27)
1614 3065 1684 3084 nam
1702 3055 1796 3092 paulo
1813 3063 1839 3095 γ.
1857 3063 1915 3083 non
1932 3063 2014 3084 omn.

582 2998 650 3028 rell.
670 3008 731 3027 om.
783 3015 787 3017 —
808 2997 877 3032 Quo
894 2996 1012 3035 spatior
1030 3006 1081 3034 qu.
1107 3001 1231 3026 amator
1255 3007 1281 3039 γ,
1311 2998 1397 3034 Quos
1419 2998 1520 3036 patior
1544 3002 1666 3027 amator
1692 2997 1726 3027 C.
1753 2998 1822 3027 rell.
1849 3008 1908 3027 om.
1958 2998 2016 3036 25)

184 3110 266 3139 libri.
295 3110 396 3139 Multo
424 3120 488 3147 sap.
509 3121 524 3151 γ
544 3117 571 3139 et
592 3110 625 3148 C,
653 3113 707 3150 qui
733 3112 838 3141 addit:
866 3111 992 3141 consulit
1015 3111 1096 3140 hero.
1125 3112 1192 3140 rcll.
1220 3122 1280 3141 om.
1330 3111 1360 3149 ⁴⁴²)
1386 3111 1456 3140 Ter.
1483 3111 1566 3140 Eun.
1595 3111 1620 3147 I,
1650 3112 1677 3147 l,
1708 3113 1717 3140 1
1746 3130 1750 3131 ν
1773 3112 1801 3139 4.
1832 3112 1880 3139 11.
1910 3111 1984 3140 265.
