2148 3412
152 927 189 959 10

150 1296 191 1327 15

211 123 294 164 404
824 129 930 163 Aca.
980 129 1039 161 ET
1065 128 1235 161 PORPH.
1261 128 1409 161 COMM.

325 257 390 298 62.
425 256 579 298 Caerite
611 269 715 296 cera.
791 251 1032 295 Caeritibus
1064 251 1212 294 ciuitas
1242 250 1433 294 Romana
1464 251 1524 293 sic
1555 251 1665 300 data,
1710 258 1756 292 ut
1785 267 1870 294 non
1899 252 2045 295 liceret

212 330 272 371 eis
303 328 553 384 suffragium
583 327 706 376 ferre,
749 326 848 381 quia
878 332 973 381 post
1003 325 1144 366 datam
1176 325 1267 366 ausi
1297 331 1392 366 sunt
1423 324 1641 375 rebellare,
1686 324 1865 381 ideoque
1896 340 2045 368 census

212 389 430 444 eorum-in
462 400 627 441 tabulas
658 399 779 440 relati
811 414 835 440 a
866 407 1127 440 caeterorum
1159 398 1354 440 censibus
1384 398 1534 440 remoti
1578 405 1709 440 erant.
1786 397 1860 440 Sic
1888 398 2045 440 factum

211 483 286 524 est,
317 482 375 525 ut,
408 474 481 529 qui
513 472 675 528 aliquid
703 472 962 527 flagitiosum
993 472 1232 522 admiserat,
1278 471 1322 512 in
1354 471 1519 513 tabulas
1552 469 1769 513 Caeritum
1808 472 2044 514 referretur.

213 559 401 589 ALITER:
439 548 563 590 Caere
593 545 797 602 oppidum
828 546 872 586 in
903 545 1038 595 Italia,
1071 560 1167 599 quo,
1206 552 1330 600 capta
1360 560 1384 585 a
1416 543 1554 586 Gallis
1584 544 1701 594 urbe,
1749 559 1870 586 sacra
1899 552 2045 587 trans-

212 621 297 663 lata
328 626 434 662 sunt.
493 619 580 660 Pro
611 634 692 674 quo
722 618 928 661 beneficio
958 624 1104 674 postea
1134 618 1347 660 ciuitatem
1363 617 1600 659 Romanam
1620 617 1786 668 meruit,
1816 617 1874 659 ita
1894 625 2046 669 tamen,

213 695 302 750 (ut*
321 694 419 746 ne?)
443 708 494 734 ne
516 692 766 748 suffragium
786 693 924 733 ferret.
983 691 1071 733 Hic
1091 698 1239 733 ‘autem
1275 691 1428 733 Caerite
1459 705 1552 733 cera
1583 690 1686 732 dicit
1705 706 1783 746 pro
1804 697 1903 733 nota
1923 698 1964 733 et
1982 691 2048 733 in-

212 767 354 817 famia,
387 766 460 821 qui
492 772 665 821 propter
695 765 974 821 ignominiam
1006 764 1256 820 suffragium
1287 764 1397 805 ferre
1427 778 1512 806 non
1542 770 1725 819 possent.

329 841 393 881 62.
427 840 492 881 63.
530 839 643 881 Caer.
678 852 767 880 cera
798 839 936 893 Diqni.
995 837 1108 880 Nota
1137 838 1349 880 infamiae.
1408 837 1548 894 Digni
1578 837 1830 893 ignominia.

330 911 478 970 [Cerite
510 927 615 954 cera.
691 910 855 953 Cerites
886 911 1034 967 populi
1066 918 1174 961 sunt,
1221 926 1325 966 quos
1356 925 1451 953 eum
1485 910 1687 953 uicissent
1715 910 1911 962 Romani,
1956 918 2046 953 sta—

214 992 394 1036 tuerunt,
426 993 471 1027 ut
500 1000 730 1040 numquam
759 984 876 1041 leges
908 985 1080 1026 ederent
1109 999 1187 1026 nec
1207 984 1325 1040 leges
1345 983 1562 1033 haberent,
1601 984 1714 1039 quod
1735 985 1906 1026 multum
1926 984 2049 1041 igno-

214 1059 442 1101 miniosum
472 1058 561 1100 fuit.
620 1057 678 1099 Et
708 1072 784 1114 per
812 1058 893 1100 hoc
930 1058 1050 1100 dicit:
1096 1057 1327 1100 secundum
1358 1064 1514 1099 sectam
1544 1057 1890 1113 uoluptuosorum
1936 1066 2051 1114 post-

214 1147 421 1188 ponamus
451 1146 618 1173 omnem
648 1131 922 1182 honestatem,
954 1139 994 1173 et
1024 1131 1156 1174 simus
1186 1131 1230 1172 in
1259 1145 1434 1172 numero
1467 1128 1656 1173 Ceritum
1688 1131 1714 1172 i.
1737 1146 1771 1173 e.
1803 1131 1893 1174 sine
1922 1132 2050 1190 lege]

332 1207 397 1248 63.
430 1206 559 1248 Ichae.
584 1206 703 1248 Ulixi.
762 1205 915 1247 Ulixes
936 1205 1098 1247 delatus
1121 1205 1174 1246 ad
1195 1204 1367 1253 insulas,
1390 1204 1433 1245 in
1455 1203 1607 1259 quibus
1630 1204 1759 1247 boues
1785 1204 1898 1248 Solis
1919 1212 2050 1257 erant,
2114 1258 2115 1262 Ἰ

217 1293 468 1335 responsum
499 1279 674 1334 accepit,
706 1285 762 1329 ut,
795 1278 830 1320 si
860 1278 986 1320 uellet
1016 1279 1070 1319 ad
1100 1277 1295 1334 patriam,
1327 1277 1396 1318 uel
1426 1277 1543 1328 socii,
1590 1293 1792 1329 remeare,
1837 1294 1922 1321 non
1952 1294 2052 1322 con·
2112 1271 2116 1318 ἑ

215 1353 429 1409 tingerent
450 1353 592 1402 boues,
624 1351 686 1393 illi
707 1352 844 1408 magis
865 1359 1131 1408 praesentem
1160 1351 1421 1406 uoluptatem
1453 1365 1579 1405 quam
1610 1352 1792 1408 patriam
1823 1353 2051 1410 elegerunt.

354 1492 386 1530 1)
412 1489 576 1521 Cet-itibus
602 1507 644 1512 —
671 1490 844 1521 referretur
868 1500 894 1533 γ.
921 1491 990 1520 rell.
1018 1500 1077 1521 om.
1116 1488 1197 1519 conf.
1225 1488 1260 1519 C.
1288 1489 1382 1519 infra.
1448 1490 1483 1529 5)
1508 1490 1563 1520 Al.
1591 1500 1615 1532 γ.
1644 1490 1729 1521 Cere'
1750 1494 1795 1513 -—'
1817 1494 1959 1531 possent.
1984 1492 2052 1522 rell.
2111 1496 2116 1502 '

215 1557 276 1578 om.
305 1546 387 1578 conf.
407 1546 444 1579 C.
471 1548 504 1577 in
530 1547 627 1576 Italia
640 1545 711 1585 fuit
734 1546 770 1576 C.
801 1564 840 1568 —
867 1551 961 1586 capto
984 1557 1011 1589 γ.
1039 1565 1076 1568 ——
1107 1552 1209 1576 ‘sacra
1234 1546 1372 1576 Romana
1395 1556 1462 1576 eum
1484 1547 1653 1587 uirqinibzcs
1677 1550 1837 1579 translata
1861 1552 1944 1586 sunt,
1980 1557 2055 1587 quae

214 1615 280 1636 eum
303 1608 478 1634 seruassent
501 1592 646 1644 intem-a,
667 1614 722 1642 pro
748 1613 780 1633 eo
804 1605 961 1634 beneficio
989 1603 1097 1634 Cer-itas
1121 1602 1242 1633 ciuitate
1266 1603 1369 1632 donati
1391 1607 1467 1642 sunt,
1504 1593 1724 1644 municipesque
1756 1604 1852 1641 facti:
1888 1609 1920 1635 at
1952 1609 2055 1644 postea

214 1672 303 1702 quam
326 1666 396 1691 suat
417 1661 488 1691 ausi
509 1660 655 1691 Romanis
678 1660 837 1697 rebellare,
872 1661 914 1690 eis
939 1660 1076 1698 deuictis,
1102 1660 1264 1699 iterumque
1289 1659 1407 1690 ciuitate
1432 1660 1563 1698 donatis,
1599 1661 1646 1691 ius
1669 1661 1885 1702 suffrayorium
1908 1661 2055 1691 ademtam

215 1724 267 1756 est,
293 1728 455 1758 censusque
479 1728 580 1748 eorum
604 1718 635 1748 in
660 1718 777 1748 tabulas
801 1718 900 1755 relat-i,
926 1728 947 1748 a
971 1723 1137 1748 ceterorum
1160 1717 1295 1747 censibus
1318 1717 1424 1747 remoti
1446 1721 1521 1747 sunt.
1551 1718 1631 1748 Hinc
1644 1718 1768 1757 saecum
1792 1723 1844 1757 est,
1869 1722 1902 1748 ut
1922 1718 1975 1758 qui
1996 1717 2054 1749 ali-

216 1776 290 1817 quid
303 1776 421 1816 flayitii
444 1775 623 1813 admitteret,
657 1775 689 1805 in
716 1775 846 1805 Cer-itum
870 1775 986 1805 tabulas
1009 1775 1124 1805 ‘relatus
1148 1774 1299 1804 (liceretur
1323 1773 1358 1803 C.
1420 1774 1454 1812 9)
1481 1775 1568 1804 Nota
1583 1793 1621 1796 -—
1641 1776 1822 1814 ignominia
1846 1785 1872 1817 γ.
1898 1776 1967 1805 rell.
1994 1784 2054 1805 om.

217 1833 300 1864 conf.
328 1832 373 1862 C:
401 1832 501 1862 ‘eerite
525 1842 606 1863 cera.
633 1832 686 1862 hoe
711 1836 761 1870 est,
789 1837 867 1862 nota
892 1831 1057 1869 infamiae,
1083 1836 1109 1861 et
1132 1831 1212 1861 omni
1236 1831 1418 1869 ignominia
1435 1831 1528 1870 digni
1547 1842 1668 1862 sumus.
1721 1833 1777 1872 10)
1806 1831 1900 1863 Cerite
1917 1832 2053 1871 —lege.

219 1889 376 1929 (vcath)
405 1899 466 1919 om.
491 1888 558 1931 γ,Ο.
610 1890 665 1928 14)
692 1890 774 1919 ulixi
799 1899 824 1932 γ,
850 1894 886 1919 ut
913 1889 944 1920 S.
964 1888 1054 1919 Sorb.
1073 1889 1185 1918 Ambr.
1212 1888 1303 1918 Harl.
1335 1889 1421 1918 2724
1447 1898 1530 1918 saec.
1556 1889 1627 1918 XII.
1655 1894 1750 1919 recte.
1777 1891 1787 1919 i
1813 1890 1862 1920 lit.
1889 1893 2055 1920 contracta

217 1956 259 1977 ex
285 1947 321 1977 ei.
346 1946 449 1976 ulixei
470 1946 563 1976 Baro.
592 1947 696 1985 (itae.)
723 1947 841 1977 Bernn.
869 1946 938 1984 BG,
965 1948 999 1976 in
1025 1947 1205 1982 nonnullis,
1232 1949 1267 1975 ut
1285 1946 1356 1975 Par.
1382 1945 1406 1974 F
1433 1950 1464 1975 et
1489 1946 1583 1976 Bern.
1611 1945 1639 1975 A
1659 1947 1677 1975 2
1695 1956 1736 1976 m.
1763 1955 1912 1985 suprapo.
1939 1956 1966 1984 e,
1990 1947 2054 1976 uti

218 2007 304 2034 esset
329 2003 364 2032 ei.
390 2003 459 2039 alii,
485 2007 521 2032 ut
544 2002 623 2033 ISt.
644 2002 752 2033 Germ.
770 2003 889 2033 Bernn.
909 2003 982 2040 DE,
1008 2002 1119 2039 ulixis,
1147 2003 1231 2041 quod
1257 2011 1318 2032 rec.
1345 2001 1382 2037 Q.
1408 2002 1530 2042 Ulyaeis.
1555 2002 1683 2042 Ulyxes
1707 2012 1737 2032 v.
1762 2003 1892 2042 Ulyssz's.
1917 2003 2054 2043 Ulysses

217 2060 303 2091 cafh.
341 2059 429 2098 Lege
466 2069 547 2098 quae
587 2060 743 2090 dixerunt
768 2060 799 2089 S.
828 2060 948 2090 Obbar.
987 2060 1029 2089 ad.
1065 2060 1104 2089 E.
1130 2060 1156 2097 Ι,
1185 2061 1214 2097 2,
1244 2061 1282 2089 18
1310 2062 1342 2088 et
1366 2059 1416 2089 ad.
1442 2060 1474 2089 h.
1502 2060 1522 2089 l.
1547 2059 1657 2089 Klotz.
1694 2060 1735 2089 ad
1762 2058 1829 2090 Cic.
1857 2061 1892 2090 T.
1917 2060 1974 2098 III,
2004 2062 2053 2091 10.

216 2118 356 2156 Maduig.
384 2117 424 2146 ad
441 2115 507 2146 Cic.
535 2117 569 2146 F.
588 2116 627 2154 V,
647 2117 676 2146 5.
705 2120 736 2146 et
762 2117 915 2156 Wagner.
942 2116 983 2146 ad
1008 2117 1105 2154 Verg.
1124 2116 1162 2146 A.
1181 2117 1205 2153 I,
1226 2117 1277 2146 30.
1304 2134 1346 2137 —
1371 2117 1468 2145 boues
1493 2125 1519 2157 γ.
1541 2125 1600 2154 pet-
1622 2125 1690 2146 oues
1714 2115 1821 2146 vcafh.
1884 2118 1940 2156 15)
1965 2117 2058 2147 uellet

216 2175 257 2204 ad
283 2174 422 2213 patriam
447 2175 498 2203 uel
519 2174 602 2203 socii
630 2182 771 2203 remeare
795 2183 822 2216 γ.
849 2173 965 2203 uellent
988 2183 1141 2211 remeare,
1168 2183 1228 2203 om.
1256 2173 1297 2202 ad
1322 2176 1385 2211 pat.
1412 2173 1462 2201 uel
1489 2181 1563 2210 soc,
1590 2172 1675 2202 cafh.
1694 2173 1788 2203 uellet
1803 2177 1831 2202 et
1846 2174 1924 2204 socii
1940 2183 2006 2204 rem
2022 2183 2052 2203 v.

217 2249 260 2253 ——
285 2232 487 2270 contingeret
510 2231 560 2260 illi
586 2240 658 2267 om.,
685 2232 792 2266 boues,
831 2230 876 2260 fh.
903 2232 1124 2269 contingerent
1147 2230 1195 2260 illi
1233 2239 1300 2259 vca.
1338 2229 1419 2259 conf.
1448 2228 1490 2258 C:
1530 2229 1680 2269 ‘Ulysses
1705 2238 1723 2258 a
1749 2229 1824 2268 (om.
1851 2230 1893 2270 Q)
1930 2230 2055 2260 Tiresia

217 2291 294 2319 uate
319 2288 405 2326 apud
430 2287 551 2318 inferos
575 2296 762 2325 responsum
788 2288 925 2326 accepit,
950 2288 977 2317 si
1002 2288 1102 2317 uellet
1127 2297 1198 2317 cum
1224 2287 1317 2317 sociis
1343 2287 1377 2316 in
1402 2287 1541 2324 patriam
1564 2295 1707 2317 remeare
1724 2287 1904 2324 incolumis,
1930 2290 1967 2317 ut
1991 2297 2054 2318 non

218 2345 425 2383 contingeret
443 2343 673 2383 (contingerent
689 2342 731 2383 Q)
750 2345 846 2374 boues
865 2345 960 2374 solis:
987 2346 1064 2374 atis
1083 2344 1210 2374 delatus
1235 2345 1275 2373 ad
1301 2353 1355 2374 eas
1381 2344 1514 2380 insulas,
1540 2344 1596 2373 ubi
1621 2345 1721 2375 boues
1748 2345 1827 2374 solis
1853 2347 1955 2382 erant,
1982 2354 2054 2375 cum
2106 2334 2109 2341 ¹

219 2402 376 2431 dormiret
402 2405 433 2430 et
460 2400 502 2439 (et
527 2411 586 2432 om.
615 2400 656 2438 Q)
683 2402 762 2431 socii
788 2402 856 2430 eius
881 2402 983 2440 magis
1009 2411 1054 2440 pr.
1080 2401 1144 2431 uol.
1170 2411 1199 2440 q.
1226 2411 1256 2439 p.
1283 2400 1472 2439 elegerunt!

332 2457 366 2496 *)
393 2456 475 2487 conf.
503 2456 570 2487 Cic.
596 2457 688 2487 Rosc.
713 2457 784 2487 Am.
813 2459 864 2489 20.

331 2513 424 2544 Addo
462 2514 617 2544 nonnulla
653 2514 858 2553 subterlapsa
893 2515 1017 2545 scholia
1054 2524 1094 2544 ex
1119 2524 1154 2557 γε
1192 2525 1223 2544 ιι.
1249 2515 1302 2544 42.
1337 2513 1394 2548 Qui
1411 2522 1534 2552 possum
1558 2514 1618 2544 tot?
1642 2515 1699 2544 ait.
1728 2515 1895 2545 Lucullus.
1944 2524 1974 2544 u.
2000 2515 2052 2545 46.
2113 2536 2115 2538 ·

219 2569 367 2600 dominum
380 2570 504 2607 fallunt.
530 2570 575 2600 Ut
590 2571 727 2608 nesciat,
747 2574 902 2609 quantum
920 2571 1049 2601 habeat..
1070 2571 1153 2601 conf.
1176 2570 1211 2601 C.
1258 2580 1289 2600 u.
1310 2571 1362 2600 48.
1389 2571 1459 2600 Hoc
1484 2571 1627 2609 primum.
1652 2571 1724 2601 Vel.
1750 2572 1884 2610 primum
1909 2570 2052 2612 (primic).

219 2631 337 2666 repetas
360 2636 442 2665 opus.
468 2627 538 2656 Hoc
563 2632 613 2657 est
638 2628 858 2666 congregandi
884 2628 1024 2658 diuitias.
1071 2637 1102 2657 ιι.
1129 2629 1181 2657 49.
1206 2627 1327 2666 species.
1366 2627 1516 2665 Ornatus,
1542 2632 1577 2658 ut
1602 2626 1636 2657 C.
1659 2628 1773 2668 qratia.
1802 2627 2052 2659 Commendatio.

219 2694 249 2713 ιι.
276 2685 329 2715 50.
356 2683 445 2714 dictet
468 2683 598 2713 nomina.
637 2683 699 2719 Qui
741 2685 783 2714 sit
810 2685 1039 2722 nomenclator,
1065 2688 1101 2714 ut
1129 2683 1164 2714 C.
1212 2694 1241 2713 u.
1269 2684 1321 2714 51.
1347 2684 1475 2714 fodicet.
1508 2684 1609 2714 Mulet
1635 2684 1672 2723 (l.
1699 2685 1851 2715 stimulet.
1877 2685 1957 2715 conf.
1982 2685 2051 2728 Βφε
2104 2709 2107 2729 3

220 2742 365 2772 stimulet
392 2742 425 2770 in
451 2741 629 2779 uigilandis
655 2741 808 2780 diuitiis).
858 2752 887 2770 ιι.
908 2742 960 2771 52.
988 2741 1035 2771 liic
1058 2741 1179 2771 multum
1203 2741 1235 2771 in
1260 2742 1313 2771 Fa.
1337 2740 1424 2770 ualet.
1452 2739 1543 2770 Serui
1567 2741 1667 2770 uerba
1691 2741 1894 2772 admonentis
1919 2751 1946 2783 γ.
1971 2741 2052 2772 conf.
2104 2739 2107 2746 “

219 2797 260 2827 C:
289 2798 396 2828 ‘uerba
422 2799 506 2827 serui
531 2802 600 2828 sunt
622 2798 704 2828 adm.
731 2798 846 2828 herum.
881 2797 992 2828 I=⁷eiina.
1020 2799 1122 2828 Tribu
1145 2808 1162 2841 γ
1179 2802 1210 2828 et
1231 2798 1267 2835 C,
1294 2799 1347 2837 qui
1373 2798 1482 2828 addit:
1509 2802 1545 2827 ut
1570 2798 1694 2828 Persius
1718 2798 1772 2837 (V,
1801 2799 1876 2838 73):
1902 2799 2054 2829 Libertate

219 2863 291 2892 opus
316 2859 365 2889 est,
403 2864 460 2884 non
497 2854 565 2892 kae,
601 2859 633 2884 ut
666 2854 788 2893 quisque
823 2854 942 2884 Velina.
992 2865 1020 2884 u.
1047 2855 1099 2885 54.
1112 2854 1232 2894 frater.
1258 2855 1393 2892 Propter
1417 2855 1646 2884 adulationem.
1694 2865 1724 2884 u.
1753 2855 1805 2884 56.
1831 2854 1916 2892 lucet,
1942 2864 2051 2885 eamus.
2104 2861 2106 2883 ῐ

220 2910 328 2940 Prima
365 2911 436 2941 luce
462 2913 481 2940 i.
509 2920 534 2941 e.
574 2912 737 2941 irridendo
773 2912 930 2941 hortatur.
978 2920 1008 2941 u.
1037 2912 1090 2941 59.
1116 2911 1288 2950 Differtum.
1326 2911 1471 2941 Plenum.
1509 2910 1593 2941 conf.
1620 2910 1661 2941 C:
1701 2912 1842 2950 ‘plenum
1865 2911 2051 2942 hominibus!

221 2967 408 3006 eransirefh.
422 2977 473 3006 po.
491 2967 551 2997 iub.
577 2968 645 2997 Hoc
670 2968 813 2998 consulto
838 2967 895 3005 (H.
914 2977 1001 2998 cons.
1019 2977 1079 2997 om.
1100 2968 1152 3007 C.)
1172 2977 1227 3006 per
1252 2969 1322 2997 loca
1347 2967 1566 3006 frequentiora
1583 2968 1722 2998 transire
1741 2966 1888 3006 (uolebat
1904 2967 1956 3007 C),
1980 2971 2018 2997 ut
2034 2977 2053 2998 a

222 3024 369 3062 pluribus
388 3025 556 3053 uideretur
576 3025 779 3063 (cerneretur
792 3023 831 3064 C)
849 3023 919 3066 γ,Ο.
969 3034 999 3054 ιι.
1029 3025 1080 3054 63.
1105 3024 1209 3064 Diyne',
1235 3024 1338 3064 remig.
1365 3023 1462 3054 Socii.
1511 3034 1541 3054 u.
1569 3025 1620 3053 64.
1650 3022 1711 3054 Oai.
1736 3024 1894 3063 Remigio.
1941 3033 1972 3054 u.
1999 3024 2049 3054 64.

222 3080 381 3110 interdicta
407 3081 551 3119 uoluptas.
579 3081 662 3117 Quia
688 3091 722 3112 se
742 3091 797 3111 nee
821 3091 839 3110 a
864 3082 964 3111 sacris
989 3082 1166 3120 pecudibus
1192 3091 1250 3111 nec
1266 3090 1285 3111 a
1301 3080 1412 3111 Circeo
1436 3081 1548 3119 poculo
1562 3080 1724 3111 abstinere
1748 3084 1933 3119 potuerunt.
1959 3080 1997 3111 cf.
2016 3079 2049 3110 C.

225 3135 288 3171 Qui
312 3146 332 3165 a
355 3146 460 3166 seneca
485 3138 583 3167 saeris
607 3147 634 3179 γ.
672 3137 723 3176 qui
746 3147 778 3167 se
813 3147 889 3168 neca
913 3138 1008 3167 sacris
1033 3138 1063 3168 b.
1113 3147 1142 3167 u.
1171 3137 1222 3168 65.
1247 3137 1456 3168 Mimnermus.
1493 3137 1593 3168 Poeta
1629 3136 1821 3176 Epicureus,
1858 3138 1913 3176 qui
1949 3137 2050 3168 multa
2101 3149 2103 3172 ι

1513 3233 1555 3264 <s
