2148 3412
758 88 808 120 IN
834 88 942 120 ΛΒΤ.
968 87 1103 121 POET.
1781 77 1861 117 639

137 212 233 254 396.
259 213 340 267 fuit
377 212 475 253 haec
504 214 698 269 sapz'eucza
734 212 948 268 quondam.
1015 211 1067 253 Id
1103 218 1183 254 est:
1231 211 1350 255 Olim
1389 218 1539 269 poetae
1579 211 1787 268 sapientia
1823 218 1864 253 et

25 286 261 329 eruditione
291 285 546 327 incultorum
584 285 801 327 hominum
838 286 1045 328 feritatem
1082 286 1378 342 prohibebant.
1439 285 1627 328 Aliter.
1689 284 1865 328 Scilicet

22 359 170 416 poetis,
200 359 245 400 id
275 366 355 401 est:
388 358 616 414 aliquando
637 359 715 401 fuit
735 360 840 401 haec
861 360 1069 415 sapientia
1095 360 1140 401 in
1160 360 1309 415 poetis,
1340 367 1386 402 ut
1406 360 1618 412 docerent,
1650 359 1861 416 quomodo

23 433 253 476 uiuendum
285 439 392 474 esset
424 433 625 488 priuatim
657 440 698 475 et
728 433 910 488 publice.

136 507 231 548 398.
263 521 382 561 uaqo.
441 505 688 548 Meretricio
729 506 1003 566 [licentiose]
1063 506 1196 557 Dicit,
1243 508 1454 562 quomodo
1498 514 1624 563 poeta
1669 507 1861 550 docendo

26 580 286 623 carminibus
317 579 402 622 suis
432 580 665 631 hominum,
711 580 785 635 qui
825 594 941 622 more
975 579 1139 638 [modo]
1173 581 1357 623 ferarum
1403 581 1620 632 uiuebant,
1666 581 1861 637 mitigas-

24 661 115 697 sent
145 654 320 696 animos.
381 655 489 696 iura.
549 653 797 710 Praecepta.

136 729 231 770 399,
262 728 409 770 moliri.
453 727 629 769 Facere.
678 727 802 784 [leqes
822 727 1000 770 incidere
1022 729 1142 783 liquo.
1182 727 1375 771 Primum
1405 728 1523 785 leges
1552 729 1671 785 ligno
1701 728 1864 771 incide-

23 802 189 853 bantur,
230 817 325 844 cum
364 808 539 858 propter
578 801 766 856 inopiam
806 816 1035 843 aenearum
1079 802 1321 844 tabularum
1360 803 1475 858 apud
1512 801 1727 858 Antiquos
1765 818 1864 845 usus

23 891 107 919 non
139 876 260 934 erat]

135 951 231 992 400.
265 952 345 994 Sic.
404 950 455 991 Id
493 957 572 993 est:
597 957 771 1006 propter
802 950 1055 1006 sapientiam
1086 958 1126 991 et
1155 956 1330 1006 propter
1359 956 1600 1006 praecepta,
1634 965 1729 992 cum
1757 950 1863 992 haec

22 1032 239 1067 monerent
278 1033 440 1080 poetae.
522 1026 672 1067 (liuim‘s
702 1026 878 1066 uatibus.
929 1022 1182 1066 Sacerdotes
1212 1032 1253 1066 et
1283 1031 1429 1080 poetas
1460 1025 1658 1080 aequauit
1690 1024 1865 1082 [Sacer-

23 1098 191 1142 dotibus
223 1099 477 1154 adaequauit
509 1097 690 1156 poetas].
758 1098 856 1141 Hoc
887 1099 1013 1140 etiam
1045 1100 1166 1142 Maro
1199 1098 1273 1154 (A.
1306 1098 1384 1149 VI,
1417 1100 1512 1141 661.
1545 1100 1665 1154 662);
1711 1100 1866 1156 Quique

22 1174 246 1216 sacerdotes
277 1175 388 1224 casti,
422 1175 518 1215 dum
548 1175 636 1215 uita
668 1174 867 1222 manebat,
904 1174 1061 1229 Quique
1087 1174 1150 1229 pii
1177 1182 1291 1215 uates
1322 1181 1358 1215 et
1390 1173 1545 1215 Phoebo
1577 1173 1699 1227 diqua
1730 1173 1863 1215 locuti.

134 1248 230 1290 401.
256 1257 347 1305 post
377 1249 460 1290 hos.
521 1246 745 1304 Orpheum
776 1254 815 1289 et
846 1246 1148 1302 Amphionem.

133 1322 231 1364 402.
261 1323 355 1363 403.
394 1324 668 1379 Tyrtaeusque
698 1336 832 1363 mares
862 1322 1017 1363 am‘mos
1052 1321 1094 1362 iu
1116 1320 1271 1364 Martia
1309 1321 1412 1362 bella
1442 1321 1549 1362 Vers.
1581 1335 1692 1362 esrae.
1730 1321 1865 1364 Mares

22 1396 143 1438 amm.
201 1395 253 1437 Id
281 1403 355 1447 est,
386 1396 515 1438 fortes
545 1397 721 1437 animos.
780 1396 882 1437 bella
912 1395 1100 1436 uersibus
1132 1402 1304 1442 eoeaeuzl,
1337 1395 1467 1436 (lictae
1480 1408 1559 1451 per
1581 1409 1704 1436 earm.
1726 1402 1866 1436 sortes.

22 1469 120 1512 Hoc
139 1475 219 1512 est:
252 1470 313 1511 dii
343 1469 604 1512 carminibus
636 1484 839 1526 responsa
870 1468 1122 1510 tribuerunt:
1157 1468 1295 1509 adhuc
1323 1475 1529 1510 nouerant
1563 1468 1867 1510 conmoditates

23 1543 270 1587 carminum.
319 1545 505 1586 Versibus
527 1546 699 1586 eoeacm't.
721 1542 1076 1585 Lacedaemoniis
1097 1541 1170 1583 diu
1192 1542 1417 1584 aduersum
1438 1541 1677 1585 Messenios
1700 1549 1866 1584 certan-

19 1617 132 1660 tibus
163 1618 333 1661 oracula
364 1618 684 1673 responderunt,
706 1617 829 1675 [non]
863 1617 985 1659 aliter
1014 1617 1236 1658 uictoriam
1270 1616 1413 1674 [posse
1443 1617 1619 1674 habere]
1650 1632 1734 1659 non
1765 1631 1865 1673 pro·
1892 1633 1898 1644 ⁶

21 1698 257 1742 uenturam,
288 1692 370 1734 nisi
402 1691 708 1734 Atheniensem
740 1692 890 1733 ducem
921 1691 1179 1733 habuissent.
1224 1691 1372 1733 Missis
1402 1691 1567 1747 legatis,
1600 1692 1671 1747 qui
1702 1692 1781 1734 hoc
1812 1690 1865 1733 ab

21 1764 356 1809 Atheniensibus
401 1766 677 1822 postularent,
723 1764 1006 1808 Athenienses
1050 1766 1094 1806 in
1139 1765 1438 1807 contumeliam
1483 1765 1588 1820 ipsis
1633 1765 1866 1821 Tyrtaeum

25 1841 235 1897 quendam
275 1840 472 1882 claudum
511 1841 719 1882 dederunt
755 1840 944 1882 dicentes
980 1840 1097 1881 iuxta
1132 1840 1352 1894 ignauiam
1390 1839 1572 1890 illorum,
1613 1840 1724 1881 hunc
1765 1839 1864 1896 [eis]

23 1915 173 1958 ducem
210 1929 334 1971 posse
379 1915 582 1956 sufficere.
660 1914 747 1956 Sed
790 1914 981 1963 oracula,
1037 1928 1146 1969 quae
1192 1913 1494 1968 promiserant,
1540 1928 1623 1955 non
1668 1914 1867 1955 frustrata

24 1995 132 2031 sunt.
191 1987 304 2030 Nam
341 1988 564 2044 Tyrtaeus,
610 1988 709 2030 licet
744 2002 921 2044 corpore
958 1995 1066 2030 esset
1107 1987 1273 2037 debilis,
1312 1987 1481 2043 scripsit
1518 1994 1658 2029 tamen
1696 2001 1865 2029 carmen
1917 2000 1929 2008 ⁷

23 2062 255 2114 heroicum,
278 2078 360 2118 quo
381 2062 550 2116 accensi
570 2062 902 2104 Lacedaemonii
924 2062 967 2103 in
990 2062 1123 2104 aciem
1146 2068 1457 2117 processerunt,
1480 2061 1623 2117 sicque
1644 2061 1867 2104 uictoriam

143 2259 175 2299 1)
204 2260 223 2289 i.
250 2269 277 2302 γ.
304 2260 373 2289 rell.
401 2268 461 2289 0111.
488 2277 529 2280 —
557 2259 753 2297 sapientiam
778 2263 810 2288 et
836 2259 1051 2289 eruditionem
1079 2276 1117 2279 —
1147 2268 1206 2289 om.
1233 2257 1394 2288 feritatem
1422 2275 1459 2278 ψ-
1489 2258 1537 2299 γΝ
1560 2257 1657 2295 Med„
1683 2267 1769 2288 rvca.
1796 2266 1867 2296 pro-

19 2316 194 2356 phetabant
218 2316 303 2346 Med.
330 2315 427 2353 NG‚r.
455 2317 523 2346 rell.
549 2315 764 2354 prohibebant.
825 2316 860 2354 2)
886 2315 990 2345 Aliter
1015 2324 1038 2345 s.
1065 2317 1168 2354 poetis
1194 2326 1219 2358 γ.
1246 2316 1314 2345 rell.
1342 2325 1404 2346 om.
1454 2315 1490 2353 4)
1517 2315 1581 2344 uiu.
1606 2315 1646 2344 sit
1669 2314 1753 2344 libri.
1781 2318 1867 2344 esset

27 2374 64 2411 Q.
90 2375 170 2413 priu.
197 2378 223 2403 et
245 2371 388 2416 7(G?Q.).
416 2373 485 2403 rell.
511 2383 558 2411 pr.
583 2372 639 2402 uel.
666 2373 834 2402 licentiose
859 2372 905 2402 fh.
930 2372 1001 2401 rell.
1028 2382 1088 2402 om.
1123 2374 1204 2402 conf.
1233 2372 1276 2402 C:
1306 2376 1433 2402 meretr.
1461 2371 1655 2401 adulterino.
1720 2370 1756 2409 6)
1782 2380 1867 2400 more

26 2440 53 2474 γ.
79 2431 150 2461 rell.
177 2431 279 2460 modo.
331 2430 364 2468 7)
391 2430 449 2459 hoc
475 2434 507 2459 et
532 2430 596 2459 duo
621 2430 743 2459 scholia
769 2438 858 2467 seqq.
887 2439 948 2459 om.
975 2429 1059 2459 Med.
1086 2428 1248 2465 NG‚1·vca.
1297 2427 1333 2468 8)
1359 2428 1463 2466 Leges
1484 2445 1523 2449 —-
1543 2432 1614 2458 erat
1639 2437 1699 2457 om.
1727 2437 1754 2469 γ.
1780 2427 1865 2457 Med.

27 2486 178 2525 NG,rvca
204 2492 237 2518 et.
263 2486 299 2522 C,
327 2488 381 2526 qui
408 2487 530 2516 similia
554 2486 707 2516 exhibet:
746 2488 832 2516 ‘ante
857 2495 948 2515 usum
975 2487 1163 2524 pergameni
1190 2496 1226 2516 ea
1254 2494 1334 2524 qnae
1361 2486 1518 2515 seruanda
1544 2489 1647 2522 erant⁷
1673 2485 1762 2523 ligno
1787 2484 1867 2514 inci·

27 2544 199 2582 debantur,
218 2544 293 2583 quia
313 2552 432 2573 aeneae
451 2543 580 2574 tabulae
598 2544 737 2572 nondum
757 2546 850 2572 erant
868 2543 900 2572 in
920 2543 999 2572 usu!
1018 2543 1187 2581 cf.Porph.
1241 2543 1295 2582 11)
1321 2546 1449 2581 propter
1465 2551 1525 2571 om.
1552 2542 1599 2571 fh.
1617 2551 1643 2582 γ.
1664 2542 1733 2571 rell.
1750 2550 1810 2570 om.
1836 2544 1867 2570 et

27 2610 74 2640 pr.
99 2610 146 2639 pr.
162 2604 340 2638 —poetae
394 2600 449 2639 12)
475 2598 666 2630 Sacerdotes
692 2603 724 2629 et
750 2608 798 2637 pe.
826 2600 980 2638 aequauit
1004 2609 1031 2642 γ.
1049 2600 1117 2629 rell.
1136 2609 1196 2629 om.
1224 2599 1347 2629 inclusa
1363 2608 1466 2640 On1.·(.
1520 2599 1575 2637 15)
1603 2597 1727 2636 Orphea
1753 2601 1785 2627 et
1801 2606 1867 2627 am-

28 2657 148 2696 phiona
164 2666 189 2699 γ.
210 2657 354 2686 scholion
369 2660 435 2695 post
451 2656 503 2685 hos
523 2655 562 2686 O.
581 2656 609 2685 A
627 2659 659 2685 et
677 2655 784 2685 Mares
805 2656 824 2685 i.
852 2656 949 2686 fortes
975 2666 1037 2686 om.
1056 2656 1141 2686 Med.
1167 2655 1328 2693 NG‚rvca.
1393 2657 1447 2694 16)
1473 2655 1614 2694 Tyrteus
1631 2672 1673 2676 —-
1691 2655 1806 2684 tirteus
1825 2671 1866 2675 —.

27 2714 186 2745 tirtheum
204 2722 231 2755 γ.
250 2713 392 2743 tirtheus
409 2713 479 2749 N‚r.
500 2713 617 2742 timeus
635 2712 722 2742 Med.
750 2712 955 2751 Tyrceusque
972 2713 1044 2742 Par.
1073 2713 1110 2742 E.
1138 2713 1303 2751 Dyrcaeus
1330 2722 1359 2741 v.
1385 2712 1510 2741 dirceus
1536 2711 1627 2741 Barc.
1655 2711 1743 2741 Parr.
1762 2711 1785 2740 F
1804 2709 1868 2741 Ge—

29 2779 102 2801 nou.
121 2768 171 2800 St.
192 2769 299 2799 Germ.
318 2768 601 2805 PYRCEVSQVE
621 2769 683 2812 Βφ.
703 2770 742 2799 cf.
761 2769 879 2808 Porph.
898 2769 1068 2809 Tyrtaeus.
1088 2769 1204 2805 cath.
1258 2770 1311 2808 17)
1330 2769 1452 2799 animos
1471 2779 1498 2811 γ.
1518 2768 1586 2798 rell.
1605 2778 1666 2798 om.
1719 2768 1775 2807 18)
1800 2767 1868 2797 Hoc

31 2831 134 2857 est-
151 2828 331 2857 carminum
355 2836 381 2868 γ.
400 2827 470 2856 rell.
489 2836 548 2856 om.
574 2826 614 2856 cf.
636 2826 678 2856 C:
707 2827 800 2856 ‘aliae
826 2827 1073 2857 commoditates
1101 2827 1290 2863 carminum,
1318 2835 1390 2855 nam
1405 2825 1523 2864 Apollo
1548 2826 1688 2854 carmine
1713 2833 1870 2863 responsa

30 2884 145 2915 dedit.’
198 2884 253 2924 19)
279 2884 453 2913 aduersum
481 2883 652 2922 (aduersus
676 2883 749 2923 N‚1·)
776 2883 981 2914 athenienses
1006 2884 1067 2926 γ,Ν
1091 2883 1175 2913 Med.
1205 2882 1333 2920 G‚rvca.
1384 2883 1441 2921 20)
1468 2892 1529 2912 11011
1555 2892 1615 2912 0111.
1640 2892 1657 2924 γ
1682 2882 1712 2911 11.
1730 2883 1751 2912 1.
1776 2891 1868 2920 posse

29 2940 146 2971 habere
171 2950 232 2972 om.
258 2950 283 2983 γ.
310 2950 371 2971 11011
397 2945 626 2978 prouenturam
651 2949 677 2982 γ.
702 2940 771 2970 rell.
798 2949 857 2970 om.
923 2941 980 2980 21)
1006 2941 1085 2971 huuc
1112 2940 1146 2976 Q.
1173 2950 1258 2970 omn.
1289 2940 1363 2970 libri
1389 2939 1442 2969 hoc
1468 2940 1525 2978 (z
1544 2939 1596 2978 C).
1661 2939 1719 2978 23)
1745 2939 1868 2969 clodum

31 3001 64 3030 et
85 2998 210 3029 luseum
234 2998 363 3037 Porph.‚
389 2998 536 3027 claudum
561 2997 636 3026 Aer.
663 2997 791 3027 illorum
816 3006 842 3040 γ.
871 2998 942 3027 rell.
969 2998 1123 3036 ipsorum.
1150 2998 1195 3027 eis
1220 3007 1280 3027 om.
1306 3007 1334 3039 γ.
1383 2996 1441 3035 24)
1468 2996 1521 3027 Sic
1546 2997 1625 3034 N‚vr
1651 2995 1781 3035 (si).—
1797 3005 1868 3034 pro-

31 3056 187 3086 miserunt
212 3056 295 3086 cafh.
361 3056 418 3093 26)
447 3056 521 3085 uict.
548 3064 636 3085 cons.
664 3058 740 3084 sunt
765 3064 791 3097 γ.
834 3058 911 3084 suut
937 3065 1024 3086 cons.
1053 3055 1129 3084 uict.
1156 3054 1193 3084 N.
1221 3054 1288 3083 rell.
1326 3062 1412 3083 cons.
1453 3056 1528 3083 sunt
1566 3053 1644 3083 uict.
1681 3052 1763 3092 Pag.
1787 3054 1866 3084 640:

0 3133 5 3154 1
31 3112 137 3143 Aliter
160 3112 236 3149 th.
263 3113 332 3143 rell.
359 3113 439 3142 Item.
466 3117 634 3150 utrumque
660 3121 719 3141 om.
746 3120 773 3152 γ.

1891 889 1931 921 10
