2148 3412
760 124 810 156 m
835 123 982 157 EPIST.
1008 124 1053 163 11,
1080 127 1110 156 2.
1766 112 1846 154 555

136 247 227 288 162.
262 247 354 288 163.
389 248 427 288 T
425 262 443 288 e
461 247 663 289 dominum
680 249 816 290 sentit:
835 248 908 290 clas
924 262 993 290 1111.
1013 263 1095 290 acc.
1111 262 1238 290 uuam
1256 255 1331 289 etc.
1389 246 1487 290 Non
1519 247 1666 298 solum,
1698 246 1846 302 inquit,

19 334 95 376 per
124 319 481 375 mancipationem
511 319 749 375 proprietas
781 321 1028 375 adquiritur,
1066 329 1106 363 et
1135 337 1212 378 per
1242 322 1575 377 usucaptionem.
1654 320 1722 362 Tu
1752 335 1848 363 cum

20 392 123 435 emis
152 393 296 449 fruges
327 399 400 434 aut
429 408 569 448 poma,
601 393 760 435 uideris
790 395 965 436 fundum
987 410 1081 436 eum
1104 410 1278 451 capere3
1314 395 1438 437 huius
1468 394 1590 437 bonis
1620 394 1763 445 uteris,
1796 394 1847 435 li-

21 473 84 509 cet
114 466 286 522 emptis:
319 481 422 522 ergo
452 473 566 522 puta,
599 481 694 509 eum
724 468 944 523 proprium
975 475 1091 510 tuum
1123 483 1226 520 esse,
1258 484 1283 510 a
1314 469 1431 511 cuius
1461 468 1667 511 fructibus
1688 482 1771 510 non
1804 482 1847 510 es

18 539 190 582 alienus.
251 541 390 582 temeti.
421 539 538 591 Vini,
570 541 682 582 uncle
712 541 977 584 temulentus.
1895 561 1914 581 2

131 614 224 655 164.
257 615 453 658 Mercaris
485 629 641 669 aqrzcm.
703 613 843 667 Quem
874 615 981 657 alius
1012 615 1113 657 olim
1143 616 1256 657 emit.

130 688 224 730 165.
255 696 439 744 emptum.
496 685 666 744 Agrum
696 688 805 739 dico,
838 703 862 730 a
893 689 1062 731 domino
1093 704 1179 732 suo.

131 762 223 803 166.
254 761 404 816 Refert.
434 760 625 803 Interest.
685 762 918 805 Numerato.
954 762 1098 804 Pretio
1130 762 1242 804 illius
1273 762 1367 818 agri
1398 768 1492 803 ante
1523 761 1626 804 XV.
1659 762 1749 805 dies
1779 763 1847 805 uel

18 840 112 877 ante
143 833 301 876 XXX.
334 850 479 877 annos.

129 909 223 950 167.
253 909 423 966 Emptor
440 910 606 952 Aricini.
668 908 841 952 Scilicet
871 909 976 951 arui.
1038 908 1178 952 Ordo:
1213 909 1433 966 (quoniam
1464 910 1647 965 emptor)
1679 909 1848 951 Aricini
1876 919 1914 951 10

22 989 63 1025 et
91 982 296 1025 Veientis.

131 1058 223 1099 168.
255 1058 444 1113 Emptum
462 1065 604 1099 caenat
625 1057 752 1099 holus.
812 1057 963 1109 Holus,
996 1057 1109 1112 quod
1139 1057 1237 1099 emit
1268 1057 1360 1114 ipse
1383 1072 1475 1100 cum
1499 1071 1614 1113 agro.
1662 1055 1848 1098 Aliter.

19 1130 192 1174 Scilicet
221 1145 307 1172 non
337 1137 523 1187 emptum
555 1131 775 1173 comedere
805 1138 937 1187 putat.

131 1207 224 1247 169.
257 1205 338 1247 Sub
370 1214 536 1248 noctem.
596 1205 648 1246 In
678 1212 867 1261 tempore
896 1205 1043 1248 noctis.

131 1280 224 1321 170.
258 1281 351 1321 171.
384 1280 463 1321 Sed
492 1287 612 1321 uocat
641 1293 765 1335 usque
796 1294 928 1330 suum,
962 1295 1039 1335 qua
1068 1280 1247 1336 populus
1269 1279 1400 1321 adsita
1421 1280 1536 1320 certis
1558 1279 1656 1320 Lim.
1716 1277 1847 1319 Plan·
1877 1287 1914 1318 15

17 1360 114 1396 tata.
174 1368 310 1410 usque.
341 1353 620 1408 Praepositio,
652 1353 732 1395 1100
763 1360 843 1395 est:
876 1353 950 1395 sed
980 1352 1033 1395 ab
1064 1352 1148 1394 illis
1177 1352 1332 1394 finibus
1363 1367 1483 1394 suum
1515 1352 1688 1407 (uocat).

130 1429 223 1469 171.
256 1429 349 1470 172.
382 1436 584 1485 tamquam
621 1427 692 1469 Sit.
750 1426 999 1483 Responsio.

130 1503 222 1544 172.
255 1503 315 1544 Sit
334 1503 563 1560 proprium.
597 1500 770 1543 Scilicet
800 1501 973 1544 homini.
1035 1502 1206 1543 szcto.
1240 1499 1470 1542 Momento.

132 1578 224 1618 174.
256 1578 360 1618 iura.
391 1575 661 1618 Potestateln.

131 1651 224 1693 175.
257 1652 305 1692 Sz'
333 1652 437 1706 quia.
469 1649 539 1691 Al.
571 1651 665 1707 quia.
697 1649 810 1705 (sic).
877 1649 993 1691 Usus.
1024 1648 1238 1691 Habendi.
1873 1657 1916 1687 20

130 1726 224 1767 176.
256 1725 448 1767 Alterius.
506 1724 676 1767 Undae.

131 1801 225 1841 177.
265 1800 358 1841 Ποῖ.
389 1798 543 1841 Villae.
609 1799 780 1850 Quidue.
818 1797 1015 1840 Prosunt.

132 1874 325 1916 Calabris,
387 1868 529 1915 Saltus
560 1872 713 1915 adiecti
743 1872 911 1914 Lucani
944 1869 1154 1914 Calabris.
1213 1870 1385 1912 Lucani.
1419 1867 1593 1911 Scilicet
1623 1868 1763 1911 saltus.

134 1948 279 1991 Orcus.
310 1946 549 1988 Infernalis.

131 2022 225 2063 179.
262 2021 460 2063 Grandia.
520 2019 690 2062 Diuites
721 2034 816 2061 cum
847 2018 1119 2075 pauperibus.
1179 2018 1410 2061 exorabili&
1443 2016 1596 2060 Orcus.
1874 2026 1915 2055 25

131 2096 225 2138 180.
261 2095 460 2138 Gemmas.
489 2093 625 2136 Aliud
654 2093 806 2136 thema.
870 2093 1094 2150 Tyrrhena.
1125 2092 1277 2136 Tusca.

137 2170 230 2212 181.
262 2170 425 2211 murice.
459 2166 626 2210 Colore.

135 2244 228 2286 182.
262 2243 366 2286 Sunt
396 2244 474 2299 qui.
507 2241 650 2283 Multi,

135 2406 168 2446 1)
194 2406 333 2445 priorem
359 2405 474 2436 scholii
500 2406 625 2443 partem
651 2404 721 2433 Non
745 2420 781 2424 —
805 2401 1026 2441 usuccfflz'onem
1051 2401 1076 2433 C
1101 2412 1164 2433 non
1190 2403 1298 2433 habet.
1360 2401 1395 2441 3)
1421 2401 1512 2432 fund.
1536 2410 1591 2432 usu
1615 2410 1737 2440 capere,
1763 2401 1849 2431 culus

0 2498 1 2503 ¹
22 2462 58 2494 C.
106 2464 142 2503 4)
168 2467 260 2494 tuum
286 2472 356 2494 esse
380 2472 486 2502 propr.
515 2460 551 2492 C.
578 2471 615 2491 ac
638 2462 688 2492 ius
714 2462 744 2491 b.
809 2460 844 2499 5)
872 2461 939 2490 uini
963 2459 1012 2490 uel
1034 2464 1109 2491 tem.
1134 2460 1166 2490 b.
1203 2458 1305 2490 temeti.
1332 2459 1411 2489 uini.
1436 2459 1582 2497 Dictum,
1619 2458 1702 2498 quod
1738 2462 1851 2497 temptet

0 2513 142 2556 liuentem
164 2521 227 2563 Βφ,
297 2520 351 2560 10)
380 2520 531 2559 quoniam
558 2522 658 2549 emtor
683 2517 718 2548 C.
745 2527 807 2549 om.
837 2518 866 2547 b.
891 2518 1038 2557 uefsentis
1062 2519 1093 2548 b.
1159 2517 1216 2556 15)
1243 2517 1390 2556 plantata
1408 2516 1603 2555 propositio.
1629 2516 1723 2554 posui
1747 2524 1848 2554 usque.

0 2562 2 2594 l
22 2577 231 2617 Praepositio.
247 2577 316 2620 sz:
335 2576 444 2607 adsita.
464 2576 627 2606 Plantata.
647 2575 717 2618 sz:
743 2583 832 2614 usque
848 2583 932 2604 suum
947 2584 1007 2613 qua
1023 2574 1043 2603 1.
1072 2583 1197 2612 semper
1211 2572 1300 2613 (sic).
1320 2582 1421 2612 usque
1445 2573 1487 2602 ad.
1511 2572 1604 2602 illum
1627 2572 1741 2602 locum.
1794 2572 1849 2610 18)

17 2638 137 2673 puncto.
162 2638 324 2665 momento
348 2634 433 2676 szp.
492 2634 548 2672 19)
574 2635 731 2671 potestate
756 2632 786 2661 b.
813 2632 846 2661 in
871 2631 1008 2661 alterius
1033 2631 1214 2661 dominium
1240 2629 1276 2663 C.
1303 2631 1385 2661 conf.
1410 2630 1481 2672 Bnp:
1509 2629 1609 2659 ‘Nunc
1627 2638 1730 2668 prece.
1757 2627 1850 2658 Com·

23 2695 117 2730 putat
141 2692 256 2730 quibus
282 2692 386 2722 modis
413 2690 592 2720 communia
617 2689 840 2728 permulantur
866 2687 902 2726 (Ι.
929 2689 1170 2728 permutentur)
1197 2692 1229 2718 et
1254 2688 1332 2717 dicit
1358 2687 1433 2726 quia
1458 2687 1579 2717 diuites
1605 2695 1716 2724 agrum
1741 2694 1850 2724 quem-

24 2748 103 2779 libet
129 2749 243 2779 dicunt
269 2758 394 2788 semper
419 2748 518 2778 stulte
543 2757 635 2777 suum
661 2755 730 2777 esse
754 2755 855 2784 usque
879 2745 920 2774 ad
946 2748 1066 2775 certum
1091 2746 1217 2775 liuitem
1242 2754 1312 2774 cum
1336 2745 1430 2774 facile
1455 2747 1510 2773 aut
1546 2752 1638 2781 prece
1675 2743 1849 2772 amicorum

24 2808 77 2835 aut
102 2806 205 2844 pretio
231 2809 286 2836 aut
310 2806 344 2835 111
369 2810 423 2835 aut
449 2808 551 2834 morte
576 2813 634 2834 sua
659 2804 761 2842 possit
795 2802 826 2832 in
861 2802 984 2832 alterius
1012 2806 1188 2841 potestatem
1223 2802 1386 2832 transi1·e.’
1451 2801 1509 2840 23)
1535 2799 1662 2829 Lucani.
1689 2800 1790 2828 saltus
1815 2798 1850 2836 C,

25 2871 83 2893 om.
109 2864 242 2894 scilicet.
291 2864 349 2903 25)
376 2863 496 2892 diuites
522 2871 592 2891 cum
617 2871 711 2900 paup.
738 2859 807 2898 b‚C.
857 2859 914 2899 26)
941 2860 1057 2890 Tuscia
1081 2861 1112 2891 b.
1139 2860 1286 2890 Tuscana
1303 2857 1339 2897 C,
1366 2857 1455 2896 posui
1473 2856 1586 2887 Tusca.
1605 2856 1748 2886 Martial.
1765 2854 1849 2892 XIV,

27 2919 78 2958 98,
105 2921 122 2950 2
151 2924 182 2950 et
206 2920 294 2951 Pers.
322 2920 363 2958 ΙΙ,
391 2921 449 2949 60:
477 2919 617 2949 Tuscum
642 2918 750 2949 fietile.
