2148 3412
229 153 308 194 15ss
862 161 969 193 Aen.
995 161 1056 192 ET
1082 160 1248 192 PORPH.
1275 160 1422 193 COMM.

343 284 428 340 [29.
466 284 632 340 Confice.
690 283 899 334 Interfice,
932 298 1072 325 eneca.
1133 283 1280 324 Tacite
1310 283 1391 324 hoc
1419 282 1633 339 loquitur]

340 359 406 399 30.
439 358 579 399 dim'na
610 366 717 399 mota
749 371 853 399 cmm
884 371 1003 399 urna.
1063 356 1115 397 Id
1146 363 1225 398 est:
1271 355 1372 411 Ipsa
1402 363 1609 398 commota
1639 371 1690 397 ex
1719 371 1826 397 urna
1857 356 1961 396 dixit
1991 356 2055 398 in-

229 432 385 473 minere
415 430 518 471 mihi
548 430 678 471 fatum
710 445 760 471 ex
791 430 974 486 garrulo.
1034 429 1124 471 Aut
1154 438 1257 471 mota
1286 443 1393 471 urna
1422 429 1515 484 ipsa
1536 444 1641 470 anus
1662 429 1826 480 cecinit,
1858 429 2055 483 quoniam

228 512 358 547 sortes
389 504 441 545 de
471 520 579 545 urna
608 504 821 546 tolluntur.
899 502 1143 560 [Significat
1175 501 1380 544 Sabinam
1410 502 1616 544 nutricem
1661 517 1705 543 se
1735 502 1939 544 Horatius
1981 503 2056 544 ha·

162 589 179 619 5
226 578 380 628 buisse,
413 593 520 633 quae
550 593 657 619 urna
688 585 818 619 sortes
841 578 994 618 ducere
1016 583 1104 618 erat
1125 576 1268 625 solita3
1299 576 1411 617 unde
1433 576 1548 626 dicit,
1582 576 1694 631 quod
1715 590 1809 617 eum
1831 575 2056 630 aliquando

227 651 388 693 monuit
415 651 509 706 ipsa
538 651 680 692 nutrix
711 667 798 701 sua,
831 665 980 692 cauere
1011 650 1217 706 garrulos,
1258 650 1456 704 quoniam
1488 648 1541 690 ab
1572 649 1637 690 his
1668 656 1776 691 esset
1805 649 2058 691 interficien-

227 725 305 767 dus
314 742 324 773 3
356 732 397 766 et
425 725 469 765 id
501 725 581 766 sibi
602 740 715 767 nunc
736 740 787 766 ex
808 725 902 780 ipso
923 724 1094 780 garrulo
1115 738 1236 778 posse
1255 723 1347 764 fieri
1369 722 1576 779 putabat]
1644 723 1765 764 Urna.
1797 721 1917 766 Sorte
1949 723 2057 764 data.

340 800 407 840 31.
439 800 560 841 Heme
589 814 713 856 neque
745 825 797 828 —
830 807 951 840 aetas.
1011 797 1173 853 Fingit,
1207 797 1320 852 quod
1350 797 1430 838 hoc
1461 796 1541 838 sibi
1571 796 1842 851 praedixerit.

343 873 531 915 hosticus.
590 872 784 915 Hostilis.

164 956 203 987 10
343 947 410 987 32.
443 947 559 988 tarda
587 962 628 1003 p.
690 945 805 998 Quia
834 946 977 987 tardos
1007 945 1198 987 homines
1228 945 1342 994 facit,
1374 951 1412 985 et
1443 951 1504 985 est
1536 945 1764 998 ὑπαλλαγή.

342 1020 408 1060 33.
439 1019 546 1061 hunc
575 1020 735 1075 quando
768 1034 942 1061 consum.
977 1032 1155 1074 cumque.
1215 1017 1380 1059 Tmesis
1412 1024 1491 1059 est:
1534 1018 1877 1074 quandocumque,
1908 1024 1952 1058 ut
1983 1015 2058 1072 (G.

229 1091 310 1143 ΠΙ,
342 1093 463 1148 381);
499 1120 551 1122 —-
583 1101 728 1149 septem
759 1092 946 1134 subiecta
978 1094 1109 1134 trioni.

341 1167 408 1208 35.
447 1167 613 1208 Ventum
643 1175 731 1208 erat
761 1168 814 1208 ad
852 1167 994 1208 Vestae.
1058 1163 1232 1207 Scilicet
1261 1164 1316 1205 ad
1346 1165 1565 1220 templum,
1611 1171 1657 1206 ut
1700 1165 1745 1206 in
1788 1164 1928 1215 Pacis,
1977 1164 2057 1221 [in]
2113 1205 2118 1217 ,

232 1237 510 1281 Concordiae.
574 1242 785 1282 Terentius
821 1238 1026 1295 (Adelph.
1048 1238 1126 1289 IV,
1150 1241 1188 1288 2,
1211 1240 1278 1280 43.
1301 1240 1395 1281 582.
1418 1238 1454 1279 F
1458 1239 1528 1293 l.):
1552 1240 1623 1280 ubi
1639 1240 1694 1280 ad
1716 1239 1873 1280 Dianae
1893 1239 2059 1280 ueneris.
2113 1226 2116 1267 3

165 1323 205 1354 15
343 1314 408 1354 36.
442 1315 507 1355 37.
538 1314 702 1355 uadato.
765 1313 854 1371 [In]
891 1313 1048 1354 iudicio
1079 1313 1152 1367 qui
1182 1312 1359 1353 uadatus
1390 1327 1483 1353 eum
1515 1313 1664 1362 fuerat,
1711 1312 1779 1353 uel
1824 1311 1923 1367 quia
1967 1326 2060 1352 eum

228 1387 471 1429 uadimonio
502 1387 778 1443 obligauerat.
824 1387 1104 1442 Participium
1136 1393 1197 1428 est
1228 1386 1280 1427 ab
1312 1400 1374 1436 eo,
1407 1386 1519 1440 quod
1551 1393 1610 1427 est
1631 1387 1774 1434 παιὼν,
1805 1387 1992 1435 uadarz's,
2022 1391 2062 1426 et
2111 1412 2116 1426 ι

231 1468 292 1503 est
320 1461 497 1502 uerbum
529 1476 750 1503 commune
798 1459 941 1517 [Vado
972 1460 998 1501 i.
1031 1475 1065 1502 e.
1098 1460 1222 1517 uoco]
1264 1460 1398 1501 uador
1427 1467 1467 1501 te
1499 1466 1539 1501 et
1567 1460 1703 1501 uador
1746 1475 1770 1500 a
1814 1467 1868 1510 te,
1913 1459 1958 1499 id
1987 1465 2060 1509 est,

230 1550 335 1577 uoco
356 1542 397 1576 te
427 1535 481 1576 ad
511 1535 725 1577 iudicium.
786 1534 1061 1589 Respondere
1093 1549 1194 1590 crgo
1220 1533 1438 1589 [debebat]
1473 1540 1541 1574 aut
1574 1533 1626 1584 ei,
1659 1548 1683 1574 a
1705 1548 1786 1589 quo
1807 1539 1980 1575 uocatus
2001 1539 2062 1574 est

231 1609 286 1650 ad
315 1609 531 1659 iudicium,
564 1616 632 1650 aut
665 1609 716 1659 ei,
749 1623 873 1663 quem
903 1608 995 1663 ipse
1024 1615 1228 1650 uocasset.

164 1692 206 1724 20
346 1691 429 1724 tum
459 1683 641 1739 respond.
699 1681 779 1723 Illa
808 1682 924 1723 hora.

345 1758 410 1798 36.
428 1758 494 1798 37.
525 1757 676 1798 uccdato
696 1756 878 1797 Debebat.
907 1755 959 1796 Id
976 1762 1059 1796 est:
1079 1755 1321 1811 cogebatur,
1339 1762 1410 1795 aut
1426 1770 1450 1798 η
1466 1760 1646 1801 m'causa
1663 1755 1858 1811 cadere?)
1869 1755 2060 1797 debebat.

345 1831 449 1886 qnod
477 1832 523 1872 πῖ
547 1831 621 1885 sec.
679 1829 731 1870 Id
749 1836 828 1871 est:
860 1828 954 1870 Nisi
985 1828 1257 1884 responderet
1288 1828 1456 1885 urgenti
1486 1829 1669 1884 negotio,
1698 1828 1903 1884 perdebat
1932 1830 2060 1871 litem.

225 1905 399 1960 perdere
430 1905 549 1945 litem.
612 1902 787 1945 Scilicet
818 1902 1009 1943 debebat.

346 1978 412 2018 38.
445 1977 507 2018 hic
537 1978 644 2019 ades.
704 1976 755 2017 Id
785 1983 868 2018 est:
901 1976 1044 2017 adesto
1076 1976 1192 2017 mihi.

166 2061 206 2091 25
347 2051 412 2092 39.
446 2059 518 2092 aut
547 2052 664 2093 ualeo
695 2059 813 2092 stare.
876 2049 924 2092 Si
954 2049 1089 2092 habeo
1120 2049 1244 2091 uires.

349 2151 382 2189 1)
409 2150 525 2180 Totum
551 2150 646 2179 schol.
674 2160 734 2180 0111.
760 2159 787 2191 γ.
818 2148 940 2188 Confiee.
971 2150 1117 2179 interfice
1146 2148 1257 2186 C,mva
1283 2158 1343 2177 om.
1371 2158 1466 2178 eneea
1492 2167 1532 2169 —
1558 2149 1710 2188 loquitur.
1760 2150 1795 2188 4)
1823 2150 1996 2189 Significat
2021 2167 2060 2171 ——

233 2208 366 2244 putabat
394 2217 453 2237 om.
479 2217 505 2247 γ.
533 2207 586 2235 Ex
610 2207 689 2236 locis
716 2211 774 2243 est,
801 2208 856 2244 qui
882 2207 982 2235 serius
1010 2216 1051 2235 ex
1077 2206 1195 2242 Porph.
1221 2207 1434 2244 transsumpti
1453 2211 1539 2243 sunt,
1566 2207 1713 2244 pluribus
1732 2208 1977 2244 paucioribusue
1994 2217 2062 2237 mu-
2122 2226 2126 2230 ⁴

231 2265 322 2299 tatis,
349 2264 480 2300 additis,
507 2264 654 2293 sublatis.
706 2262 740 2301 7)
767 2262 860 2292 Sorte
885 2263 961 2292 data
986 2272 1012 2304 γ.
1040 2263 1109 2292 rell.
1129 2272 1188 2291 om.
1238 2263 1273 2301 8)
1299 2262 1408 2300 Fingit
1427 2280 1465 2283 Ἣ
1481 2264 1590 2301 praed.
1616 2273 1642 2305 γ.
1662 2264 1731 2293 rell.
1752 2274 1811 2293 om.
1861 2263 1897 2303 9)
1922 2264 2061 2293 Hostilis

232 2331 259 2362 γ.
286 2322 357 2351 rell.
385 2331 445 2351 om.
497 2321 552 2360 11)
577 2316 699 2363 Τμῆσις
724 2324 773 2349 est
793 2330 853 2358 pro
878 2329 928 2358 qu.
956 2319 993 2354 Q.
1021 2314 1144 2360 Τμῆσις
1169 2329 1223 2357 pro
1250 2329 1300 2357 qu.
1328 2318 1374 2348 fh.
1400 2319 1526 2349 Tmesis
1554 2324 1603 2349 est
1629 2329 1680 2358 qu.
1706 2330 1727 2349 v
1753 2320 1943 2359 (rhemensis)
1969 2329 1997 2350 a.
2023 2324 2062 2349 te·
2110 2310 2114 2333 ἶ

232 2379 330 2407 mesis
368 2382 413 2407 est
452 2387 504 2416 qu.
541 2386 567 2418 γ.
594 2394 635 2397 —
660 2380 697 2405 ut
721 2394 764 2397 —
789 2377 888 2405 trioni
924 2386 949 2417 γ.
976 2376 1046 2404 rell.
1072 2385 1133 2404 om.
1159 2375 1221 2404 Hic
1247 2376 1335 2405 loeus
1361 2376 1425 2405 iam
1452 2385 1547 2414 supra
1573 2376 1606 2406 C.
1632 2376 1673 2414 ΙΙ,
1702 2377 1754 2413 20,
1783 2379 1821 2406 16
1849 2387 1912 2408 non
1937 2381 2062 2415 propter

233 2435 335 2464 tmesz'n
361 2435 416 2464 sed
442 2438 571 2472 propter
594 2432 801 2472 Hyperboreos
827 2433 866 2462 ab
892 2432 967 2462 Aer.
995 2433 1145 2462 laudatus
1172 2437 1231 2463 est.
1271 2432 1360 2462 Conf.
1387 2432 1475 2462 Seru.
1502 2434 1542 2462 A.
1568 2433 1593 2471 I,
1620 2435 1683 2463 412
1712 2438 1742 2463 et
1778 2439 1858 2464 uett.
1898 2434 2062 2464 Gramma-

233 2493 315 2521 ticos
332 2491 520 2521 testimonia
536 2500 554 2520 a
571 2490 663 2519 Ribb.
683 2490 795 2519 sedulo
813 2490 956 2519 collecta.
1009 2490 1064 2528 13)
1091 2499 1115 2519 s.
1133 2490 1172 2518 ad
1190 2490 1299 2527 templ.
1318 2500 1342 2531 γ.
1361 2490 1400 2519 ad
1417 2494 1527 2520 uestae
1546 2491 1658 2529 supple
1674 2491 1782 2529 templ.
1802 2502 1842 2520 m.
1861 2492 2016 2529 templum
2032 2489 2063 2520 in
2116 2511 2123 2531 ,ψ

234 2550 333 2587 pacis,
360 2558 448 2578 conc.
474 2557 500 2589 γ.
527 2548 596 2577 rell.
622 2547 654 2576 in
679 2545 773 2577 Cone.
825 2547 880 2585 15)
906 2547 941 2576 i11
966 2556 1025 2576 om.
1052 2556 1078 2588 γ.
1106 2546 1180 2585 quc'a
1203 2546 1320 2588 *s,vafh.
1347 2548 1400 2585 qui
1429 2545 1507 2586 (GP)
1533 2547 1632 2577 tacite
1657 2556 1718 2576 rec.
1745 2547 1782 2582 Q.
1801 2548 1851 2577 uel
1882 2547 1975 2589 qui-s.
1993 2546 2061 2577 rell.

234 2607 285 2634 uel
310 2605 394 2644 quia.
444 2605 499 2643 16)
525 2604 617 2634 uaclz'o
633 2604 661 2633 D
682 2604 817 2643 (homini
844 2604 899 2642 qui
925 2604 1016 2633 illum
1040 2603 1131 2633 undio
1156 2604 1384 2641 obligauerat).
1410 2604 1463 2647 Βφ
1481 2604 1622 2633 addunt:
1648 2604 1778 2633 Dicitur
1802 2609 1909 2634 autem
1934 2604 2062 2634 uadator

236 2667 266 2692 et
292 2664 346 2700 qui
372 2666 516 2700 praestat
539 2666 569 2690 et
596 2662 649 2699 qui
675 2661 801 2698 accipit.
827 2670 906 2702 Juva.
932 2660 1001 2690 rell.
1027 2661 1225 2690 uadimonio.
1293 2661 1349 2698 17)
1374 2661 1465 2690 Vado
1503 2662 1523 2690 i.
1552 2670 1577 2690 e.
1614 2671 1693 2691 uoco
1731 2671 1790 2690 om.
1828 2671 1854 2703 γ.
1890 2660 1998 2690 Vador
2034 2662 2063 2689 et

234 2720 334 2749 uador
359 2723 425 2748 ate
442 2728 458 2759 γ
474 2718 568 2748 Bern.
584 2717 620 2755 C,
647 2718 700 2756 qui
726 2717 814 2747 addit
838 2717 929 2746 illum.
982 2717 1037 2755 18)
1065 2717 1203 2746 debebat
1230 2717 1340 2756 (Hor.)
1369 2728 1427 2746 om.
1453 2727 1480 2759 γ.
1507 2722 1559 2747 cml
1583 2718 1611 2747 ei
1636 2727 1662 2759 γ.
1688 2718 1759 2746 rell.
1787 2728 1844 2747 oni.
1872 2721 1927 2747 aut
1955 2714 2060 2756 (ait?).

237 2776 294 2813 20)
321 2775 380 2804 Illa
404 2776 483 2804 hora
508 2785 533 2816 γ.
561 2777 625 2804 tum
649 2784 676 2815 γ,
703 2779 737 2803 υἱ,
762 2774 874 2816 ΒφὈΡ
900 2774 988 2803 Baro.
1016 2774 1125 2811 Magd.
1158 2773 1165 2792 ¹
1198 2774 1299 2803 Harll.
1326 2770 1448 2815 {377¹th
1487 2779 1569 2804 teste
1594 2774 1809 2812 Babingtone.
1835 2784 1906 2804 cum
1930 2772 2058 2812 Magd.²

236 2833 355 2870 aliquot
383 2842 430 2869 ap.
468 2832 563 2861 Feam
589 2836 649 2861 etc.
686 2831 758 2860 rell.
783 2835 860 2859 tunc.
926 2832 983 2869 21)
1010 2831 1127 2860 uadato
1165 2849 1206 2851 ἡ
1243 2831 1381 2860 debebat
1406 2840 1431 2871 γ.
1463 2830 1595 2869 perdere
1632 2831 1662 2859 li.
1690 2827 1743 2873 Rp.
1774 2826 1826 2872 Rp.
1863 2831 2001 2860 debebat
2025 2828 2060 2859 C.
2108 2863 2111 2876 A

235 2889 303 2917 rell.
331 2899 391 2918 om.
418 2891 514 2917 causa
537 2885 672 2917 cadere?
702 2887 848 2917 Brisson.
887 2887 926 2916 de
951 2887 1110 2916 Formulis
1136 2892 1195 2916 ete.
1222 2887 1260 2924 V,
1295 2888 1347 2916 42.
1385 2887 1577 2917 Heineecius
1614 2892 1679 2916 ant.
1717 2888 1775 2916 iur.
1813 2888 1899 2917 Rom.
1929 2887 1982 2924 VI,
2008 2887 2060 2915 21.

236 2944 367 2973 Minime
393 2950 487 2982 aptae
513 2945 593 2973 aliae
619 2944 853 2982 explicationes
878 2948 913 2972 ut
937 2943 1104 2973 calumniae
1128 2953 1229 2973 causa.
1268 2943 1351 2973 conf.
1378 2944 1557 2973 Mommsen
1583 2945 1613 2973 in
1639 2949 1705 2974 not.
1732 2945 1841 2973 latere.
1868 2948 1940 2981 post
1964 2941 2061 2972 Keilii

237 3000 385 3029 Probum.
435 3001 491 3039 22)
521 3000 608 3034 Quod
630 3000 663 3030 πῖ
673 2999 844 3038 faceret.
870 3008 940 3037 urg.
967 3009 1040 3038 neg.
1066 3001 1276 3038 responderet
1301 3001 1334 3029 C.
1361 3000 1428 3043 Bao:
1455 3000 1533 3038 quod
1547 2999 1648 3038 m'fec.
1669 3002 1688 3029 i.
1709 3001 1736 3029 si
1754 3010 1816 3029 non
1835 3004 1921 3029 esset
1938 3000 1978 3028 ad
1994 2999 2060 3037 pla-

237 3057 334 3085 citum
361 3057 421 3085 sibi
447 3058 657 3086 constitutum
682 3057 829 3094 perderet
854 3066 979 3085 omnem
1005 3057 1147 3085 laborem
1174 3066 1274 3085 suum.
1313 3057 1392 3094 quod
1428 3057 1461 3085 in
1488 3057 1601 3085 fideius
1629 3057 1753 3085 soribus
1791 3066 1969 3094 expensum
2004 3056 2061 3084 ha-

236 3112 343 3141 bebat.
371 3113 521 3150 quoniam
547 3117 619 3151 post
644 3113 935 3151 transgressionem
960 3113 1072 3151 placiti
1099 3116 1129 3142 et
1155 3113 1358 3142 fideiussores
1385 3114 1453 3150 lege
1479 3117 1663 3142 coartantur
1689 3116 1719 3142 et
1737 3114 1860 3142 maiora
1876 3113 2060 3142 redduntur.

239 3167 296 3206 23)
324 3167 452 3198 Scilicet
477 3169 613 3199 debebat
636 3179 663 3211 γ.
688 3170 756 3199 rell.
785 3179 844 3199 oni.
908 3169 966 3208 25)
993 3168 1026 3199 Si
1052 3170 1083 3198 h.
1112 3169 1197 3198 uires
1222 3179 1248 3210 γ.
1286 3170 1351 3198 rell.
1379 3179 1437 3198 om.
1464 3167 1508 3198 C:
1546 3169 1583 3198 Id
1608 3172 1666 3207 est,
1704 3170 1730 3198 si
1755 3170 1857 3199 habeo
1882 3169 1993 3206 iureis,
2025 3170 2061 3196 ut
