2148 3412
163 932 200 962 Η]

164 1299 202 1328 15

162 1665 203 1696 20

165 2039 206 2070 25

228 128 309 166 630
863 133 966 167 AOR.
993 133 1052 164 ET
1078 132 1244 165 PORPH.
1270 131 1418 165 COMM.

337 263 431 301 327.
467 261 594 301 Filius
616 259 763 300 Albini.
807 255 1104 299 Foeneratoris
1144 255 1360 297 cuiusdam
1386 254 1563 307 [diuitis]
1588 253 1719 296 auari.
1758 254 1805 295 de
1824 257 2054 309 quincunce.

226 335 294 375 De
325 334 510 389 quinque
541 332 673 374 uncis.

337 408 430 449 328.
465 408 593 448 triens.
656 404 803 446 Tertia
833 419 931 459 pars
962 403 1108 453 librae,
1147 416 1254 457 quae
1294 401 1395 443 facit
1431 400 1578 442 uncias
1608 406 1817 454 quattuor,
1847 413 1945 441 cum
1973 398 2055 441 sint

226 480 372 537 [libra]
406 481 555 522 unciae
586 478 808 520 duodecim
829 477 950 518 libra.
1010 492 1070 519 eu.
1101 475 1186 517 Pro
1208 490 1315 530 euqe,
1340 473 1403 530 [id
1426 474 1522 531 est],
1552 473 1672 515 bene.
1732 471 1829 515 Hoc
1849 472 1919 515 ille
1940 472 2057 522 dixit,

226 554 296 608 qui
329 551 475 610 [inter]
508 560 680 608 rogatus
710 553 856 593 fuerat.

336 628 431 669 329.
462 628 564 669 redit
593 628 729 669 mwz'a.
791 623 1032 678 Quincunci
1064 622 1234 664 additur
1263 623 1399 672 sancia,
1444 621 1488 662 id
1525 629 1598 670 est,
1645 621 1699 663 ad
1728 620 1833 663 alias
1872 620 2058 676 quinque

225 700 387 742 accedit
421 700 505 742 alia
535 700 671 741 uncia.

339 776 433 816 330.
467 776 602 816 Sentis.
662 772 811 814 Media
841 787 939 827 pars
970 770 1116 812 librae.
1185 770 1239 811 ad
1268 769 1362 811 haec
1393 771 1547 811 animos
1578 783 1739 824 (ιω-προ.
1793 770 1985 823 [Aeru90,
2016 766 2060 807 id

225 856 299 896 est,
330 847 542 905 auaritia]
589 847 834 901 Acruqinem
865 843 1095 900 adpellauit
1126 842 1361 892 auaritiam,
1393 842 1514 897 quasi
1534 842 1755 884 maculam.
1803 842 1902 884 Item
1932 841 2059 883 aliter.

229 925 392 977 Aeruqo.
456 920 662 962 Auaritia.
710 919 761 960 Id
782 926 856 967 est,
889 933 983 960 cum
1005 916 1183 959 auaritia
1204 916 1476 972 occupauerit
1496 932 1521 957 a
1542 916 1679 971 prima
1700 915 1878 957 infantia
1898 914 2061 956 animos

228 994 480 1051 [hominum]
503 994 804 1043 Romanorum,
836 991 1146 1048 sperandumne
1178 996 1251 1040 est,
1284 1004 1355 1032 eos
1385 1004 1508 1045 posse
1540 989 1724 1031 scribere
1746 989 1933 1031 carmina
1954 988 2061 1030 reci-

226 1069 382 1123 pienda
403 1068 446 1109 in
468 1067 785 1109 auctoritatem?
820 1068 928 1108 Cura
949 1065 1123 1122 [autem]
1139 1064 1285 1121 peculi,
1310 1062 1374 1119 [id
1405 1067 1497 1116 est,]
1531 1063 1740 1119 cupiditas
1771 1062 2058 1119 pecuniarum.

340 1143 434 1184 332.
468 1142 629 1183 linenda
661 1141 779 1182 cedro
812 1149 847 1182 ct
877 1140 953 1181 leue
985 1139 1191 1182 seruanda
1224 1151 1423 1194 cupresso.
1461 1137 1512 1179 Id
1543 1144 1604 1178 est
1625 1136 1807 1178 armario
1829 1135 2059 1191 conposito.

230 1215 371 1273 [Dixit
404 1218 560 1267 autem]
604 1215 766 1256 linenda
809 1221 941 1254 autem
973 1213 1092 1254 cedro
1123 1221 1159 1253 et
1189 1212 1268 1253 leui
1295 1212 1501 1253 seruanda
1531 1225 1720 1266 cupresso
1760 1209 1879 1260 dixit,
1925 1208 2060 1265 [quia]

230 1297 275 1331 ut
306 1290 431 1343 (haec
462 1287 670 1342 carmina)
703 1287 746 1327 in
778 1293 1027 1341 perpetuum
1058 1291 1253 1326 maneant
1285 1284 1421 1326 unctis
1453 1285 1496 1325 in
1525 1283 1704 1326 circuitu
1726 1283 1882 1326 chartis
1913 1282 2061 1325 cedro:

228 1361 417 1417 Vtraque
450 1361 562 1403 enim
594 1375 659 1402 res
690 1359 818 1401 odore
849 1374 924 1400 suo
956 1358 1176 1400 submonet
1206 1358 1353 1400 tineas.

342 1436 436 1477 333.
469 1435 602 1476 delect.
633 1435 796 1489 ‘poetae’-
857 1431 989 1473 Aliud
1027 1438 1312 1487 praeceptum.
1374 1429 1600 1473 Delectant
1647 1430 1849 1482 bucolica,
1890 1436 2063 1486 prosunt

229 1508 442 1564 georgica.

342 1584 437 1623 334.
467 1582 625 1623 idonea.
686 1579 835 1630 Utilia,
868 1593 977 1634 quae
1008 1578 1209 1634 prodesse
1240 1584 1426 1634 possunt.

339 1656 435 1697 335.
471 1654 673 1710 Quicquid
696 1654 930 1710 praecepte&
964 1660 1042 1694 esto
1065 1652 1207 1694 breuis.
1240 1650 1373 1694 Aliud
1395 1657 1681 1708 praeceptum.
1713 1650 1765 1693 Id
1785 1658 1869 1693 est:
1893 1650 2061 1706 quando

229 1729 299 1770 dat
330 1728 483 1784 aliquis
515 1734 800 1784 praeceptum,
843 1724 948 1779 [Qui
980 1726 1052 1766 dat
1081 1733 1309 1781 praecepta
1340 1725 1454 1782 aliis]
1498 1724 1683 1767 breuiter
1713 1724 1836 1766 debet
1869 1724 1984 1775 dare,
2021 1730 2065 1765 ut

231 1803 312 1844 cito
343 1802 483 1843 audiri
512 1801 643 1858 possit
675 1808 716 1842 et
746 1800 828 1842 cito
860 1798 1062 1854 intellegi.
1122 1797 1174 1839 Id
1205 1805 1285 1840 est:
1328 1798 1564 1854 Praecepta
1595 1797 1750 1840 debent
1781 1797 1927 1840 breuia
1957 1812 2063 1847 esse,

230 1877 345 1931 quia,
378 1876 412 1917 si
443 1875 573 1931 longa
603 1874 770 1924 fuerint,
816 1888 938 1915 aures
970 1871 1170 1914 deficiunt
1201 1871 1453 1913 auditorum.
1512 1871 1760 1927 Percipiant
1789 1886 1892 1928 ergo
1923 1871 2065 1919 animi,

231 1958 274 1991 ut
315 1949 471 1991 dociles
508 1949 631 1998 fiant,
668 1948 782 2003 quia,
822 1947 935 2002 quod
975 1945 1167 2001 percipio
1207 1952 1246 1988 et
1283 1945 1496 2002 intellego,
1538 1945 1657 1988 docet
1693 1960 1774 1987 me.
1835 1946 1953 1988 Item:
1986 1954 2065 1987 esto

233 2024 380 2074 breuis,
413 2023 456 2064 id
488 2030 559 2072 est,
591 2036 713 2064 serua
743 2019 992 2062 necessaria.

347 2098 442 2138 336.
476 2096 636 2138 dociles.
697 2092 871 2136 Scilicet
902 2103 937 2135 et
963 2093 1076 2148 fiant.
1136 2100 1368 2148 teneantque
1403 2092 1553 2149 fideles.
1614 2092 1675 2134 Ut
1720 2098 1900 2143 seruent,
1946 2091 2058 2147 quod

233 2170 459 2225 accipiunt,
491 2183 543 2210 ne
574 2168 727 2218 effluat,
759 2166 872 2222 quod
903 2165 1092 2207 audiunt.

350 2293 382 2330 l)
408 2291 509 2321 Altini
533 2290 579 2320 fh.
616 2290 685 2320 Hoc
711 2293 742 2318 et
768 2297 833 2326 seq.
860 2288 957 2317 schol.
985 2296 1044 2317 om.
1070 2287 1100 2316 N
1125 2286 1211 2316 Med.
1238 2286 1366 2324 G‚rvea.
1386 2305 1416 2307 Q
1438 2288 1552 2317 diuitis
1577 2296 1637 2318 om.
1662 2296 1688 2329 γ.
1715 2288 1805 2317 auari
1830 2285 1886 2329 γΟ.
1906 2286 1976 2316 rell.
2001 2296 2062 2317 om.
2119 2315 2122 2324 ,

233 2349 268 2387 3)
296 2346 425 2377 Scholia
450 2348 490 2376 ad
516 2347 546 2376 h.
574 2356 603 2378 u.
632 2347 664 2375 in
691 2345 837 2383 plurimis
865 2344 956 2374 libris
981 2349 1076 2373 extra
1101 2343 1168 2373 ord.
1194 2353 1244 2382 po.
1273 2347 1361 2375 sunt.
1413 2345 1448 2384 4)
1474 2345 1539 2374 sint
1556 2344 1657 2374 librae
1673 2353 1700 2386 γ.
1717 2344 1787 2373 rell.
1815 2343 1859 2373 sit
1884 2343 1976 2373 libra.
2002 2342 2064 2373 Pro

232 2412 313 2442 euge
337 2413 363 2445 γ.
389 2403 459 2433 rell.
486 2412 546 2432 om.
573 2412 637 2441 pro.
665 2401 749 2431 conf.
767 2400 810 2431 O:
839 2401 894 2430 ‘eze
920 2403 1019 2437 recte,
1046 2401 1128 2429 bene
1154 2409 1209 2438 pro
1235 2409 1326 2438 euge.
1353 2400 1413 2430 hoc
1439 2400 1528 2429 dixit
1554 2400 1580 2430 is
1606 2401 1660 2439 qui
1686 2409 1754 2438 rog.
1781 2399 1887 2429 fuerat
1912 2399 1965 2429 fh:
1993 2399 2062 2429 ιΕἠ.

232 2454 290 2496 Εὖ,
318 2460 350 2489 id
376 2463 435 2496 est,
462 2460 562 2488 bene:
589 2459 648 2488 Vel
674 2458 735 2494 Eu,
762 2466 817 2496 pro
844 2458 944 2495 euge‘.
971 2457 1040 2486 rell.
1066 2466 1111 2486 eu.
1137 2457 1241 2495 Euge,
1280 2457 1313 2486 id
1337 2461 1397 2494 est,
1423 2457 1514 2487 bene.
1542 2475 1581 2478 —
1608 2457 1639 2487 id
1666 2461 1716 2487 est
1742 2466 1801 2487 om.
1826 2465 1853 2498 γ.
1891 2455 1980 2485 Bene
2006 2456 2066 2486 hoc
2127 2454 2142 2484 e

232 2526 259 2557 γ.
293 2517 328 2556 5)
354 2520 487 2554 rogatus
512 2525 537 2557 γ.
566 2515 634 2544 rell.
673 2515 903 2553 interrogatus.
964 2514 999 2552 8)
1024 2513 1066 2542 ad
1088 2514 1165 2542 haec
1191 2532 1231 2534 ω
1259 2514 1400 2544 inbuerit
1438 2513 1557 2552 (Tacit.
1584 2514 1624 2543 A.
1650 2514 1721 2551 XII,
1749 2514 1806 2553 32)
1831 2523 1860 2555 γ,
1896 2516 1933 2542 ut
1957 2521 2065 2542 omnes
2118 2495 2138 2556 ,ἢ

233 2574 324 2604 codd.
352 2573 427 2603 Hor.
455 2590 496 2593 -Λ
522 2573 562 2601 ad
586 2572 663 2601 hanc
688 2572 782 2601 anim.
810 2580 928 2609 aerugo
954 2570 991 2606 Q.
1016 2572 1085 2600 roll.
1104 2571 1177 2601 hab.
1196 2571 1330 2601 lemma:
1357 2571 1475 2610 Acruyo
1499 2574 1525 2600 ec
1541 2580 1585 2600 cu.
1599 2580 1665 2609 pec.
1724 2570 1758 2609 9)
1786 2569 1935 2609 apellavit
1950 2578 1977 2611 γ.
1994 2569 2064 2599 rell.
2128 2561 2144 2621 ff

235 2630 382 2668 appellat.
442 2630 497 2668 10)
522 2629 688 2659 hominum
715 2638 776 2658 om.
796 2627 875 2665 N,C.
946 2626 1000 2667 11)
1025 2627 1217 2666 sperandum
1241 2637 1300 2657 non
1326 2631 1374 2657 est
1399 2627 1481 2657 cafh.
1509 2636 1591 2665 sper.
1619 2631 1661 2657 est
1682 2636 1741 2656 non
1766 2636 1860 2665 posse
1884 2636 1915 2655 v.
1943 2634 1990 2663 sp.
2015 2628 2065 2655 est

235 2695 327 2724 posse
352 2685 423 2716 NG.
450 2686 645 2724 sperandum
682 2688 731 2714 est
766 2694 816 2714 eos
852 2693 945 2722 posse
970 2694 995 2714 r.
1023 2685 1265 2722 sperandumne.
1304 2688 1352 2714 est
1377 2693 1424 2713 eos
1449 2693 1542 2721 posse
1572 2682 1672 2722 C(Q).
1738 2683 1793 2722 12)
1819 2686 1927 2712 autem
1951 2691 2012 2712 om.
2036 2691 2063 2724 γ.

239 2760 273 2763 —-
302 2743 333 2771 id
360 2746 406 2771 est
433 2752 493 2772 om.
520 2752 545 2783 γ.
614 2741 669 2779 13)
696 2741 732 2770 Id
758 2744 807 2770 est
832 2750 908 2770 arni.
945 2759 967 2761 νὴ
1002 2741 1125 2771 chartis
1155 2742 1248 2771 cedro
1274 2750 1333 2771 om.
1353 2741 1382 2770 N
1398 2740 1484 2770 Med.
1512 2740 1702 2780 G(Q),rvca.
1728 2739 1810 2769 conf.
1835 2738 1876 2770 O:
1910 2747 2062 2778 cupresso.

235 2807 311 2827 arm.
337 2799 367 2827 b.
405 2808 506 2836 comp.
545 2798 575 2827 1⁴72
612 2797 720 2827 tabulis
754 2796 867 2837 lz‘ynez‘s.
937 2798 989 2834 14)
1016 2797 1113 2827 Dixit
1137 2807 1197 2827 orn.
1223 2807 1249 2838 γ.
1288 2797 1432 2827 Linenda
1468 2802 1565 2826 (nectem
1600 2797 1668 2826 ced.
1699 2796 1764 2838 γ,Ο.
1792 2813 1831 2817 —-
1858 2796 1922 2826 leui
1950 2793 2063 2835 (Hor.)

234 2864 261 2896 γ.
286 2856 354 2883 rell.
382 2866 442 2884 om.
470 2873 508 2875 ῌ
537 2864 697 2893 cupresso.
736 2853 813 2883 dimit
847 2858 943 2884 autem
979 2858 1010 2883 ut
1032 2854 1104 2884 llaec
1127 2854 1267 2884 carmina
1293 2855 1326 2884 in
1352 2863 1438 2892 perp.
1464 2853 1532 2894 ·s‚C.
1559 2854 1628 2883 rell.
1654 2862 1815 2892 cupresso,
1841 2852 1911 2891 quia
1935 2853 1968 2882 in
1993 2860 2064 2890 per-

236 2914 377 2947 petuum.
405 2911 620 2940 conam-nanda
645 2911 708 2940 leui
736 2909 771 2940 O.
839 2910 894 2949 15)
912 2927 954 2930 —
972 2910 1093 2940 chartis
1118 2909 1223 2941 resina
1246 2910 1339 2941 cedri.
1364 2913 1427 2939 utr.
1457 2909 1493 2939 C.
1519 2909 1619 2939 cedro.
1657 2909 1765 2939 resina
1800 2909 1887 2938 cedri
1924 2907 1957 2938 C.
2008 2907 2063 2946 16)

237 2972 411 2996 summouet
439 2968 524 2997 libri.
589 2968 642 3006 17)
668 2966 769 2996 delect.
786 2984 824 2987 -ν
841 2967 991 3005 georgica
1014 2976 1040 3008 γ.
1068 2966 1137 2996 rell.
1165 2976 1226 2996 om.
1296 2965 1351 3004 19)
1375 2965 1492 2996 idonea.
1519 2966 1623 2996 Utilia
1647 2975 1677 3004 q.
1705 2975 1751 3003 pr.
1778 2968 1914 3003 possunt
1937 2973 1965 3006 γ.
1991 2962 2063 2993 rell.
2124 2999 2126 3002 Ι

237 3032 297 3051 om.
348 3023 404 3060 20)
430 3022 478 3052 Al.
507 3033 607 3060 praec.
634 3023 669 3052 de
687 3022 829 3052 breuitate
845 3022 1003 3052 indicendo
1028 3021 1063 3054 C.
1091 3022 1126 3051 Id
1154 3025 1202 3051 est
1225 3021 1343 3060 quando
1368 3022 1398 3051 d.
1417 3022 1537 3060 aliquis
1555 3026 1755 3060 praeceptum
1779 3029 1804 3061 γ.
1830 3021 1899 3050 rell.
1929 3019 1987 3053 Qui
2010 3019 2065 3048 dat

238 3083 408 3116 praecepta
433 3079 514 3108 aliis.
563 3080 621 3118 22)
646 3081 734 3109 breu.
762 3088 832 3109 esse
858 3089 883 3120 γ.
911 3080 979 3109 rell.
1006 3088 1076 3108 esse
1100 3079 1147 3108 br.
1198 3078 1255 3116 26)
1282 3078 1401 3108 dociles.
1429 3088 1454 3108 s.
1481 3083 1513 3108 et
1530 3079 1610 3108 fiant
1627 3087 1654 3118 γ.
1672 3077 1741 3107 rell.
1760 3086 1820 3121 om.
1871 3074 1929 3115 27)
1957 3074 2066 3105 effluat

239 3135 321 3172 quod
349 3134 412 3175 μί),
440 3136 506 3164 roll.
535 3135 663 3165 effluant
686 3144 771 3174 quae.
