2148 3412
802 105 849 136 IN
876 105 984 137 Aur.
1012 104 1143 140 PonT.
1823 94 1902 135 647

180 227 275 268 468.
307 227 381 268 hoc
409 227 517 281 fecit.
577 226 639 269 Ut
669 242 712 269 se
746 228 1025 284 [demitteret
1055 228 1099 269 in
1130 234 1316 284 puteum.
1361 236 1564 271 retractus
1595 230 1667 271 erit
1695 230 1789 271 iam.
1836 228 1906 269 De

68 305 207 354 puteo.

180 374 277 414 469.
310 374 394 415 Fiet
423 374 551 416 homo.
603 375 787 431 Sapiens,
837 376 1029 429 famosae.
1089 374 1139 416 In
1171 375 1369 431 opinione
1401 376 1575 432 positae,
1617 376 1661 418 id
1700 383 1782 419 est:
1829 390 1906 418 nec

67 445 231 488 desinet
259 446 369 488 uelle
400 446 584 503 gloriose
615 448 735 490 mori.

179 520 275 561 470.
306 521 389 562 Nec
426 524 520 563 satis
557 522 739 578 adparet,
788 537 863 564 cm·
904 537 1049 563 uersus
1093 523 1258 576 sactz'tet.
1335 522 1570 580 [Nescitur]
1616 523 1707 566 Nec
1753 524 1907 566 scietur

67 607 216 647 paena,
254 600 429 649 propter
465 609 590 649 quam
622 595 751 636 faciat
780 595 913 636 malos
946 610 1092 637 uersus
1123 596 1296 638 insanus
1327 605 1464 652 poeta,
1503 605 1574 639 aut
1611 598 1710 653 quia
1738 598 1906 641 laeserit

69 665 271 717 bidental,
304 674 375 708 aut
405 668 505 723 quia
535 668 757 710 uiolauerit
791 669 959 725 [patris]
994 669 1249 724 sepulcrum.

182 741 277 781 471.
311 742 523 784 Mz’noeerz't.
570 741 752 784 Urinam
784 742 942 784 fecerit.
990 744 1099 785 triste
1131 744 1314 785 bidental.
1361 743 1578 800 [Bidental
1599 745 1729 795 locus,
1760 745 1803 786 in
1826 760 1908 800 quo

66 813 225 855 fulmen
256 814 470 856 conditum
502 822 589 857 erat
622 830 715 857 cum
747 831 903 871 magna
933 816 1169 858 reuerentia
1190 832 1215 858 a
1237 817 1537 859 sacerdotibus.
1583 819 1724 873 lTriste
1755 826 1907 869 autem,

68 887 268 941 quoniam
299 895 474 944 propter
502 889 667 944 lapsum
691 889 958 931 constituitur
978 890 1149 932 fulmen.
1194 890 1251 931 Et
1284 890 1364 947 [est
1388 890 1448 948 Q]
1483 892 1659 934 bidental
1677 907 1702 933 a
1723 892 1906 933 bidenti-

69 960 145 1003 bus
183 961 365 1012 dictum3
412 978 509 1004 nam
548 962 749 1018 reliquias
789 963 977 1005 fulminis
1013 964 1232 1019 pontifices
1269 979 1363 1006 cum
1396 965 1602 1007 sacrificio
1634 965 1908 1021 sepeliebant.

71 1033 266 1076 Aliter:
302 1034 429 1088 Quod
460 1036 525 1078 bis
555 1036 730 1078 fulmine
752 1052 995 1092 percussum
1018 1045 1092 1088 est,
1127 1038 1313 1080 bidental
1335 1039 1584 1094 adpellatur.
1616 1039 1712 1082 Hoc
1744 1040 1908 1095 expiari

73 1123 157 1150 non
202 1116 351 1164 potest.
411 1108 571 1151 Errant
602 1118 756 1161 autem,
804 1111 875 1166 qui
914 1111 1060 1153 dicunt
1097 1111 1149 1153 ab
1182 1127 1294 1167 agna
1325 1112 1483 1154 dictum
1515 1112 1714 1154 bidental.
1781 1116 1910 1156 Triste

70 1183 254 1233 bidental,
291 1183 390 1238 quia
419 1183 558 1225 tristes
579 1184 683 1225 fiunt
713 1184 903 1227 homines
933 1185 1126 1227 uidentes
1156 1185 1309 1235 locum,
1341 1200 1465 1240 quem
1496 1186 1695 1227 ceciderit
1715 1186 1908 1243 fulmen]

70 1257 258 1299 Bidental
278 1257 394 1299 locus
415 1257 615 1300 fulminis.
668 1257 808 1299 Triste
841 1266 991 1308 autem,
1029 1258 1228 1313 quoniam
1259 1265 1433 1314 propter
1453 1259 1618 1314 lapsum
1642 1260 1908 1302 constituitur

70 1330 282 1386 (fulmen).
340 1330 398 1371 Et
428 1332 604 1373 bidental
623 1347 647 1373 a
680 1333 902 1374 bidentibus
933 1332 1113 1381 dictum3
1161 1347 1259 1373 nam
1291 1331 1492 1387 reliquias
1522 1333 1710 1375 fulminis
1740 1334 1910 1388 pontifi-

69 1418 138 1446 ces
170 1419 265 1446 cum
296 1404 502 1447 sacrificio
541 1405 814 1461 reponebant.
886 1405 1078 1460 Aliquid,
1112 1405 1224 1460 quod
1255 1404 1320 1447 bis
1352 1405 1527 1447 fulmine
1558 1421 1804 1461 percussum
1836 1415 1910 1459 est,

71 1479 247 1520 bidental
275 1478 533 1533 adpellatur:
566 1479 646 1521 hoc
677 1479 841 1535 expiari
872 1494 956 1521 non
988 1486 1137 1533 potest.
1197 1478 1356 1520 Errant
1386 1486 1539 1530 autem,
1579 1481 1650 1535 qui
1682 1481 1826 1523 dicunt
1858 1481 1911 1523 ab

70 1566 183 1608 agna
213 1552 370 1594 dictum
410 1553 600 1595 bidental.
664 1553 851 1595 Bidental
885 1553 1001 1595 locus
1043 1560 1117 1603 est,
1155 1552 1198 1593 in
1245 1567 1328 1608 quo
1373 1553 1530 1595 fulmen
1577 1561 1638 1596 est
1683 1555 1910 1597 conditum.

75 1626 203 1668 Triste
234 1627 410 1668 bidental
440 1627 548 1677 ideo,
595 1626 694 1681 quia
724 1627 863 1668 tristes
894 1627 997 1668 fiunt
1026 1626 1216 1668 homines
1263 1627 1454 1669 uidentes
1498 1627 1649 1678 locum,
1696 1629 1740 1670 in
1785 1644 1909 1684 quem
1936 1638 1942 1648 ·

71 1699 273 1741 ceciderit
302 1700 483 1749 fulmen3
515 1700 652 1742 tristes
684 1707 821 1741 autem
854 1700 1157 1742 recordatione.

186 1775 282 1815 472.
315 1775 493 1818 Monerit
523 1776 711 1817 incestus.
775 1775 953 1816 Incestus
984 1773 1138 1815 dicitur
1173 1774 1298 1816 homo
1343 1774 1541 1829 pollutus,
1588 1775 1659 1830 qui
1704 1776 1912 1832 flagitium

81 1847 336 1896 conmiserit,
368 1855 439 1890 aut
469 1848 514 1889 in
545 1863 744 1898 sororem,
777 1855 846 1889 aut
878 1848 921 1888 in
953 1847 1226 1897 sacerdotem,
1259 1854 1327 1889 aut
1359 1847 1403 1889 in
1435 1848 1626 1890 adfinem.

185 1923 280 1964 473.
314 1922 505 1965 clatlzros.
569 1921 895 1979 [Oppositiones
931 1920 1167 1977 ostiorum]

185 1997 281 2037 474.
312 1997 528 2038 Indoctnm
559 1997 794 2052 doctumque
824 1997 950 2049 licoat.
1019 1994 1070 2035 Id
1102 2002 1184 2036 est:
1233 1993 1446 2037 Omnibus
1477 1995 1598 2037 dicit:
1645 1997 1787 2038 'audite
1831 2011 1911 2048 me,
1965 2006 1976 2019 ·’

77 2083 172 2111 cum
204 2069 257 2111 ab
288 2069 484 2112 omnibus
514 2069 714 2125 fugiatur.
776 2070 960 2111 acerbus.
992 2067 1147 2110 Malus.

193 2209 225 2248 1)
253 2219 286 2239 se
313 2219 373 2240 om.
400 2209 446 2239 fh.
473 2210 617 2240 mitteret
643 2218 668 2250 γ.
689 2210 757 2238 roll.
784 2209 861 2238 dem.
892 2226 929 2229 »-
956 2208 993 2237 de
1022 2211 1117 2245 puteo
1141 2217 1168 2248 γ.
1188 2208 1255 2237 rell.
1276 2217 1334 2237 om.
1393 2208 1428 2247 3)
1456 2207 1593 2247 Sapiens
1619 2219 1643 2251 γ.
1672 2210 1741 2239 rell.
1767 2219 1828 2240 om.
1877 2210 1913 2249 4)

75 2266 186 2295 desunt
209 2265 254 2295 fh.
280 2266 398 2295 desinet
421 2265 554 2307 *{‚(J(Q).
618 2266 651 2304 5)
678 2265 786 2294 Nescit
810 2275 942 2303 poenam
966 2274 1011 2294 ca.
1039 2264 1103 2293 Nec
1129 2264 1248 2293 scietur
1272 2273 1299 2305 γ.
1320 2265 1389 2295 rell.
1416 2265 1576 2295 Nescitur.
1638 2266 1672 2304 G)
1699 2267 1772 2295 mal.
1799 2275 1913 2296 uersus

74 2333 102 2365 γ.
130 2323 202 2352 rell.
242 2332 323 2352 uers.
361 2323 473 2352 malos.
511 2321 542 2351 in
579 2323 706 2351 insanos
731 2326 825 2360 poeta
851 2321 895 2350 fh.
924 2321 994 2349 rell.
1023 2321 1151 2350 insanus
1176 2325 1278 2358 poeta.
1310 2339 1344 2341 -<—
1373 2326 1425 2350 aut
1438 2326 1543 2351 aaut
1568 2331 1594 2363 γ.
1614 2323 1684 2352 rell.
1712 2332 1763 2352 an.
1792 2341 1832 2343 —
1860 2332 1912 2352 an.

79 2380 113 2418 7)
140 2381 244 2418 patris
270 2390 331 2410 om.
358 2389 385 2422 γ.
435 2380 470 2418 8)
496 2379 655 2409 Μὴν-ζωὴ
684 2379 825 2418 (miucx.
851 2379 969 2408 Berun.
985 2376 1100 2416 ABG).
1127 2377 1260 2406 Urinam
1288 2378 1397 2408 fecerit
1423 2388 1449 2419 γ.
1468 2379 1535 2407 rell.
1556 2389 1616 2408 om.
1704 2377 1833 2409 Scholia
1856 2388 1915 2409 un-

77 2438 123 2466 cis
149 2437 273 2466 inclusa
297 2435 441 2466 Bidental
466 2453 506 2457 —-
530 2435 644 2470 ficlmen
668 2436 751 2473 apud
777 2435 960 2464 1¹'abricium
988 2434 1054 2473 (fh)
1081 2434 1232 2472 leguntur
1268 2438 1364 2473 atque
1402 2435 1485 2472 apud
1514 2435 1680 2465 Editorem
1706 2435 1914 2473 Pragensem,

77 2495 131 2533 qui
157 2494 308 2523 insanum
334 2494 458 2523 exitum
484 2492 602 2528 vocum,
627 2502 711 2531 quem,
735 2490 1020 2528 ‹recitlerc'tsulmcn’
1047 2500 1107 2520 nou
1135 2492 1285 2520 correxit.
1324 2491 1469 2521 Pectora.
1508 2492 1611 2521 siluae
1636 2491 1812 2523 caeduntur.
1851 2502 1915 2523 non

78 2551 212 2580 fulmine
237 2551 382 2580 caeditur
406 2550 504 2585 Iocus7
533 2550 588 2579 sed
614 2550 733 2578 fulmen
760 2548 841 2578 cadiz
866 2549 896 2577 iu
923 2548 1024 2577 illum.
1051 2548 1128 2577 Heu.
1160 2549 1234 2578 libri
1262 2549 1339 2577 haec
1364 2549 1483 2578 habent
1508 2548 1628 2577 scholia
1654 2549 1814 2578 breuiora:
1850 2549 1916 2578 ‘Bi-

78 2608 199 2637 dental.
226 2608 313 2638 locus
339 2606 497 2636 fulminis.
524 2606 633 2636 Triste
659 2609 766 2635 autem
793 2605 876 2643 quod
903 2606 979 2643 (om.
1007 2604 1082 2642 N,r)
1110 2609 1239 2642 propter
1275 2605 1401 2643 lapsum
1438 2605 1560 2634 fulmen
1599 2606 1823 2635 constituitur.
1872 2605 1916 2635 Et

80 2668 129 2695 est
144 2664 291 2694 bidental
309 2674 327 2692 a
343 2664 528 2694 bidentibus
547 2663 678 2692 dictum.
698 2672 768 2692 nain
797 2662 952 2699 reliquias
980 2661 1120 2690 fulminis
1147 2662 1312 2698 pontifices
1326 2672 1395 2691 cum
1414 2662 1570 2691 sacrificio
1587 2662 1808 2699 sepeliebant?
1858 2662 1916 2701 20)

80 2721 231 2751 Bidental
252 2739 286 2741 ν-
304 2721 524 2750 recordatione
551 2730 577 2761 γ.
628 2719 685 2757 23)
714 2719 781 2760 Βφ;
811 2719 979 2748 *Ostendit
1005 2722 1133 2756 propter
1159 2718 1280 2756 aliquid
1307 2724 1471 2755 peceatum
1499 2718 1635 2747 stultum
1662 2719 1823 2747 homiuem
1849 2728 1915 2747 car-

81 2779 169 2808 mina
194 2778 278 2807 uelle
305 2786 506 2815 componere.
532 2777 616 2806 uude
640 2776 801 2805 derisione
829 2775 947 2813 dignm
967 2775 1111 2803 hahetur.
1140 2775 1261 2803 scilicet
1282 2779 1336 2803 aut
1354 2774 1491 2804 uiolauit
1508 2778 1598 2812 pater
1616 2784 1688 2803 num
1707 2774 1914 2811 sepulchrum.

81 2839 138 2864 aut
164 2835 261 2864 etiam
288 2834 390 2863 uoluit
418 2843 435 2862 a
461 2842 494 2861 se
520 2841 681 2862 remouere
709 2835 902 2869 potestatem
929 2835 957 2860 et
985 2831 1162 2860 dominium
1190 2832 1269 2861 iouis
1296 2840 1388 2869 quem
1409 2830 1540 2869 explari
1555 2831 1642 2861 nullo
1662 2831 1754 2859 modo
1781 2834 1916 2868 poterat.

84 2896 216 2930 propter
241 2891 325 2929 quod
352 2891 453 2919 mouit
480 2893 512 2919 et
538 2889 707 2918 etnicitanit
736 2892 844 2917 couti-:x
873 2898 906 2916 se
933 2888 1051 2917 fulmen
1080 2889 1172 2917 iouis.
1201 2887 1331 2916 bidental
1354 2888 1435 2917 enim
1463 2890 1593 2917 uocatur
1620 2887 1648 2915 id
1675 2887 1757 2924 quod
1775 2888 1917 2925 iuppiter

82 2949 234 2979 fulminat
254 2959 289 2979 co
305 2947 384 2987 qnod
401 2952 526 2985 utraque
546 2951 637 2985 parte
663 2946 791 2975 (ήκω-αἰ]
843 2947 899 2983 21)
928 2948 1010 2983 Opp.
1039 2950 1099 2975 ost.
1127 2955 1186 2973 om.
1205 2954 1232 2986 γ,
1260 2945 1312 2981 qui
1340 2944 1437 2973 habet
1462 2943 1572 2973 clatros
1597 2944 1646 2981 (ut
1674 2943 1797 2985 EBgoF)
1824 2943 1917 2972 rudos

83 3003 139 3045 (2³).
165 3006 233 3048 Bep:
262 3006 374 3034 ‘fustes
400 3005 529 3034 rotundi
555 3004 671 3042 quibus
697 3003 886 3033 obfirmatur
911 3012 1019 3031 cauca.
1048 3004 1085 3031 cf.
1114 3002 1156 3031 C:
1184 3000 1305 3030 ‘clamo-i
1329 3004 1400 3029 sunt
1426 3000 1547 3029 robusti
1574 3003 1679 3037 postes
1706 3005 1735 3029 et
1774 3000 1915 3035 rotundi,

83 3062 247 3100 repagula,
284 3062 401 3099 quibus
427 3060 618 3090 obfirmatur
643 3060 751 3089 cauea'
780 3063 839 3089 etc.
877 3059 970 3089 Cont'.
997 3055 1150 3101 κλῇθρος,
1188 3054 1341 3101 κλῇθρον.
1375 3057 1489 3087 Dan-os
1516 3066 1587 3094 opp.
1614 3057 1696 3087 host.
1724 3067 1747 3086 r.
1778 3055 1916 3086 Clastros

84 3128 152 3156 opp.
181 3118 262 3146 host.
288 3116 384 3148 Med..
412 3127 440 3146 v.
493 3116 549 3149 26)
575 3115 681 3145 Malus
705 3126 722 3138 -ν

711 3140 731 3156 Γ
760 3117 900 3146 odins-uc.
928 3115 1029 3144 malus
1058 3114 1092 3143 C.
1120 3114 1188 3144 rell.
1215 3123 1274 3143 om.

1937 899 1974 929 10

1935 1265 1975 1296 15
