2148 3412
180 918 219 950 10

178 1284 216 1315 15

247 116 298 155 10
860 112 980 155 'Aca
1007 122 1067 154 ET
1092 120 1259 154 roura.
1286 119 1436 152 COMM.

244 248 439 290 sublatos.
514 247 661 304 [Ferat.
694 245 962 302 Demergat.]
1041 245 1216 300 Aufidus.
1252 241 1460 300 [Species
1506 256 1582 297 pro
1628 240 1815 297 genere.]
1893 242 2069 298 Aufidus

243 321 427 376 Apuliae
458 321 607 361 fluuius
639 335 732 360 cum
764 320 922 373 impetu
951 319 1095 367 fluens,
1129 316 1241 373 [sed]
1275 331 1386 357 nunc
1416 330 1492 370 pro
1523 315 1710 370 periculo
1740 316 1891 370 posuit.

356 396 420 435 59.
453 395 517 434 130.
549 394 601 434 At
632 395 702 449 qui
728 417 779 421 —-
812 401 959 448 quanto
990 401 1045 432 est
1076 407 1184 445 opus.
1245 388 1462 441 Quantum
1493 388 1656 429 sufficit.

355 468 458 509 limo.
516 466 602 507 Pro
633 481 694 515 eo,
727 465 837 520 quod
869 463 1111 520 perturbata
1140 463 1239 504 uita.

359 541 580 581 Parhalum
601 540 719 580 haur.
743 553 890 594 aquam
914 537 1069 594 [Quasi
1089 535 1317 593 sordidus]
1376 534 1623 591 Allegorice
1646 542 1845 590 quaestus
1867 535 2072 577 sordidos.

355 629 426 655 ‘nec
458 616 580 655 uitam
611 629 646 653 a.
678 615 700 654 ι’.
737 629 773 656 ιι.
832 612 883 653 Id
914 619 989 661 est,
1032 626 1115 651 non
1153 609 1264 651 cadit
1299 609 1342 649 in
1374 609 1622 664 periculum,
1669 623 1746 650 nec
1791 609 1922 650 nimia
1966 609 2072 649 mole

243 687 492 741 deprimitur
524 693 667 740 raptus
699 701 833 740 aquae
864 685 1035 739 impetu.

356 761 421 800 (31.
459 760 508 801 Ut
538 760 637 801 bona
660 774 776 815 pars.
835 758 986 799 Maior.
1025 783 1065 787 κ-
1104 757 1265 812 decepta
1299 757 1487 812 cupidine
1516 757 1634 810 salso.
1704 755 1830 797 Falsa
1861 756 2072 811 opinione,

243 841 313 874 aut
343 833 485 888 inepta
516 840 553 873 et
585 832 701 873 inani
732 831 972 887 cupiditate.
1036 830 1246 886 [Cche'dr'ne
1276 829 1378 883 salso
1410 844 1485 885 pro
1519 844 1580 880 eo,
1627 829 1739 885 quod
1772 836 1834 871 est
1863 828 1968 871 falsa
1999 843 2072 870 cu-

244 906 452 962 piditate]
499 905 555 946 Et
577 905 819 955 notandum,
853 904 1093 960 cupidinem
1117 917 1272 959 genere
1293 902 1525 944 masculino
1551 918 1628 958 pro
1652 903 1881 959 cupiditate
1904 902 2072 958 (poni?)

242 994 349 1021 noue
380 979 562 1021 omnino.
623 978 687 1019 Ita
718 978 837 1019 multi
867 977 1057 1019 homines
1088 991 1221 1032 praua
1253 975 1482 1031 cupiditate
1513 976 1696 1031 possessi
1727 976 1891 1017 dicunt:
1939 990 2072 1031 appe-

243 1053 369 1094 tenda
400 1060 461 1094 est
490 1052 672 1093 maxime
703 1051 904 1106 pecunia3
938 1050 1105 1106 (felix?)
1139 1050 1205 1091 cui
1236 1050 1421 1091 defertur
1451 1050 1691 1105 praecipue.

357 1127 420 1167 62.
452 1127 511 1167 nil
540 1127 634 1166 salis
666 1134 721 1166 est
751 1126 829 1180 inq.
863 1139 894 1180 q.
929 1125 1032 1165 tama·
1059 1138 1122 1179 qu.
1154 1124 1242 1165 hab.
1274 1126 1342 1165 sic.
1403 1122 1534 1173 Dicit,
1568 1123 1680 1178 quod
1710 1139 1939 1178 numquam
1971 1122 2071 1164 satis

243 1199 414 1240 diuitiae
447 1206 744 1253 congerantur3
791 1213 868 1253 pro
899 1197 1023 1238 modo
1065 1196 1177 1238 enim
1214 1212 1358 1238 earum
1397 1204 1437 1238 et
1475 1197 1667 1252 personis
1705 1198 1889 1239 defertur
1927 1197 2071 1239 honor.

242 1271 413 1313 Auarus
443 1272 537 1313 ideo
568 1272 662 1326 plus
692 1271 779 1313 uult
810 1271 979 1322 habere,
1012 1270 1111 1326 quia
1142 1271 1331 1312 cumulus
1354 1270 1596 1312 diuitiarum
1623 1271 1829 1327 grandem
1860 1270 2073 1312 hominem

243 1346 523 1402 congeminat.

356 1421 419 1461 63.
452 1420 555 1475 quid.
569 1420 648 1473 fac.
668 1420 738 1460 illi.
780 1417 828 1460 Si
849 1418 941 1460 talis
963 1425 1036 1468 est,
1057 1425 1103 1459 ut
1123 1418 1176 1459 ab
1198 1418 1278 1460 hac
1298 1418 1571 1473 persuasione
1593 1418 1800 1459 remoueri
1821 1433 1905 1459 non
1927 1417 2072 1473 possit,

242 1493 435 1549 permitte
466 1508 560 1534 eum
589 1493 788 1534 miserum
821 1506 921 1534 csse.
984 1490 1101 1544 Quid
1131 1492 1244 1533 enim
1274 1492 1404 1533 facias
1436 1492 1486 1542 ei,
1520 1491 1591 1546 qni
1622 1491 1717 1533 talis
1748 1492 1837 1533 est?
1868 1491 2074 1532 Libenter

241 1567 368 1608 miser
399 1574 472 1617 est,
504 1567 575 1622 qui
606 1581 681 1621 pro
712 1574 808 1608 uoto
840 1581 914 1607 suo
944 1580 1100 1621 magno
1130 1565 1275 1607 labore
1308 1565 1469 1620 quaerit
1498 1565 1726 1606 maximam
1758 1565 1994 1620 pecuniam.

356 1641 421 1681 64.
458 1642 677 1691 Quatenus.
738 1638 967 1691 Quamdiu,
1000 1639 1146 1680 donec.

353 1722 399 1755 ut
428 1714 589 1769 quidam.
619 1728 730 1755 mem.
763 1713 936 1755 Athenis.
996 1711 1065 1753 De
1097 1712 1275 1753 Timone
1307 1711 1365 1753 ait
1395 1711 1659 1760 Atheniensi,
1702 1712 1773 1766 qui
1805 1727 1898 1753 cum
1930 1711 2073 1753 odium

241 1787 388 1843 generi
418 1787 600 1829 humano
632 1787 863 1837 indixisset,
895 1787 986 1842 ipse
1018 1795 1156 1828 tamen
1188 1801 1262 1828 sua
1293 1785 1474 1841 pecunia
1504 1785 1680 1827 lactatus
1712 1792 1785 1827 est.

356 1862 420 1904 65.
453 1861 666 1904 Sordidus.
728 1861 911 1903 Auarus.

378 1994 412 2033 ⁶2)
439 1994 493 2023 sed
526 2004 586 2024 om.
620 2004 646 2035 γ.
713 1995 747 2032 3)
774 1994 871 2033 Atqui.
898 1997 983 2023 certe
1007 2003 1034 2035 γ.
1060 1993 1171 2022 eadem
1198 1993 1308 2030 script.
1334 1993 1365 2021 in
1392 1992 1405 2020 Ι
1432 1991 1551 2022 Geneu.
1580 1993 1600 2022 i.
1633 1994 1685 2030 qui
1704 1992 1787 2022 nihil
1812 1992 1883 2031 plus
1910 1992 2074 2022 desiderat

242 2051 303 2080 nisi
331 2054 485 2089 quantum
511 2052 539 2080 ei
566 2050 696 2080 sufficit..
722 2051 784 2093 sz.
851 2051 885 2089 4)
911 2051 1098 2079 conturbata
1121 2049 1160 2078 X.
1226 2050 1259 2087 5)
1286 2048 1385 2084 Quasi
1411 2050 1494 2078 sord.
1523 2049 1569 2079 fh.
1595 2059 1653 2078 om.
1685 2049 1879 2091 ·,²XG‚1nvca.
1908 2048 2016 2087 Alleg.
2042 2060 2072 2088 q.

243 2108 388 2138 sordidos
412 2118 438 2150 γ.
464 2109 532 2137 rell.
560 2118 620 2138 om.
648 2106 688 2136 C:
717 2107 917 2137 continuatio
943 2107 1130 2145 allegoriae,
1156 2105 1274 2135 turbata
1297 2115 1376 2144 aqna
1402 2116 1457 2144 pro
1483 2110 1617 2144 quaestu
1650 2107 1789 2136 sordido.
1822 2107 1926 2145 Neque
1957 2105 2070 2143 Ceash,

242 2168 278 2193 ut
302 2164 430 2202 plurimi
456 2167 537 2193 uett.
564 2164 654 2193 codd.
681 2163 757 2193 Hor.
784 2163 847 2193 Nec
870 2161 1109 2205 ⁴(X(G?Q)‚mv‚
1136 2167 1171 2192 ut
1197 2163 1391 2192 recentiores
1418 2163 1509 2193 codd.
1542 2163 1649 2192 FHIM
1674 2167 1734 2192 etc.
1798 2162 1832 2202 6)
1860 2164 1961 2192 nimia
1984 2171 2072 2203 neqo-

242 2220 349 2249 tz'orum
373 2221 454 2249 mole
479 2225 628 2258 tamquam
653 2229 752 2258 aquae
779 2221 899 2257 impetu
924 2224 1035 2258 raptus
1062 2220 1207 2250 obruitur
1233 2218 1268 2249 C.
1295 2218 1480 2257 deprimitur
1503 2229 1530 2261 γ.
1560 2220 1629 2248 rell.
1660 2221 1815 2249 obruitur.
1866 2220 1901 2258 8)
1934 2220 1971 2249 Ut
1993 2219 2071 2261 «sXG

243 2275 284 2313 (Q
309 2286 369 2305 rec.
394 2281 426 2305 ut
450 2277 482 2305 in
507 2277 623 2314 Porph.
650 2281 681 2305 at
705 2278 738 2306 in
764 2276 865 2316 Aen),
892 2281 925 2306 ut
942 2277 973 2306 K
999 2285 1070 2306 cum
1096 2277 1207 2315 glossa
1230 2276 1348 2314 Porph.
1375 2286 1415 2305 m.
1436 2277 1471 2305 2:
1498 2285 1615 2313 magna
1640 2276 1708 2319 Βφε
1735 2287 1792 2314 pro
1817 2286 1947 2315 magna.
1979 2276 2071 2306 Harl.

242 2342 312 2361 cum
338 2333 463 2370 glossa:
500 2332 577 2363 sicut
605 2334 649 2362 ita
681 2334 787 2371 inquit
819 2335 900 2370 agis.
928 2333 991 2376 φΒ,
1017 2337 1151 2371 uterque
1177 2342 1247 2362 cum
1273 2333 1316 2370 gl.
1348 2331 1435 2362 sicut.
1463 2333 1495 2362 in
1519 2333 1544 2361 B
1571 2337 1602 2362 et
1628 2333 1655 2362 E
1681 2334 1775 2363 rubra
1802 2334 1850 2363 lit.
1876 2333 1904 2362 V
1929 2343 1958 2363 a.
1985 2343 2025 2363 m.
2052 2334 2069 2362 2

242 2392 320 2417 mut.
347 2389 377 2417 in
398 2389 437 2418 A.
464 2389 508 2418 E:
536 2390 577 2418 al.
598 2390 654 2419 At.
682 2391 791 2419 eadem
817 2391 971 2420 correctio
999 2395 1029 2420 et
1055 2400 1120 2420 uar.
1147 2389 1221 2419 lect.
1250 2390 1283 2418 in
1309 2389 1394 2426 aliis,
1420 2394 1454 2419 ut
1481 2390 1532 2419 PF
1559 2394 1616 2420 etc.
1646 2395 1676 2420 ut
1698 2400 1774 2428 pure
1802 2392 1896 2420 ctiam
1921 2391 1954 2420 in
1979 2399 2070 2427 rece..

241 2449 277 2474 ut
300 2444 386 2475 Sorb.
415 2444 463 2475 St.
490 2446 600 2476 Victor
625 2447 772 2485 aliisque.
806 2448 845 2476 Ac
868 2456 953 2477 omn.
981 2447 1052 2476 edd.
1076 2446 1221 2476 Acronis.
1280 2444 1314 2485 9)
1340 2447 1403 2475 ina.
1430 2447 1619 2484 cupiditate.
1647 2457 1741 2486 aquae
1765 2447 1797 2476 in
1814 2451 1887 2485 peta
1914 2447 2003 2486 (sic.)
2028 2456 2070 2476 ex

242 2501 362 2531 scholio
381 2503 522 2540 praeced.
551 2513 606 2541 pro
625 2514 660 2533 eo
678 2514 707 2541 q.
728 2513 753 2532 e.
772 2503 793 2532 f.
813 2513 860 2532 cu.
878 2512 905 2546 γ.
932 2504 1004 2546 Βερε
1032 2504 1051 2532 i.
1079 2503 1258 2541 eupiditate
1284 2512 1365 2540 quae
1390 2502 1476 2532 fallit
1500 2505 1657 2533 homines.
1685 2505 1847 2534 scholion:
1873 2504 1962 2534 Dicit
1987 2504 2069 2533 enim

242 2559 318 2595 quia
343 2559 424 2588 sicut
451 2560 576 2588 aufidus
602 2560 718 2589 fluuius
742 2561 869 2598 apuliae
894 2561 1119 2598 rapidissimus
1146 2561 1218 2589 illos
1244 2560 1285 2588 ad
1311 2569 1343 2589 se
1368 2564 1403 2590 ut
1428 2560 1542 2598 perdat
1567 2561 1666 2590 trahit
1695 2561 1750 2599 qui
1767 2570 1841 2590 casu
1859 2570 1952 2599 super
1970 2560 2069 2598 ipsam

242 2614 343 2652 ripam
369 2624 456 2645 suam
482 2620 581 2645 stant.
607 2617 653 2645 ita
678 2617 749 2654 ipsa
773 2618 935 2655 cupiditas
961 2618 1190 2655 adquisitionis
1216 2626 1290 2647 suos
1316 2621 1513 2647 assecutores
1540 2618 1659 2655 decipit
1683 2617 1724 2646 ad
1749 2618 1808 2647 hoc
1832 2621 1867 2647 ut
1885 2618 2008 2656 perdat.
2028 2635 2069 2639 -

244 2669 400 2708 Cupidine
434 2690 466 2692 m
493 2673 668 2710 cupiditate
692 2673 798 2711 X7mv.
824 2683 882 2703 om.
911 2673 1024 2703 Ccafh.
1076 2674 1131 2712 11)
1159 2674 1284 2703 omnino
1309 2672 1552 2716 7X((÷·?Q‚)‚1nv.
1582 2674 1723 2713 (nouae).
1744 2674 1820 2713 pom’
1843 2674 1927 2704 cafh.
1952 2674 2070 2704 omnino

243 2736 321 2756 noue
335 2728 411 2765 pom·
426 2738 507 2758 noue
525 2730 599 2767 poni
615 2728 651 2759 C.
680 2729 819 2759 Omnino
843 2730 990 2760 homines
1016 2731 1053 2760 X.
1067 2732 1250 2768 ff-possessi
1276 2741 1302 2772 γ.
1330 2735 1424 2761 recte.
1445 2731 1528 2761 conf.
1548 2731 1632 2760 Plin.
1651 2730 1750 2768 XXX,
1773 2732 1783 2759 1
1801 2742 1806 2760 :
1834 2733 1989 2769 possessis
2015 2732 2069 2761 lio-

244 2784 364 2813 minum
391 2785 546 2814 sensibus.
574 2785 639 2815 Cic.
668 2786 754 2815 Verr.
782 2786 839 2823 111,
867 2788 918 2816 68.
946 2787 1014 2816 rell.
1042 2788 1206 2825 oppressis.
1259 2787 1314 2825 12)
1342 2789 1527 2825 appetenda
1551 2792 1593 2817 est
1616 2788 1755 2817 maxime
1780 2789 1917 2826 pecunia
1946 2798 1972 2830 γ.
1998 2788 2067 2817 rell.

245 2841 454 2877 appetendam
479 2852 544 2870 esse
569 2844 741 2872 maximam.
766 2845 936 2881 pecuniam.
976 2862 1002 2865 »ff
1054 2845 1103 2873 cui
1129 2844 1193 2874 def.
1221 2845 1387 2882 precipuae
1411 2855 1436 2887 γ.
1469 2846 1519 2874 cui
1552 2844 1709 2874 defertur:
1747 2847 1918 2884 praecipue
1943 2855 1972 2874 v.
1999 2845 2068 2874 rell.

244 2897 293 2925 cui
321 2896 462 2926 defertur
488 2900 666 2936 praecipue.
692 2900 735 2934 Q:
768 2901 820 2929 ‘ex
845 2910 909 2938 seq.
938 2901 1036 2930 schol.
1063 2902 1145 2930 male
1171 2902 1310 2939 repetita
1334 2902 1488 2931 uidcntur
1513 2906 1566 2931 aut
1592 2902 1745 2931 lacunosa
1770 2903 1866 2933 sunt!
1932 2902 1988 2940 13)
2015 2901 2066 2931 sis.

244 2952 358 2981 Nescio
384 2954 438 2991 qui
465 2953 556 2992 (quid
573 2955 616 2993 G)
642 2957 701 2985 tibi
728 2956 808 2985 dicit
835 2957 918 2994 quod
935 2956 1038 2998 ‘{G⁷¹¹¹·
1090 2957 1145 2996 14)
1172 2962 1405 2997 conyreyantur
1429 2958 1534 2996 Xnnv.
1561 2958 1643 2988 conf.
1662 2958 1799 2994 Quintil.
1818 2959 1856 2996 X,
1879 2961 1911 2988 1:
1941 2960 2067 2989 turbam

244 3010 480 3039 uocabulorum.
533 3012 587 3049 17)
614 3013 661 3041 illi
685 3012 723 3041 X.
772 3013 829 3049 20)
856 3014 954 3042 donce
980 3024 1040 3043 om.
1066 3013 1108 3044 X.
1159 3014 1216 3053 21)
1250 3015 1402 3044 Thimone
1425 3025 1486 3057 ·(‚v.
1517 3033 1526 3034 ff
1583 3015 1689 3045 odium
1706 3015 1857 3054 pecuniae
1881 3025 1953 3052 gen.
1980 3016 2066 3045 hum.

244 3074 271 3106 γ.
322 3066 378 3103 23)
406 3065 497 3096 Sord.
524 3066 649 3097 Auarus
681 3068 736 3110 γΟ.
763 3069 833 3098 rell.
861 3079 919 3099 om.
947 3069 1038 3105 Quod
1067 3071 1105 3100 X.
1136 3070 1221 3106 Quia
1247 3071 1369 3102 solebat
1394 3072 1531 3111 populus
1557 3071 1623 3101 bene
1648 3071 1683 3101 dc
1707 3082 1737 3101 se
1762 3072 1874 3102 meritis
1900 3072 1929 3101 in
1950 3072 2069 3110 publico

245 3122 437 3159 applaudere
462 3122 514 3152 sed
537 3124 635 3153 malos
660 3129 685 3154 el
709 3125 855 3164 improbos
880 3127 1023 3157 mersen-i
1045 3131 1071 3157 et
1096 3128 1269 3158 exsibilare
1288 3126 1323 3158 C.
