2148 3412
764 125 813 158 IN
838 125 985 159 EPIST.
1012 127 1039 166 1,
1069 130 1120 159 15.
1781 117 1863 158 449

30 260 107 295 teca
136 251 320 306 relinqui.
383 248 510 300 Sane,
541 249 691 305 inquit,
724 265 855 305 aquas
885 250 1065 307 frigidas
1097 257 1257 306 petunt,
1303 258 1479 307 propter
1510 267 1637 307 quam
1668 267 1757 295 rem
1791 267 1866 308 ge-

28 327 101 369 mit
131 332 171 367 et
200 324 396 366 irascitur
426 324 544 366 uicus
578 323 736 381 [deseri
767 340 792 365 a
822 340 897 366 sua
927 325 1089 382 musa]:
1124 325 1330 367 desereris
1360 327 1550 382 uanus.*)

140 400 177 440 6.
210 406 427 440 cessantem
448 413 486 439 η.
511 413 540 439 e.
563 398 687 439 mor'b.
746 397 836 439 Aut
867 398 1123 454 generaliter
1155 391 1386 454 quemlibet
1420 399 1614 442 morbum
1637 407 1711 442 aut
1730 400 1865 457 poda-

26 488 146 531 gram
176 471 375 528 intellege
406 478 446 513 et
477 471 754 513 arthritidem.

137 548 173 588 7.
204 546 415 602 sulphura.
476 544 739 601 Sulphureas
770 560 901 600 aquas
932 552 973 587 et
1000 544 1188 588 Baianos
1219 561 1412 602 uapores.
1912 560 1931 591 5

136 621 174 662 8.
206 620 368 661 audent.
426 617 546 661 Bene
576 620 738 670 audent,
770 626 914 675 utpote
945 620 1066 676 aegri
1096 621 1151 662 ad
1181 636 1313 676 aquas
1346 621 1523 677 frigidas
1553 629 1790 679 pergentes.

136 694 313 734 10—16.
347 693 569 737 Mutandus
591 694 705 735 loeus
727 701 793 735 est.
853 692 988 735 Deest
1009 709 1115 749 erqo.
1176 694 1435 737 Praesertim
1466 695 1642 747 homini,
1675 696 1747 750 qui
1778 711 1862 739 non

23 775 107 811 tam
137 767 349 809 medicum
381 781 506 822 quam
538 766 707 808 delitias
737 767 853 822 petit.

133 842 359 884 diuersoria
390 849 511 897 nota.
557 839 784 896 Σύλληψις,
816 841 861 882 id
891 848 966 893 est,
999 842 1213 884 mutanda.

133 930 208 972 quo
239 916 393 957 tendis?
420 929 501 956 ηοη
533 916 631 956 mz‘ln'
662 915 819 958 Cumas.
881 915 1008 958 Nune
1038 917 1117 958 hoe
1154 924 1370 971 tamquam
1403 916 1457 957 ad
1488 931 1644 972 equum
1676 917 1862 972 loquitur
1892 928 1930 960 10

23 988 289 1050 [seeundum]
314 988 659 1031 consuetudinem
683 989 1005 1043 (consuetudine
1028 992 1116 1045 seP)
1139 997 1370 1032 uertentem
1395 991 1583 1038 (uertens
1607 989 1656 1033 C.
1674 991 1858 1048 Herm.)

132 1065 197 1105 13.
230 1063 310 1106 Sed
341 1064 432 1119 equi
458 1063 620 1117 frenato
638 1071 695 1104 est
723 1065 837 1104 auris
867 1065 909 1105 in
931 1078 1010 1106 ore.
1071 1064 1120 1105 In
1153 1064 1252 1118 equi
1274 1079 1344 1106 ore
1367 1065 1529 1106 frenato
1552 1073 1613 1106 est
1635 1066 1858 1120 quaedam,

20 1138 166 1194 inquit,
199 1137 400 1187 auricula,
435 1152 518 1192 qua
549 1142 690 1192 captat
719 1137 870 1178 famam
900 1137 1087 1179 locorum
1121 1145 1174 1189 et,
1205 1144 1331 1192 prout
1362 1139 1623 1194 cognouerit,
1659 1140 1738 1181 iter
1761 1140 1858 1196 (ita)

20 1212 177 1269 dirigit,
209 1218 280 1253 aut
310 1210 495 1252 (liuertit.
564 1210 622 1252 Et
652 1218 712 1252 est
745 1211 888 1253 suauis
919 1211 1137 1266 allegoria,
1185 1227 1267 1267 qua
1298 1212 1523 1268 signifieat,
1570 1214 1708 1268 magis
1738 1214 1858 1256 uolu-

18 1294 173 1344 ptatem
203 1285 395 1327 homines
426 1291 610 1340 captare,
645 1300 770 1340 quam
803 1300 947 1327 euram
981 1286 1182 1341 corporis.
1883 1297 1926 1329 15

130 1362 194 1402 14.
226 1359 365 1402 utrum
389 1360 601 1416 populum.
662 1358 817 1400 Utram
849 1359 1077 1410 ciuitatem,
1124 1366 1169 1401 ut
1200 1360 1234 1401 si
1268 1360 1450 1401 diceret:
1496 1366 1637 1402 utrum
1685 1358 1858 1411 Cumas,

18 1451 71 1478 an
100 1424 256 1476 Baias?
318 1433 392 1475 Sic
430 1434 539 1488 Verq.
574 1430 647 1485 (A.
679 1431 714 1482 I,
749 1434 869 1489 148):
912 1436 969 1475 Ac
999 1435 1128 1476 ueluti
1158 1450 1301 1490 massua
1332 1436 1373 1476 in
1401 1435 1563 1491 populo.

131 1510 195 1551 16.
227 1508 330 1550 nihil
359 1521 498 1549 moror
528 1507 639 1548 illius
671 1520 777 1547 orae.
838 1505 936 1549 Non
967 1508 1118 1563 patior.

128 1584 307 1625 18-2L
337 1595 576 1637 qenerosum
597 1589 633 1622 et
664 1581 749 1622 lene
771 1583 946 1635 requiro,
985 1583 1104 1632 Quod
1126 1597 1248 1624 curas
1271 1583 1417 1637 abiqat,
1450 1583 1556 1639 quod
1581 1609 1620 1614 —
1646 1585 1857 1633 ministret,

128 1656 336 1714 Quodflme
363 1657 457 1698 Lac.
492 1657 679 1697 iuuenem
704 1654 935 1696 conmendec
957 1657 1123 1697 amicae.
1185 1655 1302 1697 Inter
1341 1656 1495 1708 omnia,
1534 1672 1642 1712 quae
1673 1673 1724 1700 ex
1756 1658 1856 1700 uino
1883 1668 1925 1701 20

15 1731 222 1782 accidunt,
254 1731 380 1772 etiam
413 1729 517 1772 illud
550 1736 611 1770 est
641 1728 886 1779 maximum,
924 1728 1037 1784 quod
1066 1728 1182 1770 uires
1215 1737 1402 1784 praestat
1423 1731 1467 1770 in
1488 1745 1701 1774 uenerem.
1760 1732 1858 1775 Hoe

14 1958 108 1997 plane
127 1956 154 1993 Q
180 1956 330 1994 scripsit:
358 1955 500 1994 Myrleia,
526 1963 601 1993 quas
627 1954 724 1992 uulgo
749 1953 925 1993 myrtarias
953 1954 1088 1984 dieunt.y
1120 1953 1336 1984 Scribendum
1362 1957 1469 1983 autem
1488 1958 1535 1983 est
1555 1963 1626 1984 cum
1644 1953 1708 1983 MR
1731 1957 1859 1993 myrteta

15 2015 98 2045 enim
123 2023 146 2043 S.
173 2016 313 2043 murteta
339 2012 506 2041 sudatoria
531 2011 653 2041 Baiana
679 2014 779 2040 erant.
819 2009 932 2040 Celsus
957 2010 999 2047 II,
1019 2012 1069 2041 17.
1103 2011 1160 2049 ΙΙΙ,
1178 2012 1230 2041 21.
1256 2012 1328 2054 Βφε
1368 2015 1504 2040 murteca
1530 2010 1593 2049 (sic
1622 2011 1698 2050 ter).
1738 2011 1857 2041 calidas

14 2080 112 2110 aquas
138 2075 169 2101 et
195 2071 339 2100 salubres
366 2078 440 2099 suas
466 2068 558 2109 (sic).

127 2129 159 2167 1)
175 2128 361 2167 relinquunt
382 2125 510 2163 MR‚vm
539 2126 635 2164 (teste
660 2126 715 2165 Q).
742 2126 814 2156 rell.
841 2126 982 2166 relinqui,
1020 2131 1056 2156 ut
1082 2128 1126 2157 sit
1151 2128 1277 2157 lemma.
1304 2128 1491 2166 relinquunt
1529 2131 1631 2157 ortum
1671 2136 1711 2156 ex
1750 2135 1856 2165 praec.

15 2185 125 2215 dicunt
151 2190 182 2215 et
209 2194 295 2224 seqq.
322 2184 444 2214 audent
462 2201 503 2204 -—
517 2186 647 2221 petunt.
704 2183 738 2222 2)
766 2184 873 2213 deseri
898 2194 918 2214 a
941 2194 998 2214 sua
1022 2194 1106 2214 musa
1132 2194 1173 2214 ex
1194 2183 1221 2214 G
1248 2188 1370 2214 temere
1396 2185 1518 2223 recepit
1545 2184 1583 2219 Q.
1609 2184 1855 2222 Aliquantulum

15 2251 111 2272 sanae
135 2243 252 2291 mentis
278 2242 413 2278 inesset,
440 2241 468 2270 si
495 2241 674 2278 posuisset:
702 2240 805 2270 deseri
830 2241 967 2271 aMusa.
1003 2241 1123 2277 Quidni
1149 2243 1263 2271 saltem
1289 2243 1453 2280 acquieuit
1478 2243 1511 2271 in
1537 2242 1679 2280 perbona
1707 2242 1857 2271 emenda-

14 2300 99 2330 tione
123 2299 274 2329 Ascensii
301 2299 409 2338 (afh):
437 2297 580 2328 suadente
605 2298 710 2334 Musa,
750 2299 858 2336 petita
883 2303 914 2328 et
940 2298 1028 2328 facta
1053 2308 1095 2328 ex
1120 2300 1238 2330 uitiata
1263 2299 1402 2329 lectione
1428 2300 1461 2328 in
1487 2309 1522 2328 v:
1562 2308 1580 2328 a
1604 2308 1696 2328 musa
1719 2308 1775 2328 saa
1798 2302 1856 2327 sczc-

14 2357 81 2387 dent
97 2356 174 2395 (pro
199 2354 382 2395 audent?)‘?
425 2356 647 2386 Nihilominus
667 2356 794 2386 codices
813 2357 897 2386 alius
915 2356 1050 2386 suadere
1068 2357 1231 2386 uidentur.
1259 2356 1309 2385 M:
1335 2357 1427 2386 uicus
1454 2357 1558 2385 deseri
1584 2365 1715 2385 saamus.
1740 2355 1858 2384 Auden!

14 2417 73 2443 etc.
97 2413 140 2443 R:
160 2415 250 2443 uicus
276 2413 398 2443 deseris
422 2422 530 2442 nanus.
558 2414 687 2443 audent.
716 2412 784 2443 2G:
812 2414 887 2443 u.d.
913 2423 940 2442 a.
969 2423 1027 2443 sua
1052 2423 1156 2444 musa.
1184 2414 1270 2443 Hinc
1289 2414 1460 2452 legendum
1486 2418 1581 2451 puto:
1609 2412 1774 2447 desereris,
1801 2416 1856 2442 aut

15 2470 87 2501 dein
112 2480 136 2500 s.
163 2471 280 2501 dehine
305 2470 366 2500 eris
396 2480 502 2500 uanus.
558 2471 659 2500 Vanus
684 2480 741 2509 pro
766 2480 880 2500 uacuus
905 2471 1025 2500 dictum
1053 2475 1114 2509 est,
1152 2474 1187 2501 ut
1213 2470 1337 2501 Colum.
1366 2472 1407 2509 II⁷
1436 2473 1464 2508 9,
1495 2471 1553 2500 13:
1595 2479 1681 2499 uana
1706 2478 1854 2508 granum.

14 2526 109 2566 Verg.
148 2527 186 2558 G.
225 2528 249 2566 1,
277 2528 360 2557 225:
400 2536 492 2566 seges
530 2528 622 2557 uanis
661 2528 758 2557 clusit
795 2528 922 2565 auenis,
961 2531 991 2557 et
1028 2527 1100 2558 Liu.
1126 2528 1151 2567 I,
1179 2530 1215 2558 8:
1258 2539 1340 2559 uana
1375 2528 1460 2558 urbis
1494 2527 1676 2567 magnitudo.
1703 2543 1747 2548 -——
1775 2525 1855 2556 Cae-

13 2586 112 2614 terum
136 2585 303 2615 Fabricius
323 2585 389 2624 (fh)
415 2585 522 2614 uerbis
548 2585 639 2614 Musa
663 2585 804 2614 suadente
829 2586 1002 2615 adiunxit:
1029 2585 1173 2624 Myrteta
1199 2587 1297 2624 uulgo
1322 2586 1498 2625 myrtarias
1518 2584 1655 2621 dicunt,'
1682 2593 1763 2622 quae
1781 2593 1854 2622 pars

14 2641 169 2680 principio
195 2642 310 2672 scholii
337 2643 532 2672 conlocanda
558 2645 635 2671 erat.
684 2642 862 2672 Prononren
889 2652 964 2681 qaas
991 2652 1062 2672 eum
1089 2642 1266 2673 offendisse
1292 2644 1433 2673 uidetur.
1482 2642 1519 2672 In
1548 2651 1613 2680 seq.
1642 2642 1775 2678 scholio,
1803 2641 1854 2670 cui

15 2700 119 2728 tamen
144 2700 227 2738 prior
253 2700 344 2729 sedes
371 2700 403 2729 in
429 2700 519 2729 libris
545 2700 622 2729 data
648 2703 707 2738 est,
745 2700 824 2728 vafh
846 2710 887 2729 ex
905 2703 932 2729 et
947 2699 1057 2729 adtriti
1076 2699 1140 2730 MG
1166 2710 1190 2730 s.
1217 2701 1317 2730 auriti
1343 2700 1370 2729 R
1394 2700 1540 2729 fecerunt
1565 2703 1592 2727 ec
1615 2697 1723 2728 adiecit
1749 2698 1853 2736 sulph.

15 2758 72 2785 etc.
135 2756 170 2795 4)
196 2756 385 2786 arthritidem
411 2756 449 2792 Q.
477 2757 561 2786 conf.
589 2756 705 2786 Acron.
736 2757 776 2785 ad
802 2767 832 2786 u.
861 2758 896 2786 3:
923 2756 1022 2786 dolore
1047 2757 1218 2787 arthritico.
1286 2746 1440 2796 6)*audet
1475 2766 1504 2785 a.
1544 2755 1665 2784 audent
1702 2755 1786 2785 bene
1822 2755 1852 2783 2.

13 2810 98 2842 Bene
121 2814 241 2844 audent
267 2823 326 2843 om.
354 2814 419 2843 afh.
471 2814 504 2852 7)
532 2813 634 2844 Deest
660 2823 735 2852 ergo
761 2814 804 2843 M.
831 2814 900 2843 rell.
921 2823 981 2843 om.
1009 2832 1049 2834 Ἦ
1077 2815 1130 2852 qui
1157 2824 1217 2845 om.
1244 2814 1315 2845 MR.
1380 2813 1414 2852 9)
1443 2813 1624 2842 deuersoria
1649 2811 1756 2849 M(Q,).
1786 2811 1850 2840 diu.

14 2868 97 2907 vafh,
123 2871 207 2909 quod
225 2871 318 2909 posui
338 2871 454 2900 ductus
471 2880 630 2901 consensu
649 2880 731 2901 omn.
758 2871 850 2900 codd.
878 2870 1015 2900 Horatii.
1033 2888 1070 2891 -
1089 2866 1345 2902 CYNAHMWIC
1371 2871 1414 2900 Μ.
1442 2874 1522 2908 spat.
1550 2878 1617 2899 uac.
1644 2869 1684 2898 R.
1712 2869 1851 2908 sylepsis

13 2934 43 2954 v.
68 2927 135 2957 rell.
161 2923 255 2958 Συλλ.
309 2928 364 2967 11)
391 2929 568 2958 seeundum
592 2927 683 2957 vafh.
737 2928 790 2965 12)
819 2928 974 2966 quaedam
990 2927 1083 2957 MRA
1103 2928 1254 2967 (qddam)
1282 2927 1407 2966 2G(Q).
1434 2927 1504 2957 rell.
1531 2936 1591 2955 om.
1658 2926 1713 2964 13)
1740 2925 1854 2964 inquid

14 2981 53 3011 Μ.
79 2992 156 3022 quae
180 2984 245 3014 afh.
272 2985 357 3015 fama
381 2985 418 3014 R.
437 3003 474 3006 *-
490 2985 636 3024 cognouit
659 2986 748 3015 vafh.
769 2986 838 3014 rell.
857 2984 907 3025 (et
923 2985 966 3025 A)
993 2986 1185 3023 cognouerit.
1212 2986 1257 3015 ita
1283 2986 1312 3015 2.
1380 2985 1434 3023 14)
1461 2983 1599 3013 deuertit
1626 2983 1728 3022 (teste
1753 2984 1851 3013 etiam

13 3037 149 3071 Halmio.
187 3043 272 3081 negl.
311 3043 352 3080 Q)
390 3042 462 3072 MR.
500 3047 595 3073 recte.
633 3043 702 3072 rell.
739 3043 882 3072 diuertit.
909 3061 951 3064 -ῌ
978 3044 1039 3072 uol.
1066 3043 1172 3080 magis
1197 3043 1285 3071 vafh.
1338 3042 1393 3081 16)
1420 3040 1536 3070 Utram
1563 3050 1624 3070 om.
1652 3040 1740 3070 vafh.
1794 3041 1850 3080 17)

11 3097 98 3134 yaias
120 3097 191 3129 MR.
218 3099 287 3129 rell.
314 3100 423 3129 Baias.
469 3099 588 3130 Utinam
614 3099 732 3130 Cumas
757 3104 811 3129 aut
835 3099 935 3129 Baias
961 3100 1030 3130 vfh.
1098 3098 1155 3138 20)
1182 3109 1217 3128 ex
1243 3099 1320 3128 uino
1345 3098 1417 3128 MR.
1445 3107 1485 3127 ex
1511 3107 1575 3127 uno
1600 3097 1641 3127 A.
1666 3098 1733 3127 rell.
1759 3098 1849 3127 uino.

15 3152 70 3193 21)
92 3154 176 3184 illius
192 3155 226 3185 M
244 3155 345 3195 (negl.
365 3155 409 3195 Q)
426 3156 463 3186 R.
482 3157 553 3186 rell.
573 3157 651 3187 illud
670 3156 713 3196 (et
729 3157 812 3187 illud
829 3157 935 3197 vafh).
998 3156 1031 3198 *)
1060 3155 1094 3187 C.
1113 3156 1279 3186 Hermann
1297 3155 1418 3185 uoluit:
1445 3155 1481 3184 ir.
1501 3155 1592 3185 uicus
1610 3154 1708 3186 (laseri
1723 3163 1847 3185 uacuus.

144 3226 303 3254 BAUTHAL,
320 3227 388 3249 Aen.
404 3228 444 3249 ΕΤ
461 3228 574 3249 PORPH.
590 3228 619 3249 11.
1542 3221 1574 3248 29
