2148 3412
197 128 277 169 382
836 138 938 172 ACR.
965 138 1024 170 ET
1050 137 1216 170 PORPII.
1243 137 1390 170 COMM.

310 263 374 303 69.
407 263 473 304 70.
510 264 600 314 Ouo
630 264 749 305 semel
786 271 842 305 est
879 262 1019 304 inbuta
1055 276 1194 303 recens
1231 276 1334 304 seru.
1371 263 1434 304 od.
1475 264 1592 305 Testa
1629 263 1714 304 diu.
1778 261 1848 303 Illi
1879 262 2020 304 sensui

196 335 412 390 respondit
443 337 502 392 (u.
536 338 627 392 54):
659 337 871 379 sincerum
903 344 958 378 es!
979 337 1057 377 nise?
1073 350 1164 385 ηας,
1196 336 1468 392 quodcumque
1488 337 1684 391 infundis,
1717 337 1871 378 acescit.
1902 337 2021 378 semel

196 424 273 464 pro
296 412 492 466 primum,
523 418 568 451 ut
597 411 717 454 Maro
748 409 822 465 (A.
844 408 951 459 XII,
975 411 1096 463 2⁰8ss
1135 409 1232 451 Cum
1262 410 1380 450 semel
1406 411 1447 451 in
1478 410 1594 451 siluis
1621 411 1699 451 imo
1729 410 1775 451 de
1806 411 1926 466 stirpe
1955 423 2021 451 re-

196 489 323 525 cisum
352 484 486 526 Matre
517 492 637 526 caret.
696 498 848 525 recens.
878 482 1027 525 Rudis.

310 558 375 598 70.
407 557 551 614 quodsi
570 572 713 598 cessas.
774 556 815 597 A
839 555 1107 612 philosophia
1137 555 1307 597 scilieet.
1369 555 1465 597 Hoc
1494 555 1586 597 loco
1617 555 1861 597 dehortatur
1889 555 2021 597 tardi-

196 638 323 672 tatem
354 638 394 671 et
422 631 611 672 hortatur
642 630 943 680 strenuitatem,
974 630 1277 672 necessitatem.

311 705 375 744 71.
409 704 491 747 Nec
524 705 687 746 tardum
718 720 777 761 op.
809 719 881 745 nec
906 704 1094 760 praeced.
1124 705 1241 745 insto.
1300 702 1390 745 Nec
1427 710 1658 745 cessantem
1697 708 1906 758 exspecto,
1946 716 2024 744 nee

196 791 327 833 urgeo
358 778 691 833 praecedentem.
766 777 853 819 Hic
884 777 1077 827 ostendit,
1109 792 1191 818 non
1223 776 1277 818 ad
1307 777 1489 818 alienum
1520 777 1739 819 arbit-rium
1771 791 1828 827 se,
1866 777 1939 818 sed
1970 775 2024 817 ad

197 867 316 893 suum
346 851 563 906 proficere,
594 852 639 893 id
669 858 749 893 est:
782 852 816 893 si
847 865 930 892 non
962 850 1149 905 potueris
1179 865 1245 892 me
1277 851 1394 905 sequi
1425 851 1469 891 in
1498 850 1679 906 legendo
1699 849 2023 905 philosophiam,

133 930 173 962 lO
200 940 284 967 non
314 933 353 966 te
384 932 593 981 exspecto,
625 932 712 966 aut:
760 925 795 966 si
825 932 871 966 ut
900 924 1145 979 ingeniosus
1189 938 1256 965 me
1301 924 1582 979 praeterieris,
1627 938 1712 965 non
1756 930 1795 964 te
1838 923 2022 979 inpedio.

134 1300 172 1331 15

131 1668 172 1701 20

194 999 541 1055 praecedentibus.
600 998 671 1039 Ad
703 998 1028 1053 philosophiam.

930 1128 1290 1172 PORPHYRION.

314 1220 483 1262 Troiam
510 1220 606 1261 belli
632 1221 876 1276 scriptorem,
907 1234 1015 1260 max.
1050 1219 1161 1261 Lolli.
1234 1218 1436 1260 Scribens
1480 1218 1622 1260 Lollio
1667 1218 1737 1268 ait,
1782 1218 1889 1259 lecto
1926 1232 1951 1258 a
1981 1231 2025 1259 se

198 1300 390 1348 poemate
421 1292 600 1335 Homeri
631 1293 897 1334 manifestum
929 1291 1010 1333 sibi
1040 1293 1196 1333 factum
1232 1306 1321 1334 esse
1351 1292 1501 1334 melius
1531 1291 1712 1347 exprimi
1743 1291 1795 1333 ab
1818 1306 1866 1333 eo
1887 1290 2024 1346 philo-

197 1367 371 1422 sophiae
415 1373 659 1422 praecepta
688 1381 812 1421 quam
858 1366 1028 1421 optimis
1060 1368 1104 1419 (a
1134 1365 1327 1421 primis?)
1364 1366 1452 1407 eius
1484 1365 1755 1420 professionis
1785 1364 2025 1407 auctoribus

200 1439 443 1496 Chrysippo
476 1446 513 1481 et
547 1438 765 1481 Crantore.
826 1438 875 1479 Iu
897 1439 1030 1480 Iliade
1053 1439 1164 1479 enim
1187 1439 1366 1480 ostendit
1389 1439 1492 1480 uitia
1513 1439 1743 1489 hominum,
1765 1438 1808 1480 in
1830 1437 2026 1494 Odyssea

197 1528 274 1569 per
304 1513 447 1556 Ulixis
479 1528 702 1569 personam
734 1513 910 1554 uirtutes
940 1513 1207 1554 demonstrat.

311 1588 376 1628 20.
411 1589 462 1628 El
492 1602 621 1629 mores
652 1588 856 1629 lzominmn
886 1588 1073 1642 inspexit.
1141 1585 1356 1628 Homerus
1387 1584 1491 1638 (Od.
1524 1585 1558 1636 I,
1592 1588 1627 1627 1.
1660 1586 1728 1641 2):
1760 1585 1922 1641 7Ἀνὸρα
1954 1600 2025 1640 μοι

199 1660 357 1711 ἔννεπε,
391 1659 552 1712 Μοῦσα,
585 1660 858 1716 πολύτροπον,
892 1661 934 1705 ὃς
957 1661 1069 1715 μάλα
1101 1659 1236 1701 πολλὰ
1268 1659 1482 1715 Πλάγχθη.

315 1789 346 1828 1)
374 1789 426 1818 Illi
452 1806 491 1809 —-
520 1792 607 1819 caret
632 1789 669 1831 *sb
694 1789 788 1819 Laur.
814 1789 883 1818 rell.
909 1798 970 1829 om.
997 1789 1076 1818 conf.
1105 1787 1148 1818 C:
1174 1787 1272 1817 semel.
1298 1788 1450 1819 Primum.
1485 1788 1564 1828 γίνῃ.
1592 1797 1710 1818 cum-—
1726 1791 1818 1817 caret.
1868 1787 1903 1826 2)
1928 1787 2026 1817 semel

198 1846 355 1885 proprium
380 1847 399 1875 b
425 1845 518 1875 Laur.
568 1846 603 1885 3)
629 1845 718 1875 ‘immo
744 1845 838 1875 Laur.
864 1845 968 1875 Matre
991 1845 1073 1875 niret
1098 1845 1117 1874 b
1144 1844 1199 1883 (m.
1219 1854 1244 1874 c.
1265 1845 1387 1884 Lama).
1436 1844 1472 1884 4)
1497 1845 1597 1875 Rudis
1622 1844 1678 1888 γ,Ο
1705 1849 1736 1875 et
1753 1844 1847 1874 Laur.
1875 1845 1909 1873 iu
1934 1844 2025 1874 seho-

199 1904 252 1933 lio.
302 1903 337 1942 5)
363 1903 393 1932 A
418 1903 623 1941 philosophia
648 1912 665 1944 γ
689 1907 721 1932 et.
746 1903 775 1939 b,
815 1903 869 1941 qni
895 1903 1003 1932 addit:
1040 1911 1064 1932 s.
1090 1902 1150 1932 hoe
1175 1919 1217 1923 —
1242 1893 1478 1932 necessitatem.
1516 1903 1576 1932 hoc
1602 1919 1642 1923 —
1669 1902 1894 1932 strenuitatem
1930 1901 2025 1931 Laur-

198 1959 283 1990 conf.
311 1960 354 1990 C:
382 1960 570 1989 dehortatur
595 1977 635 1980 νή
664 1961 903 1989 strenuitatem.
954 1960 988 1999 7)
1014 1959 1079 1988 Nec
1107 1977 1143 1979 >—
1172 1959 1312 1997 impedio
1337 1969 1363 2001 γ.
1390 1959 1457 1989 Nec
1479 1977 1514 1979 ψ
1534 1959 1687 1997 proficere
1712 1968 1772 1988 om.
1800 1959 1818 1988 b
1845 1957 1939 1987 Laur.
1989 1957 2024 1997 9)

199 2018 235 2047 b:
262 2017 325 2046 Nec
351 2017 480 2046 tardum.
519 2017 566 2046 Ne
593 2017 611 2045 i.
638 2017 665 2045 si
691 2026 756 2046 non
782 2018 925 2055 potueris
952 2034 991 2036 Η
1018 2016 1168 2054 impedio.
1198 2016 1308 2046 Laur.:
1346 2016 1482 2054 operior:
1520 2015 1555 2046 Si
1580 2025 1642 2046 non
1668 2015 1782 2053 poteris
1808 2032 1849 2035 ——
1875 2013 2025 2052 impedio.

199 2073 344 2109 vcath.
383 2074 446 2103 ‘nec
473 2073 602 2103 tardum.
640 2074 677 2102 Id
703 2079 765 2103 est:
805 2075 831 2103 si
857 2083 918 2102 nou
937 2077 1022 2111 potes
1048 2091 1089 2093 e*
1114 2078 1169 2103 aut
1194 2074 1219 2102 si
1250 2073 1320 2111 (aut
1346 2073 1372 2102 si
1397 2077 1428 2102 ut
1453 2073 1521 2110 ing.
1547 2073 1585 2114 *sb
1612 2072 1725 2111 Laur.)
1763 2071 1951 2109 ingeniosus
1975 2078 2026 2099 me

198 2131 357 2170 praeteris,
384 2135 484 2160 zenon
501 2131 660 2169 impedio.⁷
688 2131 781 2160 Laur.
808 2131 905 2160 habet
930 2131 1089 2169 glossam:
1115 2131 1244 2160 tardum.
1271 2130 1312 2159 ad
1338 2129 1541 2167 sapientiam.
1568 2128 1658 2158 Conf.
1685 2127 1728 2158 C:
1754 2128 1883 2158 tardum.
1909 2127 1950 2155 ad
1974 2135 2024 2156 sa-

196 2189 363 2227 pientiam.
391 2191 580 2217 cessantem.
602 2197 709 2225 praec.
735 2187 820 2217 insto.
847 2190 918 2216 ‘nee
942 2196 1040 2225 urgeo
1067 2188 1320 2225 praecedentem,
1357 2189 1393 2215 ut
1418 2196 1468 2215 me
1492 2186 1676 2224 opperiatur
1708 2189 1739 2215 et
1774 2186 1935 2222 expectet.
1971 2183 2026 2212 hic

198 2245 352 2282 ostendit,
378 2254 440 2274 non
466 2245 506 2273 ad
532 2246 671 2274 alienum
697 2245 879 2282 arbitrium,
906 2245 961 2273 sed
987 2245 1026 2273 ad
1053 2253 1143 2273 suum
1171 2252 1204 2273 se
1229 2244 1401 2282 proficere.¹
1455 2243 1509 2282 11)
1534 2242 1585 2271 Ad
1612 2242 1690 2280 phil.
1716 2251 1743 2283 γ.
1761 2241 1830 2270 rell.
1849 2250 1912 2272 om.

310 2302 404 2332 Addo
430 2301 600 2331 nonnullas
627 2302 752 2339 glossas
778 2302 998 2339 subtel-lapsas
1026 2310 1066 2330 ex
1083 2302 1132 2343 *fib
1152 2300 1247 2330 Laur.
1295 2311 1326 2330 u.
1346 2301 1398 2330 22.
1423 2299 1520 2329 mzdis.
1546 2299 1685 2337 casibus,
1711 2298 1950 2327 calamitatibus
1974 2296 2024 2339 γΙ).

197 2369 227 2389 u.
247 2359 298 2388 23.
324 2358 409 2388 nosci.
437 2358 464 2388 O
490 2358 574 2388 Lolli
599 2368 617 2400 γ
642 2358 736 2387 Laur.
786 2368 814 2387 u.
835 2358 886 2387 28.
912 2357 972 2387 luto
995 2367 1054 2387 sus.
1081 2357 1182 2387 Porea
1205 2359 1242 2399 *sb
1269 2357 1363 2387 Laur.
1410 2367 1440 2386 u.
1461 2356 1641 2396 27.fruyes
1665 2363 1836 2385 consumere
1859 2352 1933 2383 nati.
1959 2352 2025 2382 De—

197 2417 259 2445 diti
285 2416 395 2446 ueneri
419 2416 468 2457 γῖ).
495 2415 598 2445 dediti
622 2424 721 2444 simius
747 2414 874 2444 deditae
900 2414 992 2444 Laur.
1020 2415 1110 2444 deest
1138 2414 1187 2452 (id
1206 2419 1251 2444 est
1263 2412 1294 2453 ’9)
1324 2414 1482 2452 uulgares.
1509 2421 1618 2442 sumus
1642 2411 1716 2441 uiles
1739 2411 1776 2453 *sb
1803 2410 1880 2448 (om.
1907 2408 2024 2449 deest).

197 2473 291 2503 Laur.
317 2474 434 2503 habet:
461 2473 551 2502 deest
575 2481 685 2501 sumas.
712 2472 871 2509 uulgares.
936 2481 965 2500 u.
995 2472 1045 2500 28.
1071 2470 1253 2509 Alcinoique.
1287 2471 1460 2500 Luxuriosi
1485 2479 1511 2511 γ.
1538 2470 1607 2499 rell.
1631 2478 1692 2498 om.
1756 2478 1786 2497 u.
1812 2468 1865 2496 29.
1890 2467 1926 2496 In
1949 2470 2022 2496 cute.

197 2529 335 2567 Corpore
359 2539 386 2571 γ.
413 2528 464 2558 Ad
490 2529 728 2566 obsequendum
755 2527 880 2565 corpore*
904 2527 997 2557 Laur.
1025 2528 1065 2556 ad
1090 2528 1328 2566 obsequendum
1353 2536 1479 2565 corpore
1502 2536 1528 2568 γ.
1555 2526 1595 2554 ad
1619 2524 1818 2563 obsequendo
1842 2532 1970 2561 corpore
1993 2523 2023 2553 b.

195 2591 332 2625 operata.
359 2586 525 2624 Occupata
549 2586 587 2627 γὶ)
614 2585 706 2614 Laur.
754 2595 785 2614 u.
813 2585 864 2613 30.
893 2582 953 2613 Oai.
980 2584 1146 2614 quentuti
1171 2585 1210 2626 γῖ)
1236 2585 1331 2614 Laur.
1358 2583 1388 2613 in
1410 2583 1520 2613 medios
1544 2582 1638 2612 dorm.
1664 2581 1736 2611 dies.
1762 2580 1870 2619 Usque
1895 2580 1936 2609 ad
1959 2588 2025 2610 me-

196 2643 307 2672 ridiem
333 2652 349 2684 γ
375 2642 409 2680 (b
436 2640 607 2680 meridies).
634 2651 694 2670 om.
722 2641 815 2670 Laur.
863 2651 894 2670 u.
923 2642 974 2669 31.
1004 2641 1148 2671 citharae.
1175 2650 1247 2671 cess.
1273 2641 1391 2670 ducere.
1419 2640 1524 2669 Finire
1550 2639 1676 2669 dolores
1701 2642 1798 2676 atque
1822 2645 1961 2668 merores
1984 2637 2023 2678 γὶ)

196 2699 289 2729 Laur.
316 2699 402 2736 Alia,
429 2708 509 2737 quae
533 2699 638 2736 magis
664 2699 783 2736 exigua
808 2702 894 2735 sunt,
920 2698 971 2727 hie
994 2699 1099 2728 mitto.

310 2756 462 2786 PORPH.
511 2755 579 2785 Hoc
604 2756 702 2784 schol.
731 2756 761 2784 in
788 2754 860 2784 eafh
887 2762 1013 2784 ACRONI
1039 2755 1240 2792 adsignatur.
1266 2753 1417 2784 Scribens
1442 2753 1483 2783 cccl
1506 2752 1635 2782 Lollium
1660 2752 1696 2781 R.

314 2814 369 2852 15)
396 2813 601 2842 manifestum
627 2812 689 2842 sibi
715 2812 756 2841 fa.
784 2821 852 2841 esse
876 2810 1054 2841 MAR213G
1080 2810 1199 2849 (7987)
1227 2810 1391 2851 G(Q)‚Cv.
1422 2821 1490 2841 esse
1527 2819 1586 2840 om.
1612 2819 1642 2839 v.
1679 2807 1874 2838 manifestius
1908 2806 1965 2836 sibi
1998 2810 2025 2835 et

198 2870 313 2900 melius
339 2869 452 2899 cath.
505 2868 561 2908 16)
587 2878 682 2907 quam
707 2869 839 2906 optimis
857 2868 951 2906 MRg.
979 2878 1007 2906 q.
1034 2878 1053 2897 a
1071 2867 1183 2907 primis
1206 2868 1247 2897 A.
1273 2868 1342 2898 rell.
1370 2877 1399 2906 q.
1424 2867 1461 2896 αἶ)
1485 2871 1551 2906 opt.
1569 2884 1609 2887 ——
1628 2866 1786 2896 actoribus
1810 2875 1841 2894 v.
1865 2863 2023 2894 autoribus

200 2926 264 2955 cfh.
293 2927 362 2956 rell.
390 2927 577 2956 auctoribus.
604 2927 710 2965 chrys„
738 2930 769 2955 et
793 2930 922 2955 cantore
947 2924 1022 2957 MG.
1049 2926 1224 2964 chrisyppo
1257 2929 1288 2955 et
1318 2929 1444 2955 cantore
1469 2933 1499 2962 g.
1565 2924 1620 2962 18)
1646 2923 1767 2962 Ulyssis
1790 2920 1926 2951 veath.
1952 2920 2022 2950 rell.

200 2982 314 3012 Ulixis.
378 2983 433 3022 19)
458 2983 617 3013 Homerus
640 2979 745 3025 Ανὸρα
771 2999 811 3002 —-
836 2978 967 3025 παγχθη
993 2981 1065 3020 (sic,
1102 2985 1185 3012 teste
1210 2983 1308 3012 etiam
1333 2980 1489 3019 Halmio).
1514 2979 1603 3015 vcaQ
1629 2980 1770 3009 addunt:
1810 2981 1852 3009 ‘et
1876 2976 2021 3016 reliqua.’

201 3040 320 3069 Contra
339 3040 356 3068 ‘2
375 3049 393 3068 a
410 3049 470 3070 rec.
497 3049 593 3069 manu
619 3045 649 3069 et
674 3039 840 3069 Fabricius
868 3037 935 3077 (fh)
961 3038 1008 3067 nil
1034 3038 1154 3068 habent
1180 3039 1243 3067 nisi
1269 3048 1397 3068 uersum
1423 3037 1556 3068 tertium
1582 3038 1644 3066 sic:
1672 3036 1858 3067 ‘Homerusz
1885 3030 2021 3065 Πολλῶν

200 3093 222 3126 δ’
251 3094 427 3136 ἀνθρώπων]
453 3093 514 3126 ἴδεν
539 3093 635 3126 ἄστεα
661 3093 714 3126 καὶ
738 3093 808 3126 νόον
834 3093 934 3138 ἔγνω)
962 3094 1090 3124 Acrom's
1114 3100 1221 3124 autem
1247 3096 1392 3125 scholion
1412 3098 1458 3124 est
1475 3097 1645 3132 utrumque
1671 3094 1704 3123 in
1727 3093 1835 3123 vcafh.
1863 3091 1898 3122 C.
1924 3091 2022 3121 habet

201 3163 228 3181 u.
260 3155 272 3181 1
325 3154 354 3181 3.
