2148 3412
767 88 816 121 IN
842 89 947 122 ART.
972 87 1105 121 POET.
1783 80 1862 121 637

0 268 1 272 ¹
146 211 262 268 [381.
293 212 457 268 quidni?
515 211 567 253 Id
598 220 680 254 est:
714 210 803 255 Cur
832 228 918 255 non
948 213 1129 255 audeant
1160 228 1307 257 uersus
1337 214 1510 272 fingere,
1542 214 1614 270 qui
1644 214 1864 258 nesciunt?

0 278 2 353 l
33 284 151 338 Quid
180 291 309 327 restat
328 284 410 326 nisi
431 292 667 339 permutato
698 286 845 328 ordine
875 287 1085 343 ingenuus
1102 288 1279 343 quilibet
1298 288 1407 330 liber
1428 304 1453 330 a
1473 288 1629 331 tributo
1650 288 1864 345 persoluat

0 365 2 418 l
35 373 241 401 summam
272 373 538 400 nummorum
571 366 820 414 equestrem,
866 360 909 401 id
941 368 1015 411 est,
1047 362 1231 416 equestri
1261 362 1400 404 ordini
1430 361 1722 404 distributam?
1752 362 1863 404 Nam

32 432 286 476 consuetudo
317 438 407 473 erat
436 431 738 483 Romanorum,
770 440 814 474 ut
844 433 968 476 liberi
999 434 1156 477 tributa
1186 450 1270 477 non
1301 436 1530 486 soluerent3
1577 437 1732 479 caeteri
1762 451 1863 479 uero

0 495 2 570 l
32 505 242 562 stipendia
273 505 327 546 ad
357 520 462 560 opus
493 505 673 547 militum
705 506 957 564 soluebant]

0 572 2 632 Ῑ
142 579 237 621 383.
269 579 387 621 Liber
403 581 666 635 etz'uyelmus.
729 578 838 622 Cum
870 581 1081 624 stomacho
1112 582 1488 637 pronuntiandum,
1530 584 1650 638 quasi
1682 583 1863 624 ἀνθυπο-

0 675 2 720 4
33 653 157 709 φορά,
189 653 234 694 id
264 660 345 695 est:
397 652 470 710 [si]
503 653 628 695 homo
659 653 767 696 liber
797 661 919 697 natus
953 662 1028 706 est,
1074 662 1113 697 et
1157 655 1256 698 licet
1300 656 1375 707 illi,
1421 671 1566 699 uersus
1596 658 1748 699 facere.
1807 657 1865 698 Et

0 728 2 782 l
31 733 92 769 est
122 726 239 768 aliud
269 727 381 776 liber,
414 727 528 768 aliud
549 730 758 783 mqeuuus.

142 801 236 842 383.
269 801 363 842 384.
398 800 675 858 [praesertim]
710 817 853 844 census
891 811 1110 859 equestrem
1150 803 1358 846 Summam
1395 818 1504 847 num.
1579 804 1862 861 Ἀπογεγραμ-

31 873 166 929 μένος.
234 875 358 930 Vsque
389 875 443 916 ad
473 874 686 918 subaudis.
746 875 797 916 Id
828 883 901 926 est,
933 877 978 917 in
1009 891 1180 919 censum
1201 884 1438 932 equestrem
1459 886 1664 934 receptus,
1697 887 1768 921 aut
1790 880 1862 935 qui

31 947 83 990 sit
112 947 340 1003 professus,
374 963 416 990 se
447 948 604 990 habere
635 956 794 990 tantam
825 949 1062 1005 pecuniam,
1103 958 1303 1006 quantam
1335 951 1507 993 deberet
1537 967 1664 1008 eques
1695 953 1863 995 habere.

29 1020 125 1063 Non
157 1020 269 1062 enim
298 1021 454 1064 licebat
485 1030 608 1064 antea
640 1023 823 1077 equitem
853 1022 1092 1064 Romanum
1122 1023 1226 1073 fieri,
1270 1024 1352 1067 nisi
1397 1024 1614 1068 habuisset
1659 1041 1864 1068 summam

31 1094 251 1151 pecuniae,
281 1095 361 1136 hoc
391 1103 465 1143 est,
498 1095 904 1153 quadringentorum
935 1097 1233 1139 sestertiorum.

142 1170 236 1211 384.
268 1169 476 1211 Summam
506 1184 735 1211 numerum.
795 1169 917 1225 Lege
947 1170 1104 1212 Roscia
1137 1175 1164 1224 [,
1187 1175 1286 1226 qua]
1321 1179 1434 1213 certa
1465 1187 1630 1214 summa
1660 1174 1863 1228 patrimo-

30 1242 89 1285 nii
121 1242 332 1297 equitibus
363 1242 568 1284 Romanis
598 1243 733 1285 fuerat
765 1243 992 1294 adtributa,
1025 1244 1184 1286 seilicet
1215 1245 1525 1301 quadringenta
1556 1247 1759 1289 sestertia.

141 1317 236 1358 384.
267 1318 441 1373 uz'tz'oque
472 1325 659 1358 remotus.
720 1315 986 1373 [Secundum
1007 1332 1125 1359 suam
1147 1318 1513 1371 aestimationem]
1577 1318 1750 1363 Scilicet
1772 1336 1864 1364 cor-

28 1390 157 1447 poris,
188 1390 233 1432 id
264 1398 345 1433 est:
377 1391 449 1445 qui
481 1406 608 1433 sanus
640 1398 713 1433 est.

142 1465 238 1508 385.
274 1466 336 1507 Tu
366 1465 467 1507 m'lcil
494 1467 624 1506 utu-ila
657 1466 761 1507 <lices
792 1466 968 1520 faciesne
998 1466 1201 1509 Minerua.
1279 1464 1321 1506 A
1353 1466 1641 1522 superioribus
1685 1469 1864 1524 pendet:

30 1537 109 1589 Tu,
142 1552 166 1579 o
196 1537 310 1589 Piso,
342 1538 446 1579 nihil
478 1538 594 1580 dicas
626 1546 697 1580 aut
726 1538 857 1581 facias
887 1541 1015 1581 muita
1045 1540 1234 1583 Minerua
1268 1539 1297 1596 [‚
1320 1539 1364 1580 id
1386 1548 1460 1591 est,
1493 1541 1730 1596 sapientia}
1793 1544 1865 1585 ln-

1 1619 3 1625 '
29 1613 113 1655 uita
144 1619 283 1654 autem
315 1614 508 1657 Minerua
537 1613 729 1664 facimus,
761 1613 874 1669 quod
904 1620 964 1655 est
995 1612 1209 1663 stultitiae,
1242 1620 1282 1654 et
1313 1620 1373 1655 est
1397 1612 1572 1671 [autem]
1592 1617 1865 1672 prouerbium
1892 1628 1898 1638 ¹

2 1734 3 1742 ἵ
29 1686 248 1728 artificum.
308 1686 461 1743 (AutP)
491 1688 618 1730 muzza
642 1686 819 1743 [autem]
844 1688 1048 1737 Minerua,
1081 1687 1181 1741 quia
1210 1694 1251 1728 et
1281 1687 1374 1743 ipsa
1404 1686 1602 1730 Minerua
1631 1689 1741 1731 inter
1771 1705 1865 1732 cae-

2 1766 139 1802 teras
170 1767 280 1802 artes
311 1760 438 1802 etiam
469 1761 588 1816 poesi
619 1768 797 1816 praeest.
849 1759 962 1815 (Cic.
996 1759 1081 1803 Off.
1114 1759 1148 1810 I,
1181 1761 1269 1816 31.)

141 1835 237 1876 386.
269 1836 422 1892 siquid
444 1844 575 1877 {amen
598 1836 703 1877 olim.
765 1833 925 1892 [olm]
959 1835 1003 1875 id
1034 1841 1108 1884 est,
1141 1834 1506 1889 quandocumque,
1539 1836 1734 1891 quoniam
1763 1836 1865 1879 Piso

30 1908 270 1965 tragoedias
302 1909 485 1964 scripsit.

146 2025 178 2064 1)
202 2025 307 2065 quidni
325 2043 361 2046 e*
382 2026 550 2055 soluebant
577 2035 637 2056 om.
663 2034 690 2067 γ.
718 2025 799 2056 conf.
827 2024 862 2055 O.
913 2025 948 2063 G)
973 2033 1083 2055 αντυπ.
1110 2025 1188 2066 vah·
1215 2025 1317 2063 antip.
1344 2034 1412 2055 voa.
1440 2025 1604 2065 antz'plzora
1628 2036 1653 2056 r.
1681 2031 1765 2065 spat.
1793 2037 1863 2058 uae.

6 2121 7 2127 1
32 2082 115 2113 Med.
142 2083 181 2112 N.
247 2084 281 2123 7)
308 2084 337 2113 si
362 2093 421 2113 om.
447 2093 465 2125 γ
489 2083 573 2113 Med.
599 2083 640 2112 N.
668 2100 708 2103 ——
736 2087 767 2112 et
791 2093 808 2126 γ
833 2082 917 2112 Med.
942 2083 1012 2112 rell.
1038 2091 1097 2111 om.
1137 2082 1185 2111 illi
1212 2091 1323 2112 uersus
1347 2092 1373 2124 γ.
1400 2082 1471 2112 rell.
1497 2092 1608 2112 uersus
1634 2084 1696 2113 illi.
1761 2085 1797 2123 8)
1823 2084 1867 2114 Et

5 2139 121 2180 aliud.
158 2144 207 2170 est
239 2140 322 2170 liber
347 2140 386 2169 N.
448 2141 482 2179 9)
508 2134 900 2171 AHOFHFRANNHNwC
934 2149 960 2180 γ.
999 2136 1147 2182 ἁποτετρ.
1184 2139 1219 2168 fh
1256 2138 1337 2177 (uon
1362 2138 1462 2176 ἀνατ.,
1488 2144 1525 2169 ut
1549 2138 1606 2169 ref.
1634 2138 1687 2179 Q).
1725 2138 1865 2183 ἀναγεγρ.

6 2208 8 2224 1
35 2195 70 2226 C.
96 2197 231 2227 lacunae
258 2197 290 2226 in
315 2196 417 2233 NG‚1·.
445 2206 505 2226 om.
532 2196 631 2234 Med.,
657 2206 726 2226 vea.
761 2197 878 2226 Editor
902 2196 1086 2234 Pragensis,
1114 2196 1168 2234 qui
1194 2196 1317 2225 scholia
1342 2205 1406 2225 non
1432 2197 1610 2234 intellexit,
1649 2201 1755 2235 optat:
1795 2196 1867 2227 ‘Ce-

5 2255 8 2289 l
41 2256 145 2283 terum
169 2255 308 2292 priorem
334 2258 458 2292 partem
484 2254 541 2284 alii
568 2254 762 2283 emendent!
812 2253 875 2283 Sed
902 2262 965 2282 non
991 2252 1191 2282 emendanda
1217 2257 1294 2283 sunt
1319 2253 1397 2282 haee
1423 2254 1532 2291 uerba,
1558 2254 1614 2282 sed
1639 2254 1867 2292 intellegenda.

6 2305 9 2308 ’
35 2310 146 2340 Facile
164 2314 273 2341 autem
292 2311 442 2349 intellegi
468 2315 621 2349 possunt:
642 2320 755 2347 census,
783 2309 905 2339 Graece
930 2307 1219 2352 ἀπογεγραμμένος,
1244 2319 1345 2348 usque
1372 2310 1411 2339 ad
1438 2314 1616 2348 equestrem
1641 2319 1807 2348 summam,
1834 2312 1868 2341 id

7 2368 9 2404 ζ
35 2370 93 2405 est,
120 2371 175 2397 aut
202 2369 255 2406 qui
282 2368 314 2397 in
340 2371 520 2406 equestrem
547 2377 677 2397 censum
704 2370 851 2404 receptus
879 2369 937 2401 est,
977 2370 1034 2395 aut
1059 2366 1113 2404 qui
1140 2367 1184 2396 sit
1209 2366 1384 2404 professus,
1423 2376 1456 2396 se
1493 2370 1674 2406 equestrem
1712 2377 1867 2398 summam

2 2418 9 2444 l
33 2424 162 2454 habere.
209 2425 459 2463 Perspicuitatis
485 2434 580 2454 eausa
605 2424 722 2453 lemma
742 2433 795 2462 pr.
822 2432 900 2453 cens.
927 2432 969 2461 eq.
996 2424 1118 2452 mutaui
1144 2427 1241 2461 atque
1266 2424 1474 2462 amplificam,
1500 2424 1617 2453 deinde
1643 2423 1680 2453 Id
1703 2428 1744 2453 esc
1766 2425 1867 2455 inter-

9 2519 11 2527 Ι
33 2483 134 2520 posui,
158 2482 244 2520 quod
269 2483 399 2521 plurimi
425 2482 499 2512 libri
526 2486 600 2512 ante
624 2490 714 2520 usque
741 2479 871 2519 (aesque
897 2480 1031 2510 subaudi
1056 2481 1085 2519 r)
1112 2485 1165 2510 aut
1192 2489 1224 2509 eo
1248 2490 1350 2519 usque
1375 2480 1418 2509 cccl
1452 2480 1702 2510 subaudiendum
1737 2485 1785 2511 est
1811 2481 1867 2520 (N,

33 2539 106 2578 voa)
133 2540 264 2576 habent,
290 2540 360 2577 alii,
386 2544 421 2569 ut
444 2539 509 2582 *sfh‚
537 2540 704 2569 omittunt.
733 2547 835 2576 usque
861 2538 902 2566 ad
928 2537 1076 2566 subaudis
1095 2546 1124 2579 γ.
1155 2537 1264 2575 Vsque
1289 2538 1329 2567 ad
1356 2538 1615 2568 subaudiendum
1641 2542 1691 2567 est
1715 2538 1759 2566 fh.
1811 2538 1866 2576 10)

9 2610 11 2643 Ξ
34 2595 69 2625 in
86 2605 215 2626 censum
233 2596 282 2638 γΝ
298 2596 396 2632 Med„
424 2606 470 2626 rv.
523 2596 578 2635 11)
605 2604 653 2633 eq.
681 2595 799 2624 habere
817 2603 842 2635 γ.
861 2594 930 2623 rell.
956 2594 1030 2623 hab.
1060 2603 1164 2632 equeS.
1217 2594 1272 2633 12)
1302 2598 1396 2624 antea
1420 2605 1446 2637 γ.
1472 2596 1540 2624 rell.
1574 2599 1655 2625 ante.
1708 2594 1764 2633 13)
1791 2604 1868 2633 qua-

8 2649 11 2678 l
36 2652 255 2692 drayentorum
281 2663 308 2694 γ.
335 2656 468 2682 seoetert.
495 2652 582 2682 Med.
608 2652 676 2690 N,r.
737 2652 791 2690 14)
819 2650 949 2680 Lemma
974 2651 1128 2680 Summam
1151 2661 1201 2680 mc.
1229 2652 1356 2681 iteraui.
1384 2661 1446 2690 qua
1470 2662 1530 2681 om.
1556 2662 1583 2693 γ.

10 2709 78 2740 fh.
103 2714 185 2740 certa
211 2709 234 2739 C
264 2710 327 2748 (Qz
356 2712 447 2740 ‘certa
473 2710 626 2748 correxi).
654 2708 739 2746 Lege
758 2725 797 2729 —
825 2708 987 2738 sestertia.
1015 2707 1090 2748 bsh.
1118 2708 1186 2737 rell.
1212 2717 1271 2737 om.
1299 2709 1390 2737 uncis
1415 2709 1490 2738 incl.
1518 2708 1554 2743 Q.
1607 2709 1661 2747 16)
1688 2707 1868 2738 Secundum

10 2767 13 2796 ἒ
36 2775 82 2796 su.
109 2770 188 2796 aest.
214 2777 274 2797 om.
299 2777 316 2809 γ
342 2770 373 2796 et
400 2776 484 2797 omn.
513 2767 587 2796 libri
613 2769 740 2804 praeter
765 2764 809 2794 fh.
837 2774 861 2794 s.
889 2765 1029 2802 corporis
1056 2765 1075 2794 i.
1103 2765 1157 2803 qui
1176 2773 1218 2794 sa.
1238 2769 1286 2794 est
1304 2774 1330 2806 γ.
1349 2766 1418 2794 ι·θ11.
1437 2775 1496 2794 om.
1527 2763 1608 2795 conf.
1635 2764 1679 2794 C:
1707 2765 1757 2794 ‘ab
1783 2766 1868 2794 omni

1609 2652 1665 2680 uit.
1691 2655 1761 2691 typ.
1789 2655 1868 2681 certo

35 2823 139 2863 culpa,
164 2833 227 2854 non
252 2823 407 2854 infamis.⁷
459 2822 515 2862 19)
544 2822 591 2851 Tu
616 2831 643 2864 γ.
671 2822 739 2851 rell.
767 2831 887 2851 0111.ἡ
908 2823 928 2851 i.
955 2823 1116 2860 sapientia
1141 2832 1199 2852 om.
1226 2831 1253 2863 γ.
1280 2822 1363 2852 conf.
1390 2822 1431 2852 C:
1459 2822 1531 2851 ‘inu
1559 2821 1634 2851 Min.
1662 2822 1795 2860 ingenio
1820 2832 1869 2852 re-

11 2873 13 2903 ἶ
35 2884 216 2920 pugnante:
244 2882 326 2920 quod
349 2889 479 2911 summae
505 2884 553 2909 est
579 2880 764 2910 stultitiae.y
816 2879 872 2917 20)
901 2884 933 2910 et
959 2883 1006 2909 est
1031 2889 1057 2921 γ.
1085 2879 1153 2910 rell.
1180 2879 1239 2908 Est
1264 2884 1381 2909 autem.
1442 2880 1500 2918 21)
1526 2882 1634 2909 autem
1658 2888 1684 2920 γ.
1711 2879 1781 2909 rell.
1807 2889 1868 2909 om.

35 2939 169 2968 uerbum
192 2938 279 2968 Med.
305 2938 464 2974 NG,rvca.
491 2937 694 2975 prouerbium
719 2936 827 2977 3⁷‚th.
858 2946 919 2966 om.
945 2935 978 2966 C.
1005 2954 1046 2957 —
1073 2940 1103 2966 et
1131 2938 1202 2974 ipsa
1225 2946 1250 2978 γ.
1279 2936 1348 2966 rell.
1375 2946 1436 2966 om.
1465 2939 1508 2965 et.
1575 2936 1631 2974 22)
1660 2935 1758 2966 etiam
1783 2945 1810 2977 γ.
1838 2942 1866 2964 et

12 3012 15 3032 =,
36 2993 192 3034 th(G‘?).
218 2995 307 3034 poesi
328 2994 451 3038 ·(G(Q).
479 2994 578 3032 poetis
603 2994 647 3023 ssi.
675 2994 750 3031 quia
776 2994 846 3031 ipsa
869 2993 951 3023 Min.
981 2994 1067 3023 inter
1102 2993 1294 3023 characteres
1333 2992 1465 3031 (caract.
1491 2993 1543 3031 rv)
1582 2992 1684 3031 poesis
1718 2992 1803 3022 Med.
1828 2993 1866 3021 N.
