2148 3412
811 110 859 141 m
885 109 993 142 ΛΒΤ.
1019 108 1153 142 POET.
1820 102 1900 143 599

63 231 160 272 dam
191 231 527 286 praetermittere
558 232 698 274 debes.
760 232 817 273 Et
847 234 1014 289 poetica
1044 234 1215 276 licentia
1245 249 1323 290 pro
1353 236 1531 278 materia
1562 238 1745 279 materies
1775 237 1900 287 dixit3

63 307 247 347 materies
278 305 389 347 enim
430 305 594 361 lignum
641 314 714 349 est.
789 308 967 359 Publica,
1012 311 1151 365 inquit,
1197 311 1382 352 materies
1428 317 1502 361 est,
1548 318 1594 352 ut
1638 318 1699 353 est
1743 311 1902 352 bellum

62 378 307 427 Troianum,
338 379 510 434 proprie
542 386 613 421 tua
642 380 714 421 fiat
732 380 841 436 (fiet)
860 389 900 422 et
930 382 1050 436 quasi
1081 398 1105 424 a
1127 390 1166 423 te
1196 383 1381 434 inuenta,
1415 384 1449 426 si
1470 399 1554 426 non
1576 385 1761 444 uerbis*)
1782 386 1902 428 uilis-

64 453 182 495 simis
212 452 457 508 explicetur.
515 456 675 509 priuati
700 456 801 496 iaris
834 457 920 497 erit.
981 455 1053 496 Fit
1084 457 1204 510 quasi
1235 464 1318 498 tua.

177 528 268 568 131.
304 527 396 568 132.
428 529 465 568 si
486 527 573 569 Non
590 529 699 570 cirea
716 530 849 570 uilem.
912 528 981 585 [Si
1012 544 1098 571 non
1128 530 1279 572 feceris
1311 546 1482 572 carmen
1513 539 1630 573 tunm
1663 534 1900 588 speciosum

61 606 101 641 et
132 600 319 655 amplum
351 615 401 641 ex
426 601 571 643 alieno
602 616 745 652 sensu3
793 603 891 644 licet
922 603 1034 644 enim
1066 604 1274 657 quaedam
1306 619 1483 656 sumere,
1525 607 1598 647 sed
1628 622 1711 648 non
1757 608 1900 649 multa.

68 674 230 731 Vz'lems]
269 673 428 716 Poema
450 682 567 716 tuum
588 675 673 717 uile
705 677 822 724 facis,
855 676 890 718 si
920 677 1104 718 uolueris
1136 684 1267 719 totum
1299 679 1444 719 orbem
1477 678 1712 730 circumire,
1745 681 1789 722 id
1820 690 1899 725 est:

60 747 95 789 si
125 754 257 789 totum
286 763 439 804 poema
470 756 633 791 mutare
665 749 849 791 uolueris
895 750 1091 799 alienum,
1137 751 1181 792 id
1213 758 1286 801 est,
1333 766 1526 803 uacuum,
1572 753 1755 805 inanem,
1803 757 1903 810 quia

60 821 188 863 uilem
219 822 319 863 facit
349 828 388 863 te
419 830 529 865 totus
561 823 676 865 orbis
707 823 761 864 ad
791 824 917 866 finem
948 825 1110 876 ductus,
1142 825 1186 866 id
1219 833 1293 877 est,
1326 834 1456 868 totum
1480 842 1663 879 carmen,
1696 835 1781 871 tota
1811 845 1901 871 nia-

61 895 179 936 teria.
242 895 422 953 [Poema
452 904 567 938 tuum
600 897 728 938 uilem
760 906 799 939 te
830 898 944 949 facit,
991 899 1024 940 si
1057 899 1241 942 uolueris
1271 907 1402 942 totum
1435 901 1579 943 orbem
1620 910 1781 944 mutare
1827 919 1901 945 uo-

63 969 192 1012 lueris
224 969 442 1028 alienum]

170 1045 448 1101 patulumque.
509 1045 595 1098 Qui
627 1046 703 1087 tibi
735 1053 849 1101 patet
879 1046 933 1087 ad
964 1046 1202 1089 dicendum.
1272 1049 1506 1091 moraberis.
1552 1048 1604 1091 Id
1635 1057 1717 1091 est:
1751 1051 1787 1092 si
1817 1067 1901 1093 non

59 1117 103 1158 in
133 1116 284 1159 iisdem
315 1118 457 1160 uerbis
489 1119 766 1175 sensibusque
797 1120 991 1171 uerseris,
1031 1136 1138 1176 quae
1169 1121 1223 1163 ab
1255 1121 1350 1163 aliis
1381 1122 1494 1164 dicta
1526 1131 1633 1175 sunt,
1680 1139 1731 1166 ne
1762 1126 1901 1181 magis

59 1191 267 1247 interpres
296 1192 386 1243 fias,
419 1208 544 1248 quam
566 1208 691 1235 uerus
713 1194 849 1235 (lictor
870 1194 1097 1249 (doet01·?).
1159 1196 1304 1237 orbem.
1353 1194 1546 1251 Cyclum,
1580 1198 1744 1250 κύκλον,
1778 1200 1901 1250 dicit3

60 1281 242 1321 namque
275 1266 440 1307 κυκλόω
474 1266 665 1324 [κύκλον]
710 1267 854 1309 dicunt
888 1265 1059 1310 Graeci.
1122 1270 1267 1310 orbem.
1327 1269 1642 1313 Plenitudinem
1675 1274 1886 1315 carminis.

176 1340 269 1382 133.
304 1341 397 1381 134.
430 1341 514 1383 Nee
543 1341 714 1383 uerbum
745 1342 867 1384 uerbo
914 1343 1076 1384 curabis
1107 1343 1274 1385 reddere
1302 1343 1409 1399 fidus
1440 1345 1655 1400 Interpres.
1735 1346 1786 1388 Id
1818 1354 1900 1389 est:

59 1413 147 1455 noli
178 1428 326 1455 curare
358 1414 528 1471 singula
557 1415 689 1457 uerba
720 1416 1003 1471 interpretari,
1043 1429 1095 1458 ne
1126 1416 1259 1458 facias
1290 1432 1441 1472 poema
1473 1426 1589 1460 tuum
1621 1420 1723 1469 uile3
1772 1421 1903 1463 inter-

61 1487 160 1529 dum
192 1488 305 1530 enim
335 1489 620 1540 inueniuntur,
662 1504 771 1544 quae
802 1490 846 1531 in
877 1490 1128 1532 latinitatem
1175 1492 1363 1533 conuerti
1409 1506 1492 1534 non
1537 1501 1724 1548 possunt.
1800 1495 1902 1537 Ideo

61 1577 144 1604 non
176 1562 305 1604 debes
336 1563 534 1618 persequi
566 1563 720 1614 omnia,
763 1564 862 1619 quia
893 1571 1001 1615 sunt,
1048 1579 1155 1619 quae
1185 1565 1350 1621 inplere
1381 1581 1465 1607 non
1496 1568 1646 1622 possis,
1694 1577 1765 1610 aut
1796 1585 1902 1625 quae

62 1650 264 1678 conuersa
296 1636 339 1677 in
360 1635 566 1678 Latinum
597 1637 766 1692 placere
798 1653 882 1680 non
913 1646 1099 1693 possunt.
1162 1637 1322 1681 Sensus
1354 1648 1437 1682 est:
1472 1639 1520 1682 Si
1552 1642 1653 1697 quid
1685 1645 1899 1695 transfers,

61 1725 158 1761 non,
191 1710 340 1766 inquit,
372 1712 554 1753 fideliter
584 1719 645 1754 est
677 1712 1076 1769 inte1·pretandum[‚
1109 1713 1152 1753 id
1183 1720 1258 1763 est,
1290 1714 1467 1756 uerbum
1499 1730 1550 1756 ex
1581 1716 1747 1774 uerbo]

173 1800 246 1827 nec
277 1787 430 1827 desilies
462 1788 640 1829 imitator
669 1789 710 1828 in
742 1796 888 1829 artzmz.
958 1786 1048 1828 Nec
1080 1787 1122 1827 in
1164 1786 1239 1829 has
1284 1789 1501 1844 angustias
1547 1790 1902 1835 descendendum.

62 1857 112 1899 Id
143 1866 222 1900 est:
259 1859 346 1900 noli
378 1860 557 1916 adgredi
588 1860 725 1902 locum
757 1861 986 1911 difficilem,
1033 1861 1144 1902 unde
1175 1867 1214 1902 te
1247 1861 1461 1917 explicare
1492 1878 1577 1905 non
1608 1865 1779 1919 poteris,
1825 1882 1903 1909 nee

63 1939 102 1973 te
134 1933 193 1974 ita
224 1932 458 1974 imitatione
492 1934 580 1975 siue
613 1934 894 1975 aemulatione
925 1934 1181 1991 obstringas,
1227 1943 1271 1976 ut
1316 1937 1546 1991 procedere
1591 1939 1658 1979 uel
1702 1942 1904 1996 progredi

61 2006 229 2063 longius
261 2007 496 2050 erubescas.
556 2007 669 2049 Nam
699 2008 837 2063 pudor
866 2016 979 2050 uetat
1009 2024 1085 2051 nos
1116 2024 1140 2050 a
1171 2010 1403 2052 maioribus
1434 2011 1635 2067 incipere,
1667 2021 1706 2054 et
1736 2014 1781 2055 in
1813 2016 1901 2057 exi·
1930 2025 1965 2038 ·”

66 2096 195 2137 guum
227 2081 433 2133 desinere,
467 2082 565 2137 quia
596 2082 842 2137 pudendum
872 2090 946 2133 est,
977 2083 1173 2125 inchoata
1204 2084 1410 2127 deserere.

180 2221 216 2262 2)
242 2223 348 2262 inquit
372 2232 398 2264 γ.
436 2226 533 2252 aulem
558 2222 656 2260 NX,r.
683 2222 760 2252 enim
784 2232 853 2253 vca.
881 2232 942 2253 0111.
981 2222 1058 2258 th.
1088 2241 1125 2243 —e
1154 2228 1205 2254 est
1229 2233 1254 2266 γ.
1292 2226 1444 2255 materies
1469 2226 1521 2256 hoc
1545 2230 1587 2256 est
1610 2227 1659 2256 vel
1681 2228 1755 2257 bell.
1782 2238 1805 2257 r.
1833 2230 1902 2259 rell.

65 2289 127 2309 om.
154 2281 284 2319 proprie
311 2290 370 2311 om.
398 2290 483 2310 rvca.
549 2280 583 2318 3)
612 2284 667 2310 tua
695 2280 754 2319 (se.
781 2278 949 2319 materies)
974 2290 1002 2322 γ.
1022 2281 1091 2310 rell.
1129 2285 1226 2311 tuum.
1255 2282 1307 2311 fiet
1324 2292 1349 2312 r.
1367 2283 1498 2312 inuenta
1522 2293 1548 2325 γ.
1576 2285 1645 2314 rell.
1674 2285 1844 2315 inuentam.
1866 2305 1899 2307 m

63 2337 173 2366 uerbis
198 2338 257 2367 uil.
283 2347 309 2379 γ.
337 2338 407 2366 rell.
446 2338 503 2366 uil.
531 2337 651 2366 uerbis.
711 2338 746 2376 4)
772 2336 824 2366 Fit
847 2346 873 2379 γ.
898 2342 994 2367 recte.
1021 2338 1090 2366 rell.
1117 2338 1176 2368 fiet.
1238 2338 1273 2377 5)
1301 2338 1334 2368 Si
1360 2349 1424 2369 non
1450 2358 1491 2361 *ff
1517 2340 1624 2369 Vilem
1649 2350 1710 2372 om.
1736 2352 1761 2384 γ.
1786 2343 1903 2372 Poema

64 2397 152 2423 tuum
179 2412 219 2415 νὴ
246 2395 390 2424 alienum
415 2404 441 2435 γ.
460 2394 530 2424 rell.
551 2403 610 2423 om.
635 2394 711 2423 uide
738 2394 884 2423 inferius.
950 2395 985 2432 9)
1011 2394 1089 2423 facit
1115 2398 1147 2424 te
1172 2404 1198 2436 γ.
1225 2395 1295 2424 rell.
1323 2400 1356 2425 te
1381 2396 1424 2425 fa.
1453 2414 1490 2416 ---
1519 2396 1622 2426 dictus
1648 2406 1674 2437 γ.
1702 2416 1740 2418 —e
1769 2399 1903 2428 circuire

63 2451 104 2482 N.
130 2469 171 2473 —
196 2455 266 2482 tota
291 2453 424 2482 materia
451 2452 562 2491 (totam
587 2451 754 2482 materiam
778 2451 808 2490 r)
836 2451 942 2481 Aliter.
971 2451 1022 2489 (id
1047 2456 1097 2480 cst
1114 2452 1149 2491 ν)
1177 2454 1204 2482 si
1231 2462 1294 2483 non
1320 2454 1354 2483 in
1380 2454 1505 2483 hisdem
1532 2453 1664 2493 (iisdem
1689 2455 1722 2493 v)
1742 2473 1781 2476 —
1801 2456 1905 2486 dictor

64 2517 150 2538 rvca.
202 2510 257 2548 11)
284 2510 416 2547 imitari,
444 2520 504 2539 om.
530 2510 592 2539 uol.
619 2509 728 2546 alien,
754 2519 839 2538 rvea.
892 2509 948 2547 12)
975 2509 1013 2539 Id
1040 2510 1265 2539 est—dictor
1290 2520 1350 2540 om.
1376 2520 1401 2552 γ.
1454 2511 1510 2549 13)
1537 2512 1664 2541 hisdem
1689 2511 1805 2552 ·fNX‚r.
1832 2522 1904 2543 uer-

63 2567 133 2595 teris
159 2575 204 2596 ca.
232 2566 287 2604 qui
310 2567 355 2596 th.
382 2585 424 2587 m>
450 2577 485 2596 ne
510 2576 595 2605 mag.
622 2567 713 2607 ‘sN,v.
741 2571 772 2596 ut
796 2576 820 2595 r.
848 2566 916 2595 rell.
944 2575 991 2596 (cc.
1018 2566 1114 2595 dictor
1139 2576 1222 2596 omn.
1249 2568 1315 2597 fere
1339 2569 1426 2598 libri.
1464 2578 1531 2598 uox
1568 2569 1759 2607 Augustini.
1797 2569 1905 2600 doctor

65 2622 103 2652 X.
156 2623 210 2661 14)
236 2620 357 2654 κύκλον
383 2624 473 2654 dicit.
502 2633 639 2662 namque
664 2620 828 2654 κυκλωκω
856 2622 933 2661 (sic)
961 2624 1004 2653 di.
1042 2624 1128 2661 greci
1153 2633 1179 2665 γ.
1210 2625 1319 2663 cyclon
1345 2625 1438 2664 (bis).
1478 2626 1511 2654 in
1537 2634 1551 2654 r
1575 2629 1649 2655 ante
1675 2628 1706 2654 et
1731 2630 1804 2663 post
1827 2636 1903 2656 ηαη-

65 2689 120 2718 que
146 2685 228 2719 spat.
253 2690 321 2711 uae.
347 2682 507 2719 relictum,
541 2683 574 2711 in
599 2682 629 2711 N
653 2682 724 2711 uoci
749 2677 880 2717 κύκλον,
919 2681 952 2709 in
978 2680 1007 2709 X
1031 2681 1103 2710 uoci
1129 2681 1266 2720 cyclum.
1308 2682 1385 2711 Voci
1410 2681 1543 2721 Cyclum
1569 2682 1677 2712 addidi
1702 2677 1834 2721 κύκλον,
1873 2688 1904 2713 et

67 2738 182 2775 scripsi
208 2735 350 2769 κυκλόω.
377 2739 458 2768 conf.
476 2738 514 2768 C:
544 2735 675 2768 ίκύκλον
701 2739 814 2767 dieunt
841 2736 965 2767 Graeci.
992 2738 1068 2768 hine
1092 2734 1237 2775 κυκλόω,
1264 2739 1297 2768 id
1324 2743 1384 2776 est,
1412 2740 1443 2768 in
1470 2739 1578 2768 orbem
1604 2739 1695 2776 duco,
1723 2741 1902 2769 circumeo)

68 2794 150 2824 conf.
177 2794 304 2834 cyelicos
330 2796 413 2825 infra
439 2797 478 2825 ad
503 2806 533 2825 u.
565 2797 624 2825 136
653 2798 684 2825 et
710 2795 827 2833 Porph.
854 2795 895 2824 ad
920 2795 951 2824 h.
978 2795 999 2823 l.
1051 2794 1108 2834 15)
1133 2795 1254 2825 Plenit.
1280 2805 1375 2825 earm.
1401 2805 1427 2837 γ.
1454 2795 1523 2824 rell.
1551 2805 1611 2825 om.
1679 2796 1733 2834 18)
1759 2796 1835 2826 Ideo
1861 2815 1903 2818 μὴ

67 2851 324 2881 descendendum
350 2862 410 2883 om.
428 2853 467 2882 X.
519 2852 574 2892 20)
600 2856 732 2890 possunt
756 2861 783 2894 γ.
810 2853 878 2881 rell.
905 2852 1038 2890 possint.
1054 2870 1092 2873 -ν
1114 2857 1156 2882 εει
1182 2853 1294 2891 (saepe
1320 2852 1470 2882 consund.
1491 2862 1563 2882 cum
1579 2851 1622 2890 si)
1650 2853 1727 2890 quid
1744 2862 1770 2894 γ.
1797 2857 1904 2883 trans-

66 2908 147 2938 feres
170 2909 228 2950 ·(N.
279 2909 336 2948 21)
365 2919 428 2939 non
454 2909 511 2939 erit
534 2910 597 2947 inq.
623 2910 677 2938 fid.
703 2909 836 2947 interpr.
864 2909 910 2938 fh.
936 2910 970 2938 id
996 2914 1053 2945 est,
1081 2911 1210 2939 uerbum
1239 2919 1280 2938 ex
1304 2910 1404 2939 uerbo
1429 2918 1488 2938 om.
1515 2919 1542 2951 γ.
1569 2908 1699 2938 Lemma
1724 2909 1784 2938 huc
1809 2911 1903 2947 posui

67 2973 130 2994 non
155 2969 247 2995 ante:
275 2966 312 2995 Id
335 2970 392 2995 est.-
416 2966 486 3003 noli,
514 2971 549 2996 ut
573 2965 619 3003 fh,
647 2975 749 3003 neque
774 2969 849 2995 ante
873 2975 976 2995 sensas
1000 2970 1051 3004 est,
1086 2971 1120 2995 ut
1148 2966 1187 3001 Q.
1237 2967 1294 3006 22)
1321 2965 1403 2996 conf.
1432 2965 1473 2995 C:
1512 2967 1575 2996 ‘nec
1610 2965 1737 2995 desilies,
1775 2967 1807 2996 id
1842 2971 1902 3000 est,

67 3031 130 3052 non
155 3024 202 3052 ita
227 3023 368 3052 fideliter
393 3023 489 3053 debes
516 3024 648 3061 imitari,
686 3032 744 3053 nee
770 3024 803 3052 in
828 3032 882 3052 eas
908 3024 1076 3062 angustias
1103 3024 1297 3052 descendere
1321 3022 1512 3053 obscuritatis
1535 3021 1780 3062 difficultatisque
1817 3024 1904 3052 unde

67 3083 90 3108 t.
118 3089 143 3110 e.
170 3089 233 3109 non
252 3078 373 3118 possis?
424 3082 481 3119 24)
506 3084 538 3110 te
564 3082 612 3110 ita
628 3080 686 3123 TN.
707 3081 753 3109 ita
780 3090 841 3110 om.
860 3080 905 3110 fh.
932 3081 1003 3110 rell.
1031 3082 1077 3110 ita
1095 3084 1135 3110 te.
1186 3079 1243 3118 26)
1272 3080 1418 3109 definire.
1444 3080 1513 3109 rell.
1541 3079 1696 3110 desinere.
1725 3081 1756 3109 in
1783 3079 1901 3109 concisa-

67 3145 135 3166 mtm
159 3137 226 3169 des,
253 3137 338 3166 Med.
387 3136 419 3175 ζμ)
444 3137 657 3167 usitatissimis
684 3136 718 3166 C.
746 3137 923 3167 Hermann.
952 3139 1040 3175 (Non
1067 3148 1091 3166 r.
1121 3137 1209 3167 a-z'lem
1235 3142 1299 3174 pat.
1333 3147 1408 3166 mur.
1435 3137 1552 3166 orbem.
1579 3136 1682 3171 Hor).

1950 545 1967 573 21!

1933 913 1969 943 10

1930 1282 1968 1313 15
