2148 3412
185 889 226 920 10

187 1258 228 1289 15

248 86 330 127 564
881 92 989 126 ΑΘΒ.
1013 91 1074 125 ΕΤ
1098 91 1265 125 PORPH.
1293 91 1441 125 COMM.

362 219 456 260 106.
489 217 698 259 Ridentur.
759 215 920 258 Sensus
953 215 1074 272 [est]:
1104 215 1314 257 Ridentur
1345 215 1527 271 quidem,
1559 216 1632 258 sed
1654 222 1794 257 tamen
1815 215 2075 258 delectantur

248 291 439 334 uersibus
467 291 565 333 suis.
607 290 807 333 Ostendit
827 296 978 340 autem,
1003 304 1129 344 quam
1149 289 1407 331 laboriosum
1428 289 1494 339 sit,
1516 289 1856 331 emendatissime
1877 288 2073 331 scribere.

363 366 455 406 107.
487 373 522 406 et
551 380 590 406 se
619 372 882 407 uenerantur.
941 361 1155 403 Mirantur
1185 377 1234 403 ac
1265 362 1432 405 diuinos
1461 369 1606 417 poetas
1635 377 1679 404 se
1709 369 1873 404 uocant.

362 438 455 480 108.
487 439 658 479 landant
688 437 874 493 quicquid
905 436 1108 492 (dixeram
1140 437 1359 492 scripsere:
1391 436 1516 477 beati!
1575 434 1881 492 Subdistingue
1918 437 2077 492 (scrip-

248 526 335 554 sere
364 513 439 566 i.?)
473 512 624 562 dt'oeere,
663 520 704 552 et
740 511 801 552 sic
830 509 961 551 infer:
994 511 1122 552 Beati.
1204 509 1330 551 Stulti
1363 508 1475 550 enim
1506 508 1694 551 dicturus
1724 509 1863 551 intulit
1893 511 1996 552 beati
2024 509 2079 550 ad

247 584 530 641 intellegentis
561 591 602 626 et
631 599 726 627 cum
758 583 916 626 iudicio
946 583 1168 626 scribentis
1198 590 1404 625 tormenta
1433 583 1676 638 respiciens.

362 659 456 700 109.
490 661 541 700 At
571 659 641 715 qni
667 659 896 713 leyin'mum.
956 656 1102 699 Bonus
1132 656 1292 699 scilieet
1321 663 1458 712 poeta.

365 733 457 773 111.
487 731 671 782 Audebit,
690 745 970 788 quaecumque.
1029 729 1209 786 Proprie
1237 730 1340 772 dicit
1371 731 1541 780 audebit,
1573 736 1617 772 ut
1646 730 1850 781 ostendat,
1881 745 2082 786 magnam

249 820 338 847 rem
379 804 506 847 etiam
544 805 624 847 hoc
660 805 812 847 faeere.
880 805 1022 860 Verqz‘l.
1056 802 1129 859 (A.
1158 803 1281 846 VIII.
1313 803 1441 859 364):
1469 804 1595 855 Ande,
1626 805 1778 860 hospes,
1810 812 2083 860 contempnere

253 894 354 936 opes.

366 954 460 995 113.
492 967 652 994 mouere
682 953 781 994 loco.
841 950 1011 993 Tollere
1041 956 1166 1006 atque
1197 956 1371 992 mutare.

364 1027 494 1068 inuita
532 1026 735 1069 recedant.
792 1023 1050 1080 Plerumque
1086 1023 1145 1065 ita
1174 1031 1273 1066 sunt
1301 1023 1446 1074 uerba,
1486 1038 1591 1079 quae
1635 1024 1773 1080 prima
1803 1025 2083 1081 posuerimus,

251 1107 309 1151 ut,
341 1100 468 1142 etiam
499 1114 593 1142 cum
624 1114 759 1154 praua
789 1098 884 1148 sint,
915 1106 1056 1140 tamen
1087 1098 1194 1140 bene
1223 1096 1346 1139 nobis
1376 1096 1514 1152 posita
1544 1098 1779 1140 uideantur.

369 1175 461 1215 114.
492 1173 546 1215 Et
583 1180 799 1215 uersentur
835 1172 969 1215 adhuc
1005 1174 1115 1214 intra
1146 1171 1371 1228 penetralia
1407 1171 1551 1213 Vestae.
1611 1170 1664 1212 Id
1701 1178 1774 1220 est,
1815 1172 1941 1213 domi.
2000 1171 2086 1215 Per

256 1263 380 1303 quam
423 1247 714 1302 metaphoram
751 1246 945 1296 ostendit,
984 1245 1083 1287 licet
1117 1244 1163 1285 in
1199 1245 1340 1286 animo
1375 1251 1518 1287 nostro
1553 1245 1636 1286 fixa
1673 1252 1906 1296 uersentur,
1946 1253 2091 1288 tamen*

254 1321 518 1363 excludenda
548 1334 649 1362 esse.
672 1321 689 1375 Η
715 1318 843 1373 Quod
872 1319 938 1369 fit3
969 1334 1068 1361 nam
1100 1319 1282 1370 demere,
1314 1318 1510 1362 admissis
1548 1319 1742 1362 omnibus
1773 1320 1880 1369 aliis,
1911 1319 2083 1362 intelle-

255 1402 374 1452 gunt.
397 1397 415 1450 Η

370 1469 464 1510 115.
499 1468 724 1511 Obscuram
755 1468 827 1510 dia
849 1467 1004 1525 populo
1042 1468 1168 1510 bonus
1205 1475 1326 1509 eruet.
1385 1466 1579 1522 Antiqua
1610 1474 1650 1508 et
1679 1466 1867 1509 obsoleta
1898 1467 2014 1510 senio
2044 1467 2090 1509 in

257 1542 603 1586 consuetudinem
633 1540 870 1583 reuocabit:
904 1548 944 1582 et
973 1547 1112 1582 utrum
1140 1541 1291 1597 populo
1323 1541 1549 1590 obscurata,
1580 1556 1634 1582 an
1661 1542 1813 1598 populo
1845 1542 2000 1583 bonus?

371 1617 465 1658 119.
498 1617 702 1658 Adsciscet
730 1630 851 1657 nona.
914 1614 1068 1656 Utetur
1098 1613 1224 1656 etiam
1255 1613 1377 1656 nouis
1407 1613 1549 1656 uerbis
1580 1614 1632 1656 de
1662 1630 1739 1657 usu
1770 1615 2051 1658 nascentibus.

373 1691 466 1731 121.
499 1690 627 1732 beabit
658 1690 779 1731 diuite
810 1690 850 1730 li.
913 1686 1109 1731 Ornabit.

373 1765 465 1805 123.
498 1764 618 1806 tollet.
650 1761 740 1805 Aut
770 1762 1019 1818 amputabit,
1052 1768 1123 1804 aut
1153 1761 1335 1803 extollet.

375 1839 468 1879 124.
500 1838 693 1880 Ladentae's
724 1838 894 1894 speeiem
925 1837 1044 1878 dabit.
1116 1835 1182 1877 Ita
1211 1849 1279 1878 me
1310 1849 1480 1878 carmen
1518 1836 1683 1885 efficiet,
1730 1843 1775 1878 ut
1805 1837 1986 1880 auditori
2015 1838 2090 1880 lu—

260 1912 362 1954 sisse
392 1926 477 1953 non
506 1910 721 1954 laborasse
750 1910 963 1960 uideatur3
994 1910 1054 1952 ita
1082 1918 1224 1952 tamen
1253 1909 1518 1964 torquebitur
1548 1916 1588 1951 et
1617 1909 1878 1966 fatigabitur,
1910 1918 1956 1953 ut
1984 1926 2091 1967 pan-

354 2141 387 2181 1)
415 2145 464 2171 est
489 2141 534 2172 fh.
561 2141 632 2171 rell.
659 2150 719 2171 om.
767 2141 802 2179 3)
828 2141 988 2170 mirantur
1011 2139 1055 2170 M.
1081 2139 1151 2170 rell.
1177 2139 1260 2170 adm.
1287 2148 1322 2169 se
1346 2138 1457 2169 mirari
1481 2138 1600 2171 Catull.
1625 2139 1727 2177 XXII,
1757 2142 1807 2171 17.
1840 2141 1980 2171 Martial.
2004 2142 2093 2181 XIII,

260 2201 290 2229 2.
317 2217 358 2220 --
385 2208 421 2229 ac
443 2208 476 2229 se
501 2198 630 2229 diuinos
659 2208 708 2236 po.
744 2208 795 2228 uo.
840 2199 869 2227 2.
906 2198 994 2227 diuos
1028 2196 1096 2227 afh.
1162 2195 1198 2237 6)
1223 2196 1380 2236 quidquid
1404 2196 1448 2226 M.
1476 2197 1507 2225 h.
1533 2197 1554 2226 1.
1582 2214 1624 2218 —
1649 2196 1715 2226 dixi
1738 2198 1823 2228 beati
1847 2199 1900 2228 snb
1924 2199 2095 2239 emin-quere

261 2256 365 2286 dixere
390 2256 464 2294 (sic.
491 2256 577 2294 negl.
604 2254 647 2294 Q)
676 2259 708 2285 et
731 2254 774 2284 εἰσ
800 2253 901 2293 (negl.
930 2254 973 2293 Q)
992 2253 1077 2284 infer
1093 2254 1182 2284 beati
1200 2253 1272 2283 MR.
1299 2253 1528 2293 subdistinynit
1551 2253 1654 2283 discere
1680 2257 1711 2284 et
1736 2255 1780 2284 sic
1815 2254 1909 2295 infert
1944 2256 2029 2286 beati
2055 2256 2093 2286 G.

262 2313 490 2351 subdistingue
508 2330 548 2333 ›—-
567 2312 662 2342 Beati
689 2322 749 2341 om.
774 2310 862 2341 vafh.
890 2310 1049 2350 Scrz'psere
1074 2321 1157 2343 omn.
1184 2312 1246 2341 mei
1273 2311 1365 2341 codd.
1392 2310 1516 2341 Horatii
1541 2314 1682 2341 tuentur.
1706 2310 1758 2355 Βφ
1783 2315 1893 2342 carent
1918 2313 1976 2342 hoe
2002 2313 2094 2344 scho-

261 2371 315 2400 lio.
365 2369 400 2408 5)
426 2369 537 2400 intulit
561 2369 613 2406 ad,
641 2378 700 2398 om.
726 2368 815 2406 beati,
842 2378 901 2398 om.
928 2368 1015 2398 vafh.
1079 2367 1115 2407 9)
1142 2372 1299 2399 contemn.
1324 2367 1498 2404 MR2‚th,
1536 2371 1572 2397 ut
1597 2368 1753 2400 Ribbeck.
1793 2369 1836 2408 (e.
1862 2380 1888 2399 o.
1915 2370 2095 2409 conpendia.

263 2428 297 2457 in
321 2424 389 2466 va).
456 2427 512 2465 12)
539 2425 690 2456 recedant
714 2425 776 2455 MR
803 2425 863 2464 (re.
889 2426 923 2465 a)
949 2425 987 2456 G.
1013 2426 1083 2456 rell.
1122 2426 1287 2462 recedant,
1324 2428 1361 2455 ut
1386 2434 1470 2454 omn.
1497 2425 1588 2454 codd.
1614 2424 1691 2455 Hor.
1757 2425 1813 2464 16)
1842 2424 1935 2461 Quod
1960 2427 1997 2456 fit
2021 2436 2095 2457 nam

263 2484 345 2513 dem.
372 2484 456 2512 adm.
481 2483 622 2512 omnibus
642 2483 688 2521 (2.
714 2481 888 2512 hominibus
905 2481 1015 2521 MRG)
1041 2483 1117 2512 aliis
1141 2483 1340 2520 intellegunt
1356 2480 1484 2512 MR2G.
1511 2482 1581 2511 rell.
1606 2492 1666 2512 om.
1692 2481 1855 2512 Lacunam
1880 2493 1929 2521 po.
1955 2483 1993 2518 Q.
2018 2482 2094 2514 MG.

264 2544 417 2579 pergunt:
447 2538 528 2569 Cum
553 2540 658 2568 adhue
676 2539 789 2578 populo
813 2540 843 2568 b.
871 2549 896 2568 e.
923 2540 1059 2578 antiqua
1083 2543 1125 2569 et.
1177 2537 1233 2578 18)
1258 2539 1405 2569 absoleta
1420 2537 1515 2577 M(Q)
1542 2542 1573 2568 et
1600 2537 1628 2568 G
1653 2531 1798 2578 (Sbsol)
1834 2539 1903 2568 rell.
1941 2541 2094 2571 obsoleta.

265 2601 361 2627 reete.
388 2605 462 2626 nam
486 2596 660 2626 absolescit
685 2595 888 2633 (absolefacit
913 2595 965 2626 Fr.
992 2596 1080 2635 Iun.)
1110 2597 1230 2626 incerta
1267 2595 1458 2626 Tertulliani
1494 2599 1624 2626 tantum
1649 2596 1844 2626 auctoritate
1867 2597 2020 2628 munitur.
2044 2597 2095 2627 ab·

266 2654 384 2683 soletas
409 2654 495 2683 nihil
521 2657 570 2683 est
597 2654 659 2683 nisi
699 2663 786 2683 error
824 2654 957 2683 scribae.
1025 2653 1081 2693 19)
1106 2652 1266 2683 reuocauit
1289 2651 1384 2682 MR2.
1411 2668 1450 2673 ——
1477 2652 1644 2691 ambifszmm
1668 2656 1792 2683 utrum:
1820 2654 1971 2684 obscurat
1992 2653 2094 2685 MRG.
2134 2676 2135 2679 ,

266 2711 399 2749 populas
422 2711 513 2740 vafh.
538 2710 654 2749 popule
679 2710 803 2740 obscuro
829 2720 870 2740 an
895 2711 1012 2748 populo
1038 2711 1140 2740 bonus
1167 2710 1196 2739 2.
1245 2709 1304 2747 20)
1330 2708 1423 2738 Adsc.
1450 2719 1482 2739 n.
1509 2709 1603 2738 M:
1619 2718 1712 2746 noua,
1736 2719 1800 2739 non
1825 2711 1981 2748 conpend.
2007 2711 2095 2741 uocis

265 2768 351 2803 enim,
380 2773 414 2798 ut
440 2777 605 2806 perperam
629 2767 687 2797 ref.
716 2768 753 2803 Q.
785 2784 823 2788 —
851 2767 944 2797 etiam
969 2766 1029 2796 MR
1055 2767 1185 2806 (Utere)
1213 2765 1336 2805 2G(Q).
1363 2765 1432 2796 rell.
1459 2775 1519 2796 oui.
1584 2766 1641 2805 21)
1667 2766 1775 2795 beabit
1800 2766 1828 2795 d.
1855 2768 1917 2805 (sic
1941 2767 2036 2797 etiam
2059 2767 2094 2797 R.

268 2826 352 2862 negl.
381 2825 418 2860 Q.
456 2825 534 2854 hinc
570 2825 686 2854 lemma
721 2823 817 2853 beabit.
852 2823 1078 2862 amplificaui.)
1118 2824 1197 2854 tollit
1220 2827 1276 2853 aut
1300 2833 1383 2861 amp.
1409 2827 1466 2853 aut
1491 2823 1662 2853 extolletur
1686 2826 1713 2852 et
1737 2824 1863 2853 ornabit
1899 2822 2003 2854 MRG.
2040 2833 2094 2853 ex-

267 2882 353 2911 tollet
377 2885 403 2911 et
426 2881 547 2911 ornabit
573 2882 600 2910 2.
627 2881 735 2911 Beabic
758 2881 894 2911 ornabit.
921 2880 1069 2910 Leuabit.
1096 2881 1212 2918 Tollet⁷
1239 2885 1295 2911 aut
1319 2881 1513 2919 amputabit,
1539 2885 1595 2910 aut
1620 2880 1757 2910 extollet
1779 2880 1824 2910 fh.
1849 2880 1966 2910 leaabic.
1992 2880 2095 2918 tollet,

269 2942 324 2967 aut
349 2948 442 2975 amp,
470 2943 525 2967 aut
551 2938 698 2968 extollet.
735 2937 843 2967 Beabit
867 2938 995 2968 ornabit
1019 2947 1046 2967 a.
1073 2937 1189 2967 Beabit
1215 2937 1297 2968 tollit
1320 2941 1376 2967 aut
1401 2947 1483 2975 amp.
1510 2941 1565 2967 aut
1590 2938 1719 2967 extollet
1741 2935 1859 2968 oriabit
1884 2937 1961 2976 (sic)
1981 2935 2097 2975 putabit

269 3005 298 3023 v.
326 2995 511 3024 Dt'mtzerus
536 2994 686 3031 IV,1·25:
714 2995 843 3025 *leuabat
871 2995 1064 3033 amputabit.
1090 2994 1177 3025 tollet.
1206 2995 1363 3025 extollet!
1413 2995 1470 3034 23)
1494 2994 1546 3024 Ita
1569 3004 1606 3024 ne
1631 2994 1681 3024 eff.
1698 2992 1876 3031 MR2G‚va.
1900 2993 1951 3023 Ita
1974 3003 2019 3023 me
2041 2991 2094 3022 aff.

269 3051 314 3086 fh,
342 3060 406 3080 non
433 3051 503 3079 cdd.
532 3055 567 3080 ut
593 3051 650 3080 ref.
679 3052 715 3086 Q.
777 3052 834 3091 23)
859 3052 987 3082 auditor
1011 3052 1058 3081 fh.
1119 3051 1176 3089 24)
1203 3053 1364 3089 uideatur,
1389 3052 1429 3081 Ec
1452 3048 1648 3090 torquebitur]
1675 3050 1725 3080 Ita
1749 3054 1832 3089 torq.
1858 3051 1903 3080 fh.
1928 3051 1998 3080 rell.
2025 3058 2095 3089 per-

274 3113 371 3146 gunt:
399 3107 559 3138 uideatur.
587 3106 627 3137 ita
652 3112 750 3138 tamen
776 3113 858 3148 torq.
