2148 3412
151 949 187 979 lO

149 1316 188 1346 15

209 146 287 187 116
837 150 942 182 Aen.
968 149 1028 180 ET
1056 147 1220 179 PORPH.
1246 145 1394 178 coMM.

210 281 351 322 Dama
380 276 618 333 nogotiator
647 275 737 324 fuit,
770 272 971 330 ignobilis
1001 286 1085 313 non
1117 276 1178 312 cst
1211 268 1419 326 [nomina]
1458 274 1498 309 et
1528 266 1648 321 quasi
1678 280 1785 307 unus
1816 278 1838 306 e
1858 263 2028 320 populo.
2059 285 2062 288 >

208 353 354 396 Verba
384 351 437 392 ad
468 364 560 390 cum
591 347 704 397 facit,
749 347 820 402 qui
855 345 1007 403 [cupit]
1042 343 1219 399 cupidus
1264 356 1315 383 ex
1360 355 1514 397 genere
1558 339 1706 381 humili
1754 338 1807 380 ad
1851 338 2030 379 honores

209 426 518 481 imperiumque
550 420 802 477 peruenerit.

346 497 436 554 [ant
471 498 516 537 1).
547 497 576 550 s.
649 492 837 534 Alterius
868 491 1086 534 cuiusdam
1117 489 1273 546 plebeii
1303 488 1434 530 uerba
1464 487 1519 528 ad
1556 487 1687 536 illum,
1735 485 1806 540 qui
1837 499 1859 526 e
1890 482 2033 525 seruili
2061 515 2063 517 .

211 571 455 615 condicione
487 568 735 624 dignitatem
767 565 1060 621 adipiscatur]

325 644 409 700 [39.
443 644 606 684 Deicere
628 657 646 682 e
668 656 769 682 saxo
792 641 869 681 eiu.
928 637 1109 679 Tribuni
1140 636 1251 677 enim
1283 636 1533 689 dampnatos
1565 633 1701 688 capite
1732 646 1832 674 saxo
1857 629 2034 685 Capito-

210 719 295 759 lino
326 714 638 773 praecipitant]

324 799 395 832 nu!
427 789 582 830 tradere
608 788 766 830 Cadmo.
828 784 1015 826 Cadmus
1045 783 1122 825 fuit
1153 782 1340 824 carnifex
1360 789 1483 823 notae
1511 778 1787 827 crudelitatis3
1819 776 2036 832 dampnati

212 872 349 906 autem
380 879 404 904 a
434 861 614 902 tribunis
644 861 695 901 de
716 858 901 914 Tarpeio
931 872 1031 899 saxo
1054 858 1099 911 (i.
1122 856 1306 911 monte?)
1338 853 1739 910 praecipitabantur,
1770 851 1883 892 unde
1912 849 2037 891 etiam

211 937 418 993 Iugurtha
448 935 626 976 traditur
656 933 852 974 deiectus.
918 931 1107 972 Tradere.
1168 929 1218 969 In
1253 928 1425 970 exilium
1456 927 1632 968 mittere.

325 1011 391 1051 40.
424 1011 474 1050 A!
490 1009 645 1050 Nouius
668 1007 816 1060 colleya
836 1005 971 1060 qradu
988 1011 1079 1060 post
1098 1018 1157 1043 me
1178 1004 1284 1044 sedet
1304 1017 1394 1043 vcmo.
1457 999 1687 1049 Subiectio,
1716 998 1760 1039 id
1781 1003 1863 1038 est:
1895 995 2038 1049 Quare

213 1099 297 1125 non
328 1090 525 1138 appetam
556 1078 807 1122 senatoriam
838 1077 1101 1132 dignitatem,
1149 1090 1243 1117 cum
1273 1074 1453 1116 habeam
1484 1073 1689 1128 collegam
1720 1072 1764 1112 in
1794 1070 1941 1112 ordine
1972 1083 2036 1111 se-

214 1156 371 1212 questri
401 1154 622 1195 libertum?
684 1151 818 1204 Quasi
848 1150 1140 1206 respondentis
1170 1148 1301 1191 uerba
1333 1146 1480 1205 [sunt]
1553 1145 1632 1188 Est
1667 1151 1805 1186 autem
1837 1143 2038 1198 ὑποφορά,

215 1245 265 1271 ex
296 1243 475 1284 persona
503 1227 579 1268 filii
609 1226 788 1270 Damae,

333 1302 475 1344 Gradu
517 1308 608 1357 post
651 1315 709 1340 me
752 1299 857 1340 sedet
904 1312 992 1339 emo.
1055 1296 1143 1353 [In]
1178 1293 1526 1348 Quattuordecim
1571 1291 1791 1334 ordinibus
1837 1288 2041 1345 equestris

216 1374 446 1432 dignitatis.

329 1449 395 1489 41.
427 1461 608 1502 namque.
668 1445 754 1486 Pro
786 1454 821 1486 et
846 1443 998 1499 posuit.

329 1522 395 1562 ille
420 1528 539 1577 pater
570 1535 603 1576 q.
627 1535 656 1561 ε.
680 1534 729 1559 m.
790 1518 877 1559 Ille.
908 1516 1082 1558 Nouius.
1142 1515 1193 1556 Id
1225 1522 1303 1556 est:
1336 1529 1463 1570 eques
1493 1513 1711 1555 Romanus
1742 1511 1830 1554 siue
1862 1511 1960 1553 liber
1989 1509 2044 1551 ad

218 1609 440 1651 personam
472 1608 590 1635 suam
621 1591 779 1633 rettulit
809 1596 945 1646 poeta.

336 1795 368 1832 l)
395 1794 524 1823 nomina
550 1802 608 1822 om.
628 1801 655 1833 γ.
680 1792 784 1821 Dama
809 1794 895 1829 gent.
921 1790 1085 1828 proprium
1109 1797 1135 1831 γ.
1162 1789 1232 1818 rell.
1258 1799 1318 1819 om.
1345 1788 1396 1819 Sic
1421 1792 1529 1818 autem
1553 1798 1586 1831 γε
1613 1788 1728 1817 damae.
1745 1796 1829 1817 nom.
1849 1789 1938 1825 gent.
1956 1794 2044 1824 prop.

222 1852 363 1892 (glossa)
393 1851 552 1880 scholion:
579 1849 707 1878 Damma
731 1848 863 1887 quidam
887 1846 1015 1876 obiector
1038 1847 1222 1884 negotiator
1247 1845 1321 1875 fuit.
1348 1846 1544 1884 ignobilium
1561 1845 1718 1883 quorund.
1737 1844 1775 1873 de
1794 1844 1883 1874 siria.
1908 1843 2047 1872 Damma

221 1908 374 1947 ignobilis
399 1916 457 1936 non¹
484 1910 542 1936 est.
569 1911 600 1935 et
626 1915 655 1944 q.
683 1915 734 1934 un.
762 1914 777 1933 e
802 1914 874 1942 pop.
900 1904 999 1933 uerba
1023 1903 1065 1931 ad
1091 1912 1161 1932 eum
1187 1902 1283 1932 faeiat
1306 1903 1360 1940 qui
1385 1920 1427 1923 —
1453 1902 1679 1940 imperiumque
1703 1899 1889 1939 peruenerit.
1922 1899 2045 1938 Vulgo:

221 1966 358 1994 nomina.
384 1964 488 1993 Dama
514 1963 621 2000 ignob.
649 1966 680 1991 et
705 1963 798 2000 quasi
824 1971 877 1990 un.
902 1961 937 1990 (le
962 1969 1047 1997 pop,
1077 1960 1273 1988 uerba—et
1296 1959 1465 1997 imperium
1491 1959 1580 1997 cupit
1603 1958 1779 1996 peruenire.
1811 1957 1862 1996 qui
1884 1957 1964 1996 cupit
1987 1956 2045 1992 aQ.

221 2023 310 2059 cupit
336 2021 500 2059 peruenire
527 2020 572 2048 fh.
600 2020 654 2056 qui
680 2018 811 2056 cupidus
836 2036 875 2038 ›—
903 2021 930 2046 et
952 2018 1028 2054 imp.
1056 2015 1241 2054 peruenerit.
1268 2015 1407 2054 cupidus.
1436 2020 1534 2045 recte.
1573 2019 1604 2045 et
1629 2024 1699 2045 cum
1725 2015 1872 2053 genitiuo
1910 2017 1941 2044 et.
1976 2023 2047 2043 eum

222 2087 354 2116 praepos
380 2078 414 2106 in
439 2081 471 2106 et
496 2076 635 2106 absoluti
661 2076 790 2104 (licitur.
847 2074 951 2103 Dama
986 2091 1028 2094 --
1065 2073 1171 2111 ignob.
1199 2074 1316 2111 populo
1342 2083 1402 2103 om.
1438 2072 1539 2112 G(Q).
1577 2073 1616 2102 de
1652 2071 1746 2112 Syria
1770 2072 1910 2102 damnato
1932 2071 2046 2101 nomine

221 2135 329 2172 ignob.
356 2134 395 2162 de
420 2133 537 2170 populo
563 2141 645 2161 mva.
683 2132 722 2160 de
748 2140 819 2169 pop.
846 2130 966 2160 mvafh.
988 2128 1031 2159 C:
1061 2134 1090 2158 cea
1114 2139 1150 2158 ne
1175 2129 1258 2168 Syri,
1296 2130 1421 2159 Damae.
1458 2130 1537 2159 haec
1572 2128 1747 2158 obiicientm·
1783 2129 1811 2158 ei
1846 2129 1956 2165 iudici,
1993 2131 2048 2158 aut

221 2190 372 2228 principi,
410 2189 462 2227 qui
499 2191 547 2218 est
584 2187 750 2226 ignobilis.
815 2187 864 2216 Tu
901 2187 955 2225 qui
992 2195 1025 2216 es
1061 2186 1217 2224 ignobilis
1255 2189 1285 2215 et
1320 2186 1482 2215 libertinis
1519 2186 1726 2224 parentibus,
1763 2186 1862 2214 audes
1897 2183 2048 2214 tribunat-u

215 2245 310 2285 plebis
328 2243 447 2284 fimyi?
493 2244 529 2283 4)
558 2245 656 2274 schol.
683 2253 744 2273 om.
771 2242 942 2285 *sG‚mvaC.
968 2252 1009 2273 ex
1028 2244 1137 2274 codice
1162 2253 1219 2273 suo
1243 2243 1410 2273 Fabricius
1430 2242 1498 2282 (fh)
1518 2243 1667 2273 intulisse
1691 2243 1830 2273 uidetur.
1893 2242 1928 2282 8)
1954 2245 2046 2272 notae

222 2303 311 2332 crud.
339 2311 449 2332 omnes
475 2301 562 2330 libri.
588 2300 779 2330 rectissime.
818 2299 846 2335 Q
870 2300 967 2329 uerba
991 2300 1083 2329 uncis
1109 2300 1183 2329 incl.
1209 2300 1338 2330 dicens:
1365 2300 1489 2329 inclusa
1513 2300 1710 2337 interpolata
1733 2302 1810 2329 sunt.
1835 2298 1906 2342 Βφε
1932 2297 2046 2328 cadmo.

222 2368 326 2396 propr.
354 2367 466 2388 nomen
494 2357 653 2386 carnificis
678 2357 711 2386 in
737 2357 792 2386 illo
817 2360 968 2394 tempore.
1002 2357 1044 2386 Tu
1067 2365 1103 2386 ne
1126 2356 1192 2395 syri
1215 2356 1330 2386 damae.
1359 2353 1464 2386 di&ur
1488 2366 1507 2386 a
1523 2356 1635 2386 multis
1654 2356 1703 2385 illi
1720 2356 1859 2394 principi
1877 2355 1929 2384 uel
1947 2354 2047 2384 iudici

222 2415 277 2452 qui
303 2415 458 2452 ignobilis
485 2417 544 2442 est.
569 2423 644 2442 num
668 2416 705 2442 tu
730 2413 782 2451 qui
808 2413 893 2442 filius
919 2422 951 2442 es
977 2414 1034 2442 siri
1060 2413 1173 2442 damae
1197 2417 1251 2442 aut
1277 2413 1396 2442 dionisi
1413 2414 1431 2442 i.
1461 2413 1653 2451 ignobilium
1683 2416 1714 2442 et
1742 2421 1917 2450 pauperum
1949 2410 2047 2440 audes

223 2470 349 2499 deicere
367 2471 453 2499 ciues
479 2470 517 2499 de
543 2479 621 2498 saxo
646 2469 822 2507 capitolino
846 2473 902 2499 aut
926 2470 1052 2499 tradere
1078 2473 1177 2499 catmo
1203 2470 1354 2499 caroifici.
1380 2470 1418 2498 de
1445 2479 1523 2499 saxo
1541 2470 1621 2499 dicit
1639 2469 1804 2507 capitolini
1833 2468 1955 2498 montis
1972 2467 2047 2505 quia

222 2527 297 2556 inde
321 2527 479 2564 praecipit
503 2527 640 2555 abantur
663 2527 718 2555 rei.
768 2526 803 2564 6)
828 2525 897 2555 Hoc
921 2526 1019 2556 schol.
1047 2536 1087 2556 ex
1113 2526 1230 2564 Porph.
1256 2527 1367 2555 transl.
1392 2526 1532 2562 uidetur,
1562 2528 1598 2555 ut
1622 2526 1671 2563 fit,
1708 2525 1820 2563 paucis
1845 2525 1954 2554 uerbis
1978 2533 2047 2554 mu-

222 2583 307 2612 tatis.
335 2593 395 2612 om.
419 2591 447 2624 γ,
472 2583 527 2620 qui
551 2583 666 2611 habet:
691 2581 804 2611 cadmo.
829 2583 960 2611 cadmus
978 2600 1020 2603 ——
1038 2583 1245 2612 crudelitatis.
1275 2583 1449 2620 Dampnati
1467 2581 1529 2620 (rei
1543 2581 1612 2624 Βφ)
1630 2586 1736 2612 autem
1762 2582 1801 2611 de
1826 2581 1950 2619 tarpeio
1974 2589 2047 2610 saxo

224 2640 510 2677 precipitabantur.
548 2641 579 2667 et
616 2639 748 2668 iterum:
786 2639 963 2677 Dampnati
990 2643 1097 2669 autem
1121 2649 1141 2669 α
1165 2639 1292 2669 tm'bunis
1317 2640 1356 2668 de
1385 2639 1509 2676 tarpeio
1533 2642 1642 2668 monte
1677 2638 1928 2677 §cipitabantun
1963 2637 2047 2666 unde

223 2695 310 2724 etiam
336 2697 400 2733 iug.
425 2698 463 2724 tr.
490 2695 643 2724 deiectus.
692 2693 727 2733 9)
754 2703 843 2724 saxo.
870 2695 939 2723 rell.
965 2695 996 2723 h.
1023 2695 1042 2724 l.
1068 2699 1170 2726 monte.
1188 2713 1224 2716 -
1246 2696 1343 2724 etiam
1368 2704 1394 2736 γ.
1420 2695 1490 2724 rell.
1518 2704 1578 2724 om.
1603 2694 1680 2723 unde
1705 2712 1746 2715 —
1771 2693 1898 2722 deiectus
1931 2702 1993 2722 om.
2019 2691 2047 2722 G

223 2751 266 2789 (Q
285 2761 355 2780 unc.
374 2751 477 2789 incl.)‚
498 2760 578 2780 mva.
597 2750 633 2779 de
649 2759 703 2788 qno
720 2750 861 2779 traditur
880 2751 1110 2788 praecipitatus
1128 2756 1159 2780 et
1185 2751 1330 2780 deiectus
1355 2750 1512 2789 Iugurtha
1537 2749 1571 2781 C.
1622 2748 1678 2790 10)
1705 2750 1800 2779 Trad.
1816 2767 1858 2770 ——
1872 2750 2001 2779 mittere
2016 2757 2044 2791 γ.

227 2808 282 2845 11)
308 2812 406 2836 totam
432 2807 566 2844 priorem
585 2810 707 2844 partem
725 2816 826 2845 usque
843 2807 916 2835 adu.
941 2806 1077 2836 libertum
1101 2807 1286 2836 abiecerunt
1312 2815 1384 2835 mva
1412 2806 1474 2845 (Q:
1502 2807 1557 2845 qui
1584 2805 1677 2836 ACR.
1696 2809 1728 2835 et
1753 2805 1905 2836 PORPH.
1925 2805 2047 2835 scholia

223 2863 393 2899 conpedit:
432 2862 618 2901 ‘etfortasse
640 2862 791 2902 merita').
818 2862 992 2892 Subieetio.
1019 2863 1051 2892 id
1077 2866 1124 2892 est
1150 2872 1175 2904 γ.
1201 2863 1233 2891 id
1259 2867 1310 2893 est
1334 2873 1395 2893 om.
1421 2862 1467 2892 fh.
1483 2862 1522 2892 C:
1559 2862 1695 2892 subiectio
1721 2871 1777 2891 seu
1801 2861 2047 2901 anthypophora

225 2929 265 2949 ex
292 2929 430 2956 persona
456 2919 528 2959 Syri
547 2921 606 2949 filii
631 2920 765 2949 Damae.
793 2919 859 2949 Cur
883 2930 946 2950 non
971 2923 1120 2958 appetam
1145 2921 1337 2949 senatoriam
1364 2920 1569 2958 dignit-atem,
1596 2927 1665 2948 cum
1690 2919 1825 2947 habeam
1843 2918 2001 2955 collegam
2016 2916 2047 2946 in

225 2976 335 3004 ordine
361 2977 499 3014 equestri
524 2977 687 3007 libertum.
714 2977 882 3013 subiectio,
909 2980 946 3006 ut
971 2986 1069 3014 supra
1093 2975 1125 3006 S.
1151 2977 1175 3013 I,
1202 2977 1221 3004 4
1249 2977 1312 3013 ‚78.
1350 2977 1409 3005 Aut
1432 2976 1547 3006 nouius
1572 2985 1602 3004 v.
1629 2975 1699 3004 rell.
1735 2976 1774 3004 At
1797 2984 1870 3004 nou.
1934 2973 1990 3014 12)
2015 2973 2046 3002 in

225 3031 292 3060 ord.
330 3031 395 3071 *{‚C.
428 3041 464 3060 (w
499 3033 563 3061 ord.
602 3032 647 3061 fh.
715 3033 770 3070 13)
799 3036 872 3062 sunt
899 3042 959 3062 om.
984 3042 1010 3074 γ.
1078 3032 1133 3071 15)
1161 3032 1197 3062 In
1224 3042 1284 3061 om.
1310 3041 1334 3073 γ.
1361 3032 1426 3061 ord.
1451 3030 1654 3070 quodsuerat
1676 3031 1764 3068 dign.
1789 3039 1817 3072 γ.
1852 3030 1914 3059 Est
1939 3033 2045 3060 autem

225 3105 266 3107 —
293 3087 465 3124 dignitatis
491 3097 551 3117 om.
578 3088 703 3125 G,mva.
767 3090 822 3128 17)
848 3089 994 3127 Namque
1011 3092 1052 3118 est
1068 3089 1124 3118 ille
1141 3092 1207 3127 pat.
1224 3098 1275 3118 va.
1337 3088 1392 3126 18>
1420 3088 1543 3118 Nouius
1568 3097 1594 3130 γ.
1621 3087 1690 3116 rell.
1716 3095 1775 3116 om.
1838 3086 1893 3125 19)
1920 3086 2045 3117 rettulit

224 3153 285 3173 om.
311 3152 337 3183 ⁴(-
