2148 3412
137 969 176 1000 10

141 1336 176 1367 15

203 165 282 205 504
837 170 941 203 Aen.
967 170 1027 202 ET
1053 169 1220 202 PORPH.
1245 168 1394 202 coMM.

318 298 382 338 13.
417 297 582 338 Uticam.
643 294 818 336 Africae
850 294 1011 335 ciuitas.

318 371 493 411 nu'tlere's.
553 368 691 409 Trans
724 369 761 419 (-
792 367 1002 422 mitteris).

318 446 380 483 14.
414 443 567 484 Ridebis
598 443 780 483 monitor.
843 440 937 482 Hoc
967 447 1041 487 cst,
1073 454 1152 495 ego
1184 439 1255 494 qui
1285 445 1326 480 te
1356 439 1512 480 monui.

318 518 380 558 15.
414 517 515 557 ‘male
541 524 759 572 parentem.
819 513 915 555 Non
948 513 1028 555 sibi
1059 513 1432 567 obtemperantem.

319 592 381 630 17.
411 605 560 646 pueros
591 590 698 630 elem.
722 589 806 630 (loo.
868 587 952 644 [Ita
982 586 1198 643 loquitur‚]
1233 586 1352 641 quasi
1384 585 1474 641 ipse
1504 584 1612 626 liber
1642 599 1794 640 pueros
1824 583 2030 625 elementa

203 663 401 704 docturus
433 663 496 710 sit,
529 663 586 703 ita
617 662 811 716 loquitur.

319 738 382 777 18.
416 737 531 777 balba
561 745 698 776 senec-l.
758 733 854 775 Hoc
885 740 964 774 cst:
997 740 1042 774 ut,
1073 747 1265 774 senescas
1295 731 1617 774 balbutientium
1648 730 1930 772 meditatione.

318 812 381 850 19.
420 810 518 851 Cum
550 811 619 850 tibi
645 810 703 849 sol
735 817 807 864 top.
866 806 988 848 Tunc
1019 806 1130 847 enim
1162 805 1318 847 dictata
1348 805 1561 859 accipiunt
1592 804 1724 860 pueri,
1766 819 1860 845 cum
1901 803 2029 845 bene-

202 883 296 925 ficio
328 883 426 925 solis
457 898 553 924 cera
583 882 747 923 facilius
778 880 950 921 deletur.
1014 878 1255 921 Secundum
1277 894 1436 920 morem
1457 878 1726 920 librariorum
1747 884 1787 919 et
1807 877 2030 933 magistro-

203 972 294 997 rum
340 956 535 1010 loquitur,
582 955 653 1009 qui
686 954 797 995 circa
828 959 1020 1007 quartam
1051 952 1118 993 uel
1151 953 1337 1007 quintam
1369 953 1515 994 horam
1547 952 1688 1008 pueris
1719 951 1875 993 dictata
1905 965 2029 1006 prae-

204 1030 301 1071 bere
333 1036 586 1071 consuerunt
620 1027 650 1084 [‚
684 1043 765 1082 quo
796 1034 985 1082 tempore
1015 1025 1322 1067 tractabiliores
1353 1025 1482 1083 sunt]

318 1102 403 1158 [21.
437 1104 614 1145 Maiores
629 1116 799 1158 pennas.
859 1100 985 1141 Ultra
1007 1099 1255 1154 dignitatem
1276 1114 1464 1141 meorum
1485 1099 1689 1140 natalium
1710 1113 1775 1140 me
1797 1098 2026 1140 amicitiam

205 1175 403 1218 Caesaris
435 1175 714 1230 adquisiuisse
745 1181 784 1214 et
815 1172 1089 1229 principum]

317 1251 380 1290 22.
420 1250 468 1291 lfl
499 1265 561 1305 qu.
593 1250 732 1303 qenerc‘
760 1249 857 1289 dem.
920 1246 1104 1288 Causam
1135 1246 1318 1300 exponit,
1365 1260 1439 1287 eur
1468 1256 1552 1287 non
1596 1246 1904 1287 uerecundetur
1946 1246 2025 1287 hu-

202 1323 343 1363 milem
376 1322 669 1377 genealogiam
701 1320 900 1376 profiteri,
933 1320 1093 1361 scilicet
1123 1319 1235 1373 quod
1265 1335 1350 1361 non
1381 1319 1556 1361 haberet
1585 1334 1636 1361 ex
1666 1319 1925 1374 parentibus,
1956 1319 2030 1360 ha-

202 1396 319 1437 beret
349 1411 399 1437 ex
434 1395 655 1450 sapientia.

316 1471 380 1510 23.
409 1471 562 1525 primis.
593 1467 879 1522 Principibus.
941 1467 1035 1508 belli
1056 1467 1163 1522 plac.
1227 1467 1400 1508 Terentia·
1442 1465 1646 1522 (Adelph.
1693 1466 1797 1522 prol.
1845 1467 2030 1523 18—20)

202 1543 327 1584 illud:
362 1558 451 1584 cum
482 1544 562 1583 illes
587 1542 727 1598 placet,
776 1542 846 1597 qai
873 1541 984 1581 nobis
1016 1541 1218 1581 uniuersis
1249 1548 1284 1581 et
1310 1541 1460 1596 populo
1488 1541 1663 1596 placent,
1709 1555 1879 1596 quorum
1909 1554 2031 1596 opera

202 1619 242 1657 in
273 1618 381 1666 bello,
416 1618 454 1657 in
488 1619 576 1665 olio,
609 1617 649 1656 in
679 1616 845 1669 negotio.
906 1614 1100 1669 domique.
1160 1614 1280 1655 Domi
1309 1620 1348 1654 et
1379 1614 1473 1655 belli
1499 1613 1701 1655 aduerbia
1733 1621 1839 1664 sunt,
1883 1613 1956 1655 ubi
1988 1628 2031 1655 se

136 1707 142 1716 ·
203 1690 303 1731 dicit
334 1689 543 1745 placuisse
584 1691 726 1745 primis
765 1688 891 1734 urbis,
937 1686 1084 1739 idest,
1130 1686 1410 1742 principibus,
1453 1686 1662 1743 Augusto,
1706 1687 1948 1729 Maecenati
1992 1694 2032 1729 et

201 1762 399 1805 Pollioni.

316 1839 381 1877 24.
417 1838 602 1891 Corporis
625 1836 773 1890 miqui.
839 1834 962 1875 Haec
992 1833 1219 1888 descriptio
1240 1834 1573 1889 χαρακτηρισμὸς
1594 1834 1844 1889 aclpellatur,
1881 1834 1925 1875 id
1955 1840 2028 1883 est,

202 1910 449 1965 imaginatio
479 1910 638 1951 formae
669 1908 863 1958 hominis,
889 1923 1154 1964 praecanam.
1213 1906 1332 1948 Dicit
1353 1915 1491 1948 autem
1523 1922 1565 1949 se
1591 1922 1853 1964 praeconum,
1883 1907 1927 1948 id
1957 1915 2029 1957 est,

202 1998 427 2038 properam
459 1983 656 2024 canitiem
686 1981 841 2023 habere
873 1988 913 2022 et
943 1988 1038 2022 ante
1069 1995 1200 2022 annos
1231 1980 1456 2022 albescere.

316 2057 462 2097 solibus
495 2064 644 2111 aptum.
703 2054 850 2096 Durae
882 2055 987 2096 cutis
1017 2054 1229 2096 hominem
1261 2062 1300 2095 et
1333 2054 1387 2094 ad
1416 2054 1603 2095 laborem
1634 2055 1796 2096 fortem.

316 2130 381 2170 28.
418 2129 512 2170 Loll.
546 2144 664 2170 armo.
723 2128 789 2169 Eo
821 2143 928 2169 anno
959 2128 1154 2183 conpleui
1185 2127 1466 2183 quadraginta
1512 2135 1708 2183 quattuor
1752 2143 1896 2180 annos,
1943 2143 2026 2183 quo

201 2201 367 2243 Lollius
398 2202 543 2243 consul
574 2201 742 2243 sortitus
773 2208 835 2243 est
865 2201 1024 2243 socium
1054 2200 1268 2256 Lepidum
1300 2201 1344 2242 in
1375 2201 1603 2243 consulatu.

339 2381 372 2419 1)
399 2380 456 2410 afr.
484 2380 600 2409 ciuitas
624 2379 673 2421 γὶ).
699 2379 768 2408 rell.
796 2388 857 2408 om.
883 2378 964 2409 conf.
981 2378 1025 2409 C:
1050 2378 1146 2409 Vtica
1170 2380 1232 2410 eiu.
1260 2382 1308 2408 est
1332 2378 1471 2418 Africae,
1502 2379 1588 2408 unde
1614 2378 1696 2409 Cato
1721 2379 1826 2410 dietus
1850 2380 2026 2412 Vticensis.

203 2438 237 2476 2)
264 2438 368 2467 Trans
393 2438 441 2478 γι).
469 2436 703 2466 transmitteris
728 2434 820 2478 szC.
847 2436 917 2465 rell.
950 2445 1009 2466 om.
1075 2436 1109 2475 3)
1136 2436 1204 2465 Hoc
1233 2453 1269 2457 —
1296 2437 1404 2466 monui
1429 2437 1466 2478 Tb
1493 2435 1606 2474 (noui),
1628 2435 1663 2466 C.
1689 2437 1757 2466 rell.
1784 2446 1845 2467 om.
1894 2436 1930 2475 4)
1957 2438 2028 2468 Non

201 2494 262 2523 sibi
290 2494 367 2531 (sibi
393 2503 455 2522 non
474 2492 513 2531 C)
540 2493 605 2522 obt.
630 2491 720 2534 712,st
748 2493 818 2522 rell.
852 2502 911 2522 om.
962 2493 996 2531 5)
1022 2492 1072 2522 Ita
1096 2493 1239 2531 loquitur
1263 2502 1323 2522 om.
1354 2493 1393 2534 γὶ)
1418 2493 1477 2523 hoc
1502 2493 1579 2529 loco,
1616 2503 1666 2531 po.
1700 2494 1734 2522 in
1759 2494 1833 2523 fine.
1899 2494 1933 2533 7)
1958 2493 2027 2525 Hoc

201 2549 272 2588 b,C.
301 2551 369 2580 rell.
394 2549 443 2578 Id.
494 2550 528 2588 8)
555 2549 646 2578 Tunc
674 2566 710 2569 —
739 2549 865 2578 deletur
889 2550 936 2591 γῦ.
964 2549 1033 2579 rell.
1061 2559 1122 2579 om.
1182 2548 1236 2587 10)
1264 2559 1315 2587 pu.
1343 2549 1418 2579 dict.
1444 2550 1493 2590 γὶ).
1519 2549 1588 2579 rell.
1615 2550 1692 2580 diet.
1718 2559 1771 2588 pu.
1797 2542 1983 2588 consuerint
1999 2558 2026 2592 γ.
2088 2549 2090 2574 l

202 2610 395 2636 consuerunt
420 2606 483 2648 Βφ.
508 2615 652 2635 consuer.
679 2606 708 2634 b.
735 2606 802 2635 rell.
830 2610 1069 2636 consueuerunt.
1136 2604 1191 2643 11)
1218 2615 1278 2644 quo
1303 2623 1346 2626 —
1371 2609 1445 2635 sunt
1471 2615 1532 2635 om.
1558 2606 1607 2647 Tb.
1633 2616 1694 2644 quo
1719 2610 1743 2636 t.
1769 2610 1820 2644 tr„
1855 2616 1915 2637 om.
1941 2609 2025 2644 sunt,

202 2663 264 2705 Βφ.
320 2664 372 2702 12)
400 2663 494 2692 Ultra
519 2680 560 2683 ‚-
586 2663 767 2700 principum
792 2672 852 2691 om.
879 2664 927 2704 γὶ).
954 2663 1075 2700 legitur
1100 2663 1133 2691 in
1157 2662 1221 2705 Βφ.
1273 2662 1327 2701 14)
1353 2662 1450 2692 schol.
1477 2666 1527 2692 est
1553 2663 1649 2692 etiam
1680 2664 1713 2692 in
1737 2663 1800 2706 Βφ.
1853 2663 1908 2701 17)
1934 2663 2024 2693 Prin-

201 2721 325 2758 cipibus
361 2718 451 2761 -(h‚C‚
491 2720 544 2757 qui
582 2719 707 2757 pergit:
747 2719 824 2748 ‘tale
851 2723 897 2748 est
925 2719 1007 2748 illud
1032 2719 1159 2748 Terent.
1185 2737 1226 2739 ff*
1252 2719 1383 2757 negotio
1408 2719 1479 2748 etc.⁷
1511 2717 1660 2749 Terrent.
1686 2737 1727 2740 —-
1752 2720 1880 2758 negotio
1904 2729 1930 2762 γ.
1957 2719 2024 2748 rell.

202 2786 263 2806 om.
317 2777 371 2815 19)
396 2776 492 2805 Domi
514 2793 552 2796 —
569 2776 750 2805 Maecenati
776 2785 792 2817 γ
819 2775 930 2814 (supra
954 2775 1106 2805 Mecenao'
1131 2777 1158 2804 1.
1184 2785 1225 2805 m.
1253 2784 1312 2805 scr.
1338 2773 1488 2814 apollini).
1515 2775 1585 2818 Βφε
1613 2780 1644 2805 et
1668 2776 1815 2813 pollioni.
1842 2776 1879 2805 ef.
1906 2775 2023 2813 Porph.

200 2833 270 2862 rell.
297 2843 358 2861 om.
424 2832 481 2870 22)
509 2832 597 2861 Haec
622 2850 663 2853 —
689 2833 831 2861 hominis
857 2831 914 2873 ·s‚C
941 2832 1257 2870 (characterismus).
1284 2832 1353 2862 rell.
1379 2841 1439 2861 om.
1504 2832 1561 2870 23)
1587 2832 1678 2862 Dicit
1704 2850 1745 2853 —
1770 2833 1931 2862 albescere
1955 2829 2024 2873 γ,Ο.

202 2890 268 2917 rell.
296 2899 355 2918 om.
385 2888 491 2918 Schol.
524 2889 612 2918 Haec
640 2907 679 2910 ⁴-
704 2889 943 2918 caracterismos
968 2906 1011 2909 Ἣ
1035 2889 1185 2918 hominis.
1216 2888 1316 2918 dicens
1350 2898 1383 2918 se
1409 2906 1449 2909 a*
1476 2889 1639 2918 albescere
1666 2889 1730 2931 Βφ,
1793 2889 1851 2928 24)
1874 2897 2023 2927 praepro-

203 2954 309 2982 peram
336 2944 370 2973 (J.
397 2945 480 2974 conf.
509 2945 623 2983 Porph.
689 2945 746 2983 25)
774 2945 881 2974 Durae
910 2962 944 2964 ——
975 2945 1091 2973 fortem
1116 2945 1162 2985 γὶ).
1202 2944 1285 2974 conf.
1319 2943 1361 2974 C:
1390 2946 1441 2974 ‘so.
1467 2949 1526 2983 apt.
1553 2945 1642 2989 quia-
1653 2954 1743 2974 senes
1770 2946 1834 2975 sole
1859 2944 2022 2983 gaudent)

202 3001 260 3038 27)
288 3001 455 3039 compleuit
478 3000 524 3030 fh.
574 3001 631 3040 27)
659 3005 709 3032 est
732 2999 917 3044 '{B<?⁷C(Q)·
943 3005 1016 3031 esset
1038 3001 1128 3031 vafh.
