2148 3412
216 958 255 990 10

218 1321 258 1351 15

274 158 326 197 42
907 159 1011 191 ACR.
1037 158 1096 190 ET
1122 155 1288 188 PORPH.
1316 154 1464 187 coMM.

276 371 446 405 eoesecat.

391 436 454 476 15.
486 440 632 489 quomo
657 446 699 487 p.
733 445 765 485 q.
797 445 826 470 e.
860 438 884 470 t.
918 444 953 468 a.
985 435 1113 481 urqet.
1186 425 1254 466 Ac
1298 430 1425 472 tanto,
1470 421 1619 476 inquit,
1665 418 1932 475 grauioribus
1961 416 2099 458 usuris

277 516 421 550 onerat
450 517 801 559 unumquemque,
835 508 988 556 quanto
1020 498 1283 547 intellexerit,
1316 511 1409 538 eum
1440 493 1734 550 neglegentius
1756 507 1821 533 res
1843 506 1938 533 suas
1959 504 2098 546 agere.

392 582 455 622 16.
490 581 555 619 17.
584 578 745 618 nomina
776 589 805 617 s.
836 590 886 615 m.
918 590 947 615 s.
970 589 1009 615 u.
1030 589 1070 614 u.
1092 589 1121 614 s.
1142 587 1180 627 p.
1203 573 1240 612 d.
1302 569 1432 618 Dicit,
1465 583 1559 609 eum
1590 575 1675 607 tam
1706 564 1981 620 praecipitem
2012 577 2101 604 esse

278 654 468 702 auaritia,
499 660 543 693 ut
572 665 657 692 non
688 649 861 698 dubitet,
894 648 1017 688 etiam
1049 646 1146 686 filiis
1176 644 1357 686 familias
1389 657 1481 683 cum
1513 640 1701 696 periculo
1734 638 1932 694 exigendi
1961 651 2102 692 pecu—-

277 729 369 769 nias
401 726 585 774 credere,
617 723 843 764 dummodo
875 721 1033 763 credito
1065 734 1138 761 suo
1170 732 1322 774 graues
1351 730 1500 757 usuras
1530 715 1716 769 inponat.

392 802 456 841 18.
482 814 560 855 pro
591 806 757 854 quaestu
788 813 817 837 s.
849 796 878 849 s.
911 795 947 835 h.
979 795 1053 834 πίει)
1086 807 1142 834 cr.
1170 792 1311 847 possis.
1372 789 1468 830 Hoc
1490 803 1565 844 per
1597 785 1894 840 ἀνθυποφορὰν
1928 784 2102 832 dicitur3

280 874 397 916 cuius
428 886 572 914 sensus
604 878 683 912 est:
731 868 814 911 Sed
845 874 963 923 putet
992 867 1166 907 forsitan
1197 864 1350 918 aliquis
1381 878 1458 918 pro
1489 861 1613 903 modo
1654 866 1850 915 quaestus
1890 857 1970 899 sibi
2010 871 2105 898 eum

281 946 514 1001 indulgere,
546 944 613 986 cui
643 943 748 984 haec
778 940 1022 996 respondet:
1055 941 1128 980 uix
1160 938 1320 979 credere
1344 937 1489 992 possis,
1522 950 1640 991 quam
1671 934 1745 975 sibi
1771 947 1852 974 ozon
1873 933 1921 973 sit
1942 932 2106 972 amicus.

395 1020 460 1061 20.
491 1020 545 1060 ita
575 1032 615 1058 u.
639 1024 759 1072 pater
788 1015 851 1055 ille
887 1014 1048 1055 Terenti
1075 1014 1104 1066 f.
1137 1026 1170 1067 q.
1202 1013 1389 1052 miserum
1420 1018 1455 1050 et
1484 1009 1650 1064 reliqua.
1723 1005 1857 1048 Notus
1896 1011 1957 1046 est
1994 1003 2107 1058 apud

287 1093 515 1135 Terentium
545 1087 923 1145 (Heautontimor.)
944 1085 1221 1126 Menedemus
1252 1083 1322 1124 ille
1353 1097 1493 1132 senex,
1525 1081 1597 1136 qui
1627 1080 1679 1121 de
1710 1094 1753 1121 se
1783 1092 1940 1134 paenas
1962 1076 2106 1132 exigit,
2144 1067 2148 1118 1

276 289 399 346 primi
430 287 584 329 mensis
621 298 769 327 usuras
808 282 936 338 capiti
973 280 1105 335 ipsius
1141 278 1263 321 sortis
1301 277 1439 319 statim
1476 274 1720 323 mouebant3
1764 273 1845 314 hoc
1890 277 1951 313 est
1995 283 2096 326 ergo
2138 257 2145 531 ἱ

2140 534 2146 593 3

2142 606 2146 638 ἵ

283 1166 396 1221 quod
425 1164 557 1205 filium
588 1178 612 1203 a
643 1177 686 1203 se
718 1175 793 1216 per
824 1159 1021 1200 duritiam
1053 1158 1117 1199 sui
1146 1157 1369 1213 fugauerit.

396 1239 461 1279 25.
494 1236 712 1279 Maltln'nus
743 1242 768 1275 t.
800 1234 836 1274 d.
914 1230 1003 1273 Sub
1036 1230 1237 1272 Malthini
1276 1229 1443 1271 nomine
1482 1227 1669 1281 Quidam
1706 1227 1998 1268 Maecenatem
2039 1239 2108 1266 su-

284 1311 499 1366 spicantur
530 1306 774 1364 significari,
806 1305 859 1347 ab
890 1319 934 1346 re
965 1312 1104 1345 tamen
1136 1317 1289 1345 nomen
1319 1303 1436 1343 finxit
1447 1318 1456 1351 3
1499 1302 1650 1343 maltha
1681 1300 1791 1342 enim
1831 1299 2014 1354 μαλακὸς
2044 1297 2108 1338 di-

284 1385 403 1426 citur.
475 1383 610 1424 Porro
641 1387 778 1422 autem
810 1378 962 1420 tunicis
993 1377 1186 1420 demissis
1217 1376 1433 1418 ambulare
1464 1390 1607 1417 eorum
1639 1381 1714 1424 est,
1760 1373 1832 1428 qui
1877 1387 1920 1415 se
1963 1371 2110 1413 molles

285 1473 334 1500 ac
365 1456 566 1499 delicatos
595 1454 726 1496 uelint
756 1452 916 1494 haberi.

398 1532 461 1570 27.
496 1529 686 1571 Pastillos
717 1527 894 1582 Rufillus
926 1527 976 1566 ol.
1014 1526 1249 1579 Garyom'us
1284 1525 1384 1565 hirc.
1445 1522 1566 1563 Haec
1611 1535 1774 1576 quoque
1819 1518 2012 1574 exempla
2056 1517 2110 1559 ad

285 1603 590 1645 inmoderatam
620 1601 1025 1654 intemperatamque
1055 1598 1312 1653 uoluptatem
1343 1597 1572 1652 pertinent:
1612 1595 1684 1636 alii
1706 1594 1862 1650 quippe
1884 1591 2111 1634 munditias

286 1677 380 1732 plus
410 1676 517 1717 iusto
548 1674 772 1723 adfectant,
804 1672 877 1713 alii
907 1671 1066 1713 nullam
1097 1671 1285 1726 corporis
1316 1671 1379 1712 sui
1409 1669 1565 1711 habent
1596 1684 1750 1710 curam.

399 1750 464 1790 28.
496 1756 593 1789 sunt
623 1748 692 1802 qm·
717 1747 845 1787 nolim
874 1753 898 1786 t.
929 1760 967 1786 n.
999 1746 1023 1786 ί.
1061 1759 1094 1800 q.
1132 1761 1162 1786 s.
1203 1753 1228 1786 t.
1263 1758 1297 1785 r.
1334 1745 1359 1785 i.
1395 1758 1435 1784 u.
1507 1742 1727 1784 Matronas
1759 1741 1987 1796 significat3
2032 1739 2112 1780 hae

287 1823 399 1865 enim
431 1822 535 1864 stola
565 1827 736 1862 utuntur
766 1819 819 1861 ad
849 1819 955 1861 imos
986 1818 1116 1874 pedes
1146 1817 1340 1868 demissa,
1388 1817 1505 1858 cuius
1534 1816 1662 1857 imam
1693 1821 1856 1871 partem
1887 1812 2018 1855 ambit
2046 1812 2111 1854 in·

287 1896 383 1938 stita
412 1895 571 1937 adsuta.

399 1969 465 2009 31.
503 1968 677 2018 Quidam
706 1982 744 2008 n.
777 1968 812 2007 Ιι.
847 1981 877 2007 c.
911 1967 1037 2007 exiret
1065 1966 1232 2019 fornice,
1262 1972 1396 2005 macte.
1458 1962 1518 2003 M.
1544 1960 1651 2004 Cato
1671 1961 1742 2002 ille
1766 1959 1995 2003 Censorius
2018 1974 2112 2001 cum

287 2042 461 2083 uidisset
490 2040 702 2082 hominem
733 2040 952 2081 honestum
984 2052 1006 2079 e
1035 2037 1195 2079 fornice
1227 2043 1460 2086 exeuntem,
1506 2035 1695 2077 laudauit
1726 2034 1970 2076 existimans
2013 2033 2112 2075 libi-

288 2115 429 2156 dinem
460 2112 794 2168 conpescendam
825 2125 914 2153 esse
945 2110 1034 2153 sine
1069 2110 1256 2153 crimine.
1317 2111 1447 2152 Macte
1477 2115 1615 2150 autem
1645 2110 1772 2164 maqz’s
1803 2117 1927 2158 aucte,
1963 2108 2006 2149 id
2037 2114 2111 2158 est,

289 2188 485 2230 cumulate
516 2186 736 2241 significat.

400 2261 466 2302 36.
496 2259 620 2301 nolim
641 2259 865 2307 laudarier,
887 2258 1024 2313 inquit.
1072 2254 1202 2298 Caius
1225 2254 1489 2311 Cupiennius
1509 2255 1635 2306 Libo,
1669 2253 1896 2306 Cumanus,
1927 2253 2114 2311 Augusti

404 2421 436 2458 1)
464 2419 576 2457 capitis
601 2418 685 2447 M2R
711 2418 870 2458 (capiti-tis
897 2419 995 2456 corr.)
1017 2417 1054 2447 G.
1083 2421 1197 2447 statum
1214 2417 1258 2446 M.
1279 2403 1397 2445 slat'i‘m
1424 2416 1536 2455 (coma)
1556 2416 1713 2455 G.fatum
1731 2417 1764 2446 R.
1785 2418 1853 2447 rell.
1875 2417 1987 2447 statim.
2005 2426 2103 2447 moue-

289 2479 365 2506 bant
392 2476 517 2506 MRQG.
545 2475 757 2505 admonebant
783 2485 811 2503 v.
837 2475 1032 2503 amouebant
1058 2474 1123 2503 afh.
1173 2474 1207 2511 2)
1233 2478 1352 2502 (za-seem
1371 2472 1442 2501 MA.
1472 2477 1596 2503 exectat
1612 2474 1647 2503 R.
1676 2473 1780 2513 exiyccl
1806 2475 1833 2503 2.
1867 2474 1971 2504 exicat
1985 2484 2015 2503 v.
2042 2474 2111 2504 exi-

287 2534 329 2572 qz't
353 2533 419 2562 afh.
469 2534 503 2571 3)
530 2535 644 2569 urguet
662 2532 705 2560 M.
757 2532 790 2569 6)
818 2530 975 2568 exigendo
991 2530 1037 2558 fh.
1088 2532 1122 2568 8)
1150 2539 1254 2567 posses
1271 2529 1312 2560 M.
1338 2539 1393 2566 pei·
1418 2524 1691 2560 ANfflYllOfill'AN
1719 2530 1760 2558 M.
1788 2534 1869 2567 spat.
1896 2540 1963 2559 uae.
1992 2531 2025 2559 in
2043 2529 2110 2560 RG.

289 2599 345 2627 per
368 2586 531 2631 υττόφοραν
557 2598 606 2616 va.
633 2584 699 2616 καθ
725 2583 889 2629 ὺπόφοραν
914 2586 960 2616 fh.
1025 2587 1059 2624 9)
1087 2590 1176 2624 putat
1199 2586 1244 2617 fh.
1273 2587 1340 2614 rell.
1368 2591 1461 2623 putet.
1487 2587 1593 2615 forsan
1618 2586 1707 2616 vafh.
1742 2586 1840 2624 aliqui
1869 2586 1913 2616 M.
1980 2586 2036 2625 10)
2063 2595 2112 2615 re-

291 2646 426 2683 spondet
452 2645 499 2674 hic
525 2646 553 2673 2.
579 2644 680 2672 Verba
705 2643 758 2671 uia:
775 2661 814 2663 —w
834 2642 948 2672 (amicus
973 2652 1031 2671 om.
1058 2642 1102 2679 fh,
1129 2643 1181 2680 qui
1208 2643 1348 2671 habent:
1375 2644 1553 2680 respondet.
1583 2643 1690 2682 [Pater
1713 2642 1762 2671 ille
1792 2641 1923 2681 Terenti]
1952 2643 2055 2672 Notus
2082 2646 2112 2672 et

291 2710 320 2738 q,
347 2710 411 2738 seq.
460 2701 497 2729 In
522 2710 541 2729 (ι
565 2706 613 2728 est
640 2700 771 2728 lemma:
806 2699 860 2728 Vix
888 2717 925 2719 >W
952 2698 1079 2737 reliqua.
1148 2699 1202 2736 13)
1229 2708 1316 2727 suam
1340 2699 1382 2729 fh.
1452 2700 1506 2738 14)
1532 2699 1702 2729 Malthinus
1733 2697 2004 2737 M2(G'?Q)‚vafh.
2030 2699 2112 2728 Mal-

290 2756 398 2785 chinus
447 2774 458 2776 e
489 2756 641 2785 Malchini
668 2755 703 2784 R.
758 2755 809 2793 15)
837 2756 1021 2793 significare
1047 2755 1110 2783 vfh.
1138 2765 1197 2784 om.
1226 2756 1254 2783 2.
1351 2764 1464 2783 nomen
1490 2766 1550 2784 om.
1577 2754 1663 2784 vafh.
1728 2757 1781 2793 17)
1807 2756 1917 2785 uolunt
1944 2756 2054 2784 haberi
2081 2756 2110 2785 2.

290 2812 389 2841 uelint
416 2812 524 2840 haberi
553 2810 734 2849 MR(G‘.>Q).
762 2811 845 2839 Edd.
874 2811 946 2839 hab.
973 2811 1082 2839 uelint.
1147 2811 1200 2847 18)
1227 2811 1403 2847 gargonius
1428 2810 1503 2846 MG.
1530 2815 1561 2839 ut
1590 2815 1668 2840 uett.
1695 2812 1787 2840 codd.
1815 2811 1890 2840 Hor.
1910 2811 2025 2840 Bernn.
2051 2809 2110 2839 KG

290 2868 400 2896 Ambr.
421 2867 536 2897 (iraeu.
556 2868 648 2895 Fran.
676 2867 762 2895 Parr.
788 2867 836 2905 3-11
862 2865 964 2904 (gorg.
985 2865 1194 2908 EszIMOP)
1215 2863 1397 2901 gin-nonius
1424 2867 1459 2894 13.
1487 2868 1677 2904 gaorgonius
1702 2867 1794 2896 Bern.
1813 2866 1849 2895 A.
1902 2866 1958 2903 ⁶20)
1984 2865 2047 2905 fflff·
2067 2866 2109 2896 M.

293 2923 349 2960 21)
375 2924 483 2951 nolunt
512 2924 549 2959 G,
577 2927 607 2951 ut
636 2923 782 2952 nonnulli
809 2926 888 2951 nett.
915 2923 1006 2951 codd.
1032 2922 1108 2950 Hor.
1134 2921 1243 2951 Ambr.
1271 2922 1366 2950 Rern.
1395 2923 1417 2950 13
1445 2923 1531 2951 Parr.
1566 2923 1615 2964 <¹9ss
1649 2922 1681 2958 (1
1710 2927 1788 2951 mut.
1818 2923 1849 2951 in
1876 2921 1910 2960 11)
1942 2922 2020 2951 IMR
2052 2925 2111 2952 etc.

292 2996 332 3000 —
359 2979 415 3006 hnc
440 2978 540 3010 Ales.
568 2979 625 3007 hac
652 2980 681 3007 2.
708 2979 777 3007 rell.
804 2978 885 3007 haec.
935 2979 992 3016 22)
1018 2977 1148 3007 dimissa
1175 2979 1204 3006 2.
1236 2995 1272 2998 ᾖ
1298 2978 1388 3007 insitu
1416 2978 1482 3007 ads.
1508 2979 1578 3007 MR.
1641 2979 1696 3016 24)
1726 2978 1916 3008 Censorinus
1940 2979 2001 3007 afh.
2052 2976 2110 3017 25)

292 3043 305 3062 e
331 3034 409 3062 forn.
436 3034 468 3062 M
494 3034 614 3071 (Halm.
641 3034 668 3070 Q
692 3038 777 3064 tacet
796 3045 824 3072 p.
842 3034 992 3072 XXXVI)
1019 3033 1076 3062 RQ.
1102 3037 1145 3062 est
1167 3043 1198 3062 v.
1226 3034 1294 3063 rell.
1323 3044 1374 3063 ex.
1425 3036 1481 3072 26)
1509 3040 1612 3064 autem
1640 3043 1699 3063 0111.
1718 3034 1797 3068 fh,u.
1825 3034 1924 3062 Asacte
1949 3038 2110 3072 tamquam

292 3099 362 3118 nou.
399 3090 470 3118 lem.
509 3094 674 3127 ponentes.
734 3089 792 3127 28)
818 3091 928 3128 inquid
966 3090 1008 3119 M.
1050 3090 1148 3119 Gaius
1185 3090 1359 3127 cupennius
1397 3090 1458 3119 ΛΞ.
1496 3090 1611 3127 gauius
1648 3090 1795 3128 cupenius
1820 3089 1853 3118 M
1878 3090 1999 3128 (Halm.
2026 3089 2053 3125 Q
2078 3099 2108 3127 p.

291 3144 441 3174 XXXVI:
469 3144 667 3184 eumenius).
697 3144 795 3175 Caius
820 3146 1014 3184 cuppennius
1039 3144 1075 3174 R.
1103 3144 1138 3174 C.
1168 3146 1195 3174 2.
1224 3145 1258 3174 C.
1295 3145 1476 3183 Cuppenius
1508 3156 1537 3174 v.
1571 3145 1605 3174 C.
1639 3144 1822 3184 Cupennius
1854 3155 1880 3174 a.
1915 3144 2008 3175 Caius
2046 3144 2104 3175 Cu-
