2148 3412
183 118 263 158 392v
814 126 919 158 Aen.
946 126 1006 157 ET
1032 125 1199 158 Pom‘H.
1225 124 1373 158 coMM.

287 252 484 292 crutm‘na.
526 247 750 304 Mai-supio
775 247 1092 304 [Patrimonio]‚
1115 248 1159 288 id
1181 254 1254 298 est,
1278 247 1445 290 sacculo
1466 246 1673 297 nummio,
1702 246 1790 288 siue
1811 247 2002 302 *)pasce-

172 323 238 365 olo
262 321 562 379 [prandiario]‚
596 321 674 362 ἀπὸ
706 324 777 362 τοῦ
810 324 1040 377 κρεμαστοῦ
1074 321 1382 377 (φασκώλουῗ).

286 397 349 437 12.
382 396 493 437 Inter
523 410 644 451 spem.
707 393 881 437 Scilicet
910 395 1161 436 futurorum.
1221 393 1356 436 Deest
1386 396 1430 436 si.

286 483 514 524 curamque.
577 468 750 510 Scilicet
781 469 1065 523 praesentium
1096 468 1301 509 laborum.
1374 467 1426 508 Id
1457 473 1536 508 est:
1583 480 1714 522 agens
1756 466 2004 523 (agitatus?)

105 554 122 581 3
171 543 279 583 inter
309 557 426 598 spem
458 550 498 584 et
528 557 672 584 curam
704 542 873 584 cottidie
904 549 1018 598 puta,
1050 549 1089 583 te
1120 541 1381 583 moriturum.
1440 539 1591 582 Monet
1620 554 1735 596 ergo,
1781 539 1887 581 nihil
1917 554 2005 581 esse

174 616 411 658 curandum
442 616 493 657 de
524 616 675 657 futuro.

285 692 349 732 13.
385 691 551 732 Omnem
583 690 699 732 crede
730 690 845 732 diem.
878 698 903 731 t.
936 690 973 731 d.
1003 706 1034 730 s.
1115 688 1180 729 Ita
1210 694 1304 729 tene
1334 702 1502 729 omnem
1532 686 1657 738 diem,
1690 686 1810 741 quasi
1840 686 1884 728 in
1913 687 2006 743 ipso

171 763 397 806 moriturus
429 763 498 805 sis.

287 839 350 879 15.
382 838 449 880 Me
472 839 666 893 pinquem
696 845 730 878 ec
759 838 828 878 nit.
859 837 893 878 b.
925 851 956 878 c.
989 851 1021 878 o.
1052 837 1170 877 uz‘ses.
1230 834 1283 876 Id
1313 841 1394 877 est:
1441 833 1515 875 Me
1554 833 1724 888 quando
1753 833 1818 875 uis
1847 833 2005 887 uidere,

104 920 145 952 10
170 910 336 952 uidebis
368 911 474 952 bene
505 917 671 966 pastum
703 925 892 966 porcum,
924 917 964 951 et
994 909 1162 951 satirice
1194 908 1406 964 uituperat
1437 922 1529 949 eam
1560 914 1729 958 sectam,
1774 922 1900 963 quam
1932 922 2004 949 se-

172 984 326 1040 quitur.

288 1059 352 1099 16.
386 1058 484 1099 Cum
515 1059 647 1099 ridere
677 1058 800 1100 uoles.
860 1057 1022 1099 Laetus
1050 1055 1188 1098 uideri
1220 1055 1419 1111 (uidere).

289 1132 459 1186 Epicuri
487 1132 533 1172 de
563 1147 681 1186 yreqe
705 1146 772 1187 po.
832 1130 902 1172 De
932 1145 1107 1173 numero
1137 1130 1494 1184 uoluptuosorum.
1556 1128 1772 1182 Quoniam
1802 1128 2007 1183 Epicurei

177 1220 385 1246 summum
416 1204 573 1246 bonum
604 1205 646 1246 in
678 1205 891 1260 uoluptate
925 1211 1099 1260 ponunt,
1123 1205 1140 1258 ΙΙ
1161 1204 1313 1245 deinde
1344 1204 1457 1259 quod
1500 1218 1623 1246 omne
1667 1202 1825 1244 animal
1869 1202 2010 1244 colunt

106 1290 147 1320 15
175 1278 421 1334 nullumque
453 1279 620 1320 edunt?
642 1281 659 1334 Η
677 1293 858 1335 porcum.
918 1278 970 1319 Id
1001 1285 1074 1329 est,
1123 1277 1290 1333 corpori
1322 1278 1585 1328 seruientem,
1615 1284 1660 1318 ut
1691 1276 1762 1332 (E.
1793 1276 1828 1326 I,
1851 1278 1890 1326 2,
1913 1277 2006 1332 27>:

169 1354 310 1407 fruqes
342 1368 574 1394 consumere
604 1355 701 1398 nati.
762 1353 882 1394 Hara
912 1351 1028 1394 locus
1060 1351 1226 1401 dicitur,
1258 1351 1331 1393 ubi
1363 1358 1472 1393 stant
1502 1365 1596 1393 sues
1617 1357 1658 1392 et
1678 1350 1836 1392 suinae.
1898 1348 2007 1390 Ani-

170 1426 255 1467 mal
286 1426 464 1468 nimium
495 1441 675 1482 pronum
706 1440 756 1468 ac
789 1425 964 1483 [uentri]
998 1425 1187 1467 deditum
1216 1425 1366 1467 uentri.

910 1555 1273 1599 PORPHYRION.

104 1658 145 1689 20
286 1649 322 1687 1.
357 1647 457 1688 Albi.
519 1645 592 1687 Ad
622 1645 799 1688 Albium
833 1645 1089 1702 [Tibullum]
1124 1646 1282 1688 scribit.

285 1722 321 1761 2.
353 1722 394 1762 in
436 1722 594 1776 reqz'one
634 1721 812 1762 Pedana.
893 1721 1050 1762 Pedum
1093 1719 1297 1775 oppidum
1342 1719 1456 1761 haud
1500 1719 1627 1775 longe
1672 1717 1725 1760 ab
1771 1717 1875 1760 urbe
1918 1718 2007 1760 fuit.

170 1791 295 1835 Nunc
326 1808 410 1834 non
442 1802 516 1844 est,
548 1809 696 1835 uerum
727 1793 865 1834 adhuc
895 1795 1003 1848 reyio
1034 1793 1128 1848 ipsa
1160 1794 1325 1835 Pedana
1355 1793 1522 1835 dicitur.

264 1887 297 1924 1)
324 1887 466 1917 crumina
490 1897 516 1928 γ,
542 1891 577 1916 ut
603 1887 653 1930 Βφ
680 1887 830 1926 (uterque
855 1885 1049 1916 CRVMINA
1074 1888 1108 1916 in
1132 1887 1297 1925 margine)
1330 1888 1360 1917 A
1384 1888 1494 1917 Ambr.
1523 1887 1578 1925 (αῖ.
1604 1897 1660 1917 me.
1691 1889 1705 1916 1
1721 1887 1779 1926 m.)
1804 1886 1894 1916 Harl.
1922 1885 2008 1925 (cum

171 1944 296 1981 glossa:
327 1945 455 1974 sacculo
479 1945 664 1983 memor-um).
690 1945 729 1973 In
753 1944 826 1973 Vat.
856 1945 954 1981 1675,
982 1948 1016 1974 ut
1042 1945 1076 1974 in
1101 1944 1136 1979 Β,
1164 1945 1182 1973 2
1209 1955 1251 1974 m.
1278 1949 1356 1974 mut.
1384 1946 1394 1974 i
1420 1945 1452 1974 in
1481 1954 1506 1974 e.
1533 1944 1606 1974 Vet.
1632 1944 1719 1974 Rom.
1747 1943 1823 1974 Chr.
1847 1943 2007 1983 yrumina.

170 2000 252 2030 conf.
279 2002 335 2030 lib.
362 2002 401 2031 de
425 2002 492 2031 cod.
518 2002 610 2031 Baro.
638 2011 665 2039 p.
687 2002 739 2031 22.
768 2011 914 2031 crumena
938 2000 1091 2036 vathQ.
1118 2001 1152 2031 id
1174 2006 1216 2031 est
1240 2002 1364 2032 sacculo
1389 2011 1415 2043 γ.
1442 2002 1474 2030 id
1493 2005 1541 2030 est
1561 2011 1621 2030 om.
1647 2002 1678 2030 b.
1703 2001 1753 2030 uel
1776 2009 1864 2030 sacco
1888 1999 2007 2035 vath.

164 2057 351 2095 prandiario
368 2067 431 2087 non
447 2057 519 2087 Lat.
539 2057 582 2087 C:
609 2067 760 2087 crumena.
789 2058 1075 2096 sacculonumario,
1102 2059 1134 2088 id
1154 2063 1212 2097 est,
1232 2058 1429 2097 patrimonio
1447 2054 1510 2088 ἀπὸ
1529 2057 1587 2088 τοῦ
1604 2054 1756 2100 κρεμάζω
1774 2054 1955 2100 (κρεμάζειν
1963 2055 2006 2096 ‘?).

170 2123 232 2144 απο
251 2110 334 2144 ΤΟΥ
352 2109 560 2145 ΚΡθΜαΟΟΞ
579 2114 655 2153 (sic)
682 2124 707 2156 γ.
735 2115 805 2145 rell.
832 2124 892 2144 om.
942 2115 977 2154 3)
1003 2124 1026 2147 s,
1052 2114 1113 2144 fut.
1140 2116 1231 2145 deest
1257 2116 1283 2144 si
1308 2124 1336 2157 γ.
1363 2115 1453 2144 deest
1479 2115 1504 2143 si
1529 2115 1709 2144 futurorum
1735 2114 1953 2152 praesentium
1978 2114 2007 2143 b.

167 2170 242 2200 iras.
269 2181 293 2200 s.
321 2172 540 2209 praesentium
567 2171 710 2201 laborum
729 2180 756 2212 γ.
783 2170 867 2201 conf.
888 2170 932 2200 C:
960 2170 1052 2200 ‘incer-
1075 2181 1167 2210 spem.
1193 2182 1260 2210 spes
1286 2175 1333 2200 est
1359 2171 1539 2201 futurorum
1564 2171 1728 2208 bonorum,
1755 2180 1831 2200 cura
1856 2179 2008 2208 praesen-

168 2229 261 2266 tium,
288 2228 376 2258 timor
400 2228 579 2258 futurorum
604 2229 770 2265 malorum,
796 2228 847 2257 ira
872 2237 928 2257 seu
954 2228 1045 2258 dolor
1069 2229 1312 2266 praesentium)
1363 2229 1398 2267 4)
1425 2228 1546 2266 agentis
1571 2237 1597 2269 γ.
1622 2228 1693 2257 rell.
1721 2236 1824 2265 agens.
1850 2237 1956 2257 curam
1980 2237 2006 2269 γ.

168 2286 236 2315 rell.
263 2295 365 2315 curas.
391 2286 510 2315 cotidie
535 2286 582 2327 γῑ).
609 2286 681 2314 rell.
708 2285 859 2324 qnotidie.
921 2285 955 2324 5)
983 2284 1062 2315 nihil
1085 2294 1155 2315 esse
1181 2296 1229 2316 cu.
1256 2286 1377 2326 *1b,vca.
1404 2285 1473 2314 rell.
1500 2285 1583 2314 nihil
1609 2283 1670 2324 (nil
1693 2284 1736 2323 Q)
1762 2294 1811 2314 cu.
1839 2293 1920 2314 esse.
1971 2284 2005 2322 7)

170 2343 239 2380 ipso
263 2343 313 2384 Tb.
339 2343 409 2374 rell.
435 2351 478 2371 eo,
504 2351 582 2371 mor.
609 2342 654 2371 sis
679 2342 728 2382 γὶ).
757 2342 827 2370 rell.
865 2342 910 2371 sis
935 2350 1012 2370 mor.
1039 2340 1080 2370 C:
1120 2342 1190 2371 ‘hoc
1215 2345 1276 2379 est,
1314 2341 1458 2380 quotidie
1483 2345 1560 2379 puta
1595 2345 1628 2370 te
1666 2342 1868 2378 moriturum,
1905 2344 1937 2369 et
1963 2341 2008 2369 sie

168 2407 231 2428 non
248 2399 373 2428 curabis
391 2398 520 2428 futura.⁷
572 2397 606 2438 9)
633 2398 764 2427 Lemma
788 2397 865 2427 aises
889 2398 1094 2435 amplifieaui.
1114 2416 1153 2419 —-
1169 2398 1220 2427 Me
1246 2408 1296 2436 qu.
1324 2399 1373 2428 uis
1399 2399 1447 2440 γΙ).
1466 2397 1537 2427 rell.
1564 2398 1819 2436 quandocunque
1849 2397 2007 2437 (quando-

169 2464 304 2492 cumque
331 2454 402 2493 OQ)
428 2456 486 2492 uis,
512 2465 573 2485 om.
600 2464 659 2485 me.
686 2454 768 2484 conf.
796 2453 839 2483 C:
867 2455 1141 2493 ‘quandocumque
1166 2456 1291 2492 uenies,
1318 2458 1351 2483 ut
1368 2464 1418 2484 me
1441 2454 1567 2493 uideas,
1592 2454 1738 2483 inuenies
1756 2455 1839 2483 bene
1856 2453 2006 2492 pastum.⁷

171 2511 228 2549 10)
255 2511 343 2540 satir.
360 2510 475 2553 yb(Q).
491 2512 561 2540 rell.
589 2516 685 2550 satyr.
738 2512 793 2549 12)
820 2510 917 2541 Letus
944 2512 1050 2541 uideri
1075 2511 1242 2551 (uideo-eP)
1268 2513 1316 2553 γὶ).
1344 2512 1413 2541 rell.
1439 2521 1500 2541 om.
1553 2510 1608 2550 13)
1634 2511 1742 2540 Denuo
1766 2512 1831 2541 uol.
1856 2521 1883 2553 γ.
1911 2511 1932 2540 d
1948 2509 2009 2540 ηαδ

169 2568 198 2596 b.
225 2568 294 2597 rell.
323 2577 383 2598 om.
435 2568 490 2607 14)
520 2568 679 2606 uoluptate
703 2569 732 2597 b.
758 2568 828 2597 rell.
856 2568 1080 2606 uoluptatibus.
1132 2569 1188 2608 15)
1216 2569 1395 2608 nullumque
1419 2569 1468 2610 γὶ).
1487 2568 1558 2598 rell.
1586 2568 1721 2597 nullum.
1747 2568 1784 2597 Id
1810 2572 1858 2597 est
1882 2569 2006 2606 corpori

171 2641 211 2644 —
238 2624 386 2654 deditum
410 2625 458 2665 71).
485 2625 555 2653 rell.
582 2634 642 2654 om.
670 2641 712 2644 ἡ
738 2624 876 2662 corporis
900 2626 1094 2655 seruientem
1118 2626 1148 2655 b.
1201 2626 1256 2664 16)
1282 2626 1369 2655 Hora
1385 2626 1435 2667 γΙ).
1462 2625 1559 2655 Posui
1584 2625 1683 2661 Hara,
1710 2625 1871 2654 stabulum
1895 2629 1928 2654 et
1952 2634 2007 2653 an-

171 2689 276 2710 serum
301 2679 438 2721 (Colum.
464 2680 550 2718 VIII,
580 2682 630 2710 13.
661 2680 751 2710 Varr.
779 2681 815 2710 R.
842 2680 877 2710 R.
903 2680 961 2718 III,
989 2682 1025 2719 3)
1066 2686 1098 2712 et
1124 2692 1228 2712 suum.
1255 2682 1338 2712 conf.
1367 2681 1491 2712 Colum.
1518 2681 1589 2719 VII,
1617 2683 1646 2711 9.
1683 2681 1774 2711 Varr.
1800 2681 1842 2719 II,
1869 2682 1899 2711 4.
1938 2680 2006 2710 Cic.

170 2736 236 2766 Pis.
267 2738 318 2768 16.
349 2737 444 2766 Ouid.
470 2736 511 2765 H.
538 2737 563 2774 I,
594 2738 666 2766 104.
704 2737 783 2766 hara
810 2737 878 2766 suis
915 2736 1020 2766 Plaut.
1047 2738 1142 2768 Most.
1174 2739 1198 2775 Ι,
1229 2740 1256 2776 1,
1283 2740 1336 2768 39.
1363 2756 1404 2759 —
1431 2748 1503 2768 sues
1528 2743 1555 2768 ec
1579 2739 1691 2768 suinae
1716 2739 1747 2768 b.
1774 2747 1846 2767 sues
1860 2748 1881 2767 ::
1897 2738 2006 2767 suinae

170 2802 196 2834 γ.
248 2793 302 2830 17)
328 2794 434 2822 uentri
460 2793 603 2822 deditum
628 2793 676 2834 ⁴(b.
703 2794 889 2831 transposui
914 2794 993 2823 haec
1017 2795 1126 2832 uerba,
1153 2795 1304 2833 quoniam
1330 2798 1361 2824 et
1383 2804 1515 2833 pronum
1541 2795 1582 2824 ad
1619 2795 1766 2824 datiuum
1801 2794 1902 2824 uentri
1935 2803 2006 2832 per-

171 2849 261 2878 tinet.
289 2849 369 2878 conf.
396 2850 500 2879 Tacit.
528 2850 567 2879 A.
593 2850 648 2887 IV,
668 2850 727 2879 29:
754 2849 934 2880 offensioni.
962 2850 1073 2880 Senee.
1100 2851 1216 2882 Oetau.
1244 2852 1326 2881 868:
1353 2852 1478 2881 animus
1503 2852 1586 2882 malo
1612 2861 1742 2889 pronus.

284 2904 439 2935 PORPH.
491 2907 548 2945 20)
575 2906 627 2935 Ad
651 2906 783 2936 Albium
807 2906 971 2946 MRG(Q).
1010 2907 1059 2937 Ad
1083 2908 1217 2938 Albium
1241 2907 1347 2938 scribit
1372 2908 1400 2936 2.
1427 2908 1531 2946 recepi
1568 2908 1648 2945 ideo,
1686 2908 1771 2946 quod
1807 2908 1924 2937 nudam
1957 2908 2006 2937 in-

173 2962 379 2998 scriptionem
405 2964 587 3000 argumenti
612 2964 681 2993 loco
706 2973 824 3001 ponere
849 2967 964 2993 eontra
988 2964 1222 3003 Porphyrionis
1248 2974 1366 2994 morem
1393 2968 1450 2993 est.
1495 2964 1548 2993 Ad
1572 2964 1704 2993 Albium
1736 2963 1881 2993 Tibullum
1905 2962 2009 2993 scribit

172 3017 258 3046 vafh.
324 3019 379 3056 21)
407 3019 538 3048 Pedium
563 3020 634 3049 MR.
662 3020 730 3049 rell.
757 3020 884 3049 Pedum.
912 3038 953 3040 —
978 3021 1055 3049 haut
1077 3021 1142 3049 M2.
1179 3021 1272 3050 Nunc
1297 3030 1358 3049 non
1384 3024 1432 3049 est
1458 3029 1569 3050 uerum
1595 3021 1668 3049 adh.
1695 3020 1737 3049 M.
1786 3019 1820 3058 *)
1846 3019 2006 3058 dlarsupz'o

175 3077 203 3101 et
225 3074 365 3111 pasceolo
392 3084 449 3103 em.
478 3075 513 3104 C.
540 3076 714 3105 Hermann.
741 3076 822 3105 conf.
848 3075 958 3105 Isidor.
984 3076 1055 3114 XX,
1082 3078 1113 3114 9,
1141 3077 1170 3106 5.
1198 3086 1228 3115 p.
1256 3077 1319 3107 627
1347 3076 1435 3107 Otto.
1462 3076 1578 3106 Nonius
1603 3086 1631 3114 p.
1661 3077 1719 3106 141
1748 3080 1779 3106 et
1808 3078 1881 3106 151.
1906 3076 2004 3105 Merc-

172 3129 270 3159 Lucil.
297 3129 352 3159 lib.
377 3130 467 3159 XXX
493 3140 524 3169 p.
552 3133 604 3161 37.
632 3130 780 3163 Gerlach.
