2148 3412
175 260 243 302 39.
273 259 399 301 audes
429 259 593 301 Ducere
624 259 671 301 de
700 273 804 300 saxo
840 259 956 300 ciues.
1033 257 1096 300 Ut
1140 257 1175 299 si
1219 256 1396 300 diceret:
1442 257 1589 300 Audet
1630 257 1894 299 tribunatum

68 332 301 392 [tribunatu
329 331 466 388 plebis
495 331 636 388 fungi3
671 346 771 373 nam
800 331 977 388 tribuni]
1010 330 1161 386 plebis,
1207 331 1458 387 dampnatos
1503 332 1605 373 dum
1653 331 1743 388 [de]
1792 346 1892 372 saxo

66 405 305 462 Capitolino
335 404 684 461 praecipitabant.

19 505 23 542 Ι
175 488 247 521 aut
274 480 434 521 tradere
469 479 509 521 C.
570 476 759 520 Cadmus
789 478 977 520 carnifex
1007 477 1080 519 illo
1111 484 1300 532 tempore
1330 477 1460 519 fuisse
1492 478 1659 520 dicitur.

20 545 23 554 '¹
173 554 239 594 40.
271 552 326 595 At
354 553 511 595 Nouius
542 553 691 607 oolleya
720 552 854 607 qradu
878 560 974 607 post
1000 566 1060 593 me
1090 552 1195 593 sedet
1224 564 1318 592 uno·
1394 550 1480 592 Sed
1517 550 1695 602 Nouius,
1741 551 1891 605 inquit,

20 610 23 687 ἑ
63 626 137 682 qui
165 641 248 668 non
277 625 486 667 libertinis
517 625 764 680 parentibus
794 631 931 675 natus,
969 624 1042 666 sed
1074 624 1165 679 ipse
1186 623 1408 665 libertinus
1430 630 1503 674 est,
1534 625 1751 679 proximus
1782 641 1806 666 a
1825 640 1892 666 me

21 691 24 759 'l
63 700 108 742 in
137 698 321 755 equestri
351 698 499 740 ordine
532 698 715 740 sedebat.

175 771 289 829 [Post
317 786 378 813 me
407 787 459 813 se.
490 786 584 814 uno.
643 771 694 813 Id
725 778 800 822 est,
833 771 1057 828 inferiori]

172 846 239 886 41.
270 845 449 902 Namque
479 853 535 886 est
562 845 639 896 ille,
665 853 785 902 pater
816 859 849 901 q.
882 860 910 886 e.
942 859 1063 886 meus.
1099 845 1184 886 Hoc
1215 843 1283 885 tibi
1308 844 1477 886 Paulus.
1537 842 1665 885 Patre
1695 844 1892 886 libertino

61 925 205 962 natum
228 932 317 960 esse
338 917 565 960 Horatium
587 924 627 960 et
656 919 700 959 in
730 918 983 969 narratione,
1016 932 1144 973 quam
1175 917 1227 959 de
1257 917 1347 958 uita
1377 917 1511 973 ipsius
1542 917 1683 967 habui,
1715 918 1890 960 ostendi.

62 991 179 1049 Ergo
194 990 382 1034 Nouium
402 992 514 1033 hunc
534 991 777 1033 libertinum
798 1006 887 1034 esse
908 992 1165 1047 indignatur,
1188 997 1314 1045 atque
1336 1005 1430 1032 eum
1451 996 1591 1032 tamen
1612 990 1655 1031 in
1677 996 1892 1044 quattuor-

63 1065 199 1108 decim
229 1064 447 1107 ordinibus
478 1065 635 1106 sedere.

15 0 21 222 ἶ
808 135 856 167 IN
882 134 1019 167 SERM.
1046 134 1072 171 1,
1098 138 1128 167 6.
1811 124 1890 164 129

17 225 21 256 l

19 359 22 404 ἓ

172 1140 238 1180 42.
271 1138 325 1180 At
354 1139 428 1189 hic,
460 1140 496 1180 se·
515 1139 677 1194 plostra
708 1140 893 1181 ducenta.
952 1137 1083 1180 Hunc
1112 1137 1297 1180 Nouium
1335 1137 1437 1179 dicit
1468 1137 1685 1194 garrulum
1718 1144 1759 1179 et
1788 1137 1893 1178 uul-

63 1226 207 1270 garem
237 1225 327 1254 esse
357 1211 401 1252 in
433 1211 570 1253 causis
601 1212 791 1268 agendis,
837 1226 914 1266 per
944 1225 1069 1266 quam
1104 1211 1279 1268 [gloria]
1314 1211 1493 1267 gloriam
1526 1211 1760 1253 studiorum
1802 1211 1892 1252 effi-

63 1284 227 1342 cere[t],
261 1284 321 1342 [et
350 1299 485 1339 aequo
516 1284 675 1341 animo]
707 1292 753 1326 ut
783 1285 827 1326 in
858 1285 1041 1339 equestri
1072 1285 1219 1325 ordine
1251 1284 1518 1334 sustineatur,
1551 1284 1664 1338 quod
1695 1283 1892 1326 dissimu-

61 1358 145 1401 lata
173 1358 404 1400 humilitate
434 1358 636 1400 natalium
666 1357 802 1400 Paulo
833 1358 1039 1400 exsertius
1069 1364 1179 1413 agat.

177 1551 210 1590 1)
236 1551 335 1581 audes
361 1550 499 1581 deiecere
523 1551 566 1587 M,
599 1555 635 1581 ut
660 1551 686 1581 E
713 1555 744 1581 et
768 1551 864 1581 Bern.
890 1551 919 1581 A
947 1552 979 1590 (e
1005 1552 1129 1592 expu.)
1157 1551 1281 1581 deicere
1318 1552 1374 1581 alii
1411 1555 1490 1582 uett.
1530 1552 1622 1582 codd.
1657 1552 1798 1583 Horatii.
1835 1554 1895 1583 hoc

60 1607 128 1639 loco
153 1617 209 1646 per
236 1608 488 1638 contractionem
518 1606 634 1638 clfficere
658 1608 933 1646 pronuntiandum
958 1612 1018 1645 est,
1055 1612 1091 1638 ut
1118 1608 1268 1648 dactylus
1294 1609 1348 1639 sit.
1387 1608 1469 1639 conf.
1496 1607 1565 1638 (Ζᾶη
1603 1608 1634 1639 S.
1660 1609 1686 1646 I,
1714 1611 1745 1647 3,
1774 1610 1835 1639 102
1863 1614 1894 1640 et

62 1660 178 1695 d'e'inde
202 1665 288 1703 apud.
312 1664 408 1703 Verg.
433 1663 471 1694 A.
497 1664 535 1702 V,
563 1664 638 1695 321.
665 1664 738 1702 XII,
766 1665 840 1694 889.
888 1664 958 1694 Hac
981 1665 1109 1694 ratione
1135 1668 1281 1694 seruatur
1305 1666 1426 1703 optima
1459 1666 1557 1695 lectio
1590 1665 1626 1695 de
1657 1675 1737 1695 saxo
1761 1666 1830 1702 M,v
1862 1670 1894 1696 et

59 1720 193 1764 γΕΒφΗ
218 1719 342 1752 Genou.
367 1721 480 1751 Ambr.
506 1720 599 1750 Fran.
626 1721 721 1751 Bern.
749 1719 784 1750 C.
810 1721 926 1759 Regin.
952 1720 1054 1751 Harll.
1075 1722 1162 1751 2724
1188 1720 1289 1760 (saec.
1309 1721 1397 1761 XII).
1428 1722 1514 1751 4862
1543 1722 1641 1760 (saec.
1659 1722 1745 1761 XV).
1774 1732 1788 1751 e
1814 1732 1894 1752 saxo

59 1776 198 1816 R‚ath‚
223 1778 310 1816 uulg.
335 1778 433 1808 lectio
458 1781 489 1807 et
513 1786 595 1807 rece.
621 1777 750 1807 Horatii
777 1778 920 1808 codicum
944 1778 1149 1816 omniumque
1175 1778 1351 1808 editionum
1375 1778 1460 1808 falsa
1486 1782 1536 1809 est
1562 1779 1736 1808 iudicanda
1761 1782 1895 1816 propter

61 1843 151 1864 usum
176 1835 428 1872 praepositionis
454 1843 480 1870 e,
517 1844 574 1872 pro
600 1843 662 1872 qua
692 1835 786 1872 pauci
824 1834 914 1864 codd.
952 1843 1031 1864 rece.
1070 1834 1182 1872 (Bern.
1209 1834 1243 1864 F.
1270 1834 1361 1863 Harl.
1390 1835 1478 1864 3534
1506 1843 1587 1864 sace.
1614 1834 1692 1873 XII)
1731 1844 1766 1864 esc
1803 1845 1892 1872 saxo,

30 1880 34 1891 ⁹
60 1890 227 1929 pauciores
256 1889 362 1928 (Harl.
388 1891 475 1920 2699
508 1899 590 1920 saec.
616 1889 707 1930 XIII)
745 1900 765 1920 a
802 1899 881 1920 saxo
918 1891 1050 1920 habent.
1099 1890 1200 1928 Origo
1226 1899 1345 1928 prauae
1370 1891 1516 1921 lectionis
1541 1900 1555 1920 e
1579 1900 1654 1920 samo
1688 1896 1814 1929 praeter
1839 1901 1895 1921 ne-

63 1946 201 1985 glectam
237 1947 489 1977 contractionem
525 1947 708 1985 quaerenda
745 1951 792 1976 est
816 1947 850 1976 in
875 1947 1107 1977 uetustioribus
1132 1947 1237 1983 libris,
1276 1947 1379 1985 qualis
1405 1951 1454 1976 est
1480 1947 1576 1976 Bern.
1602 1947 1641 1984 B,
1678 1947 1732 1976 ubi
1758 1947 1779 1976 d
1805 1957 1895 1978 erasa

28 2016 34 2052 Ἰ
64 2006 122 2041 est,
148 2003 209 2033 sic:
234 1997 294 2049 {e
318 2012 402 2033 saaeO.
428 2003 542 2034 Melior
567 2012 662 2042 quam
675 2003 800 2033 Dei'cere
817 2012 832 2032 e
857 2008 943 2033 esset
966 1998 1112 2040 Deicere',
1141 2012 1220 2032 saxo
1246 2003 1364 2033 omissa
1389 2004 1641 2042 praepositione,
1667 2006 1703 2032 ut
1728 2004 1851 2034 habent
1869 2004 1895 2034 R

32 2059 35 2068 ¹
62 2058 172 2098 Magd.
197 2059 289 2090 Harl.
317 2060 402 2089 2621
430 2069 511 2090 saec.
537 2059 627 2089 XIII.
654 2059 737 2089 conf.
765 2059 861 2089 Ouid.
880 2059 923 2089 M.
941 2058 967 2096 Ι,
986 2060 1065 2089 193:
1095 2055 1247 2098 Faunique
1272 2061 1439 2099 satyrique
1465 2064 1497 2089 et
1522 2060 1719 2090 monticulae
1741 2059 1887 2099 Syluani.

62 2115 249 2146 Lectionem
283 2116 318 2146 de
351 2126 436 2154 saxo,
473 2126 567 2155 quam
591 2116 811 2154 praeiudicata
847 2116 996 2154 opinione
1020 2116 1122 2145 Pulm.
1147 2115 1222 2153 Fea,
1259 2115 1394 2145 Pottier.
1420 2119 1585 2154 tamquam
1608 2117 1761 2146 uitiosam
1798 2117 1892 2154 plane

64 2172 290 2211 neglexerunt,
318 2173 459 2203 Orellius
485 2172 583 2202 refert
607 2173 759 2211 probasse
785 2171 1000 2202 Schneidewin.
1026 2172 1144 2202 Philol.
1170 2172 1228 2201 III.
1254 2182 1283 2210 p.
1311 2173 1384 2209 541,
1412 2181 1516 2211 quem,
1549 2182 1582 2202 re
1608 2182 1626 2201 a
1650 2182 1700 2202 me
1726 2174 1789 2202 iam
1816 2183 1894 2203 con-

66 2229 191 2265 stituta,
216 2238 281 2259 non
305 2229 424 2267 legisse
450 2229 551 2259 doleo.
567 2246 606 2250 --
622 2229 714 2258 audet
736 2227 840 2259 MRG.
866 2229 936 2259 rell.
963 2228 1056 2259 audes
1074 2228 1383 2267 (Hor.).1nterpres
1408 2228 1519 2265 refert,
1545 2238 1609 2259 non
1634 2230 1892 2267 interrogantem

64 2284 187 2315 inducit
211 2289 348 2324 poetam.
374 2286 565 2315 tribunatum
588 2285 694 2323 plebis
720 2286 886 2315 damnatos
912 2286 986 2315 (lum
1014 2285 1099 2324 (cum
1115 2284 1189 2325 RG)
1217 2295 1297 2315 saxo
1323 2295 1391 2323 cap.
1417 2286 1655 2324 precipitabant
1671 2284 1764 2315 MRG
1791 2286 1894 2324 (uter-

65 2350 125 2380 que
149 2343 281 2381 praec).
330 2342 437 2372 Audes
461 2343 626 2372 tribunatu
651 2342 754 2380 plebis
767 2341 875 2381 fuuyz'.
903 2339 981 2382 (‘?Q)
1018 2342 1100 2371 Nam
1123 2341 1237 2371 tribuni
1260 2343 1366 2372 damn.
1393 2342 1432 2371 de
1458 2351 1502 2371 sa.
1529 2340 1606 2379 Cap.
1634 2342 1894 2379 praecipitabant

0 2436 2 2441 ,
65 2396 181 2433 vath.
199 2408 214 2427 e
230 2408 314 2428 saa-o.
340 2399 386 2428 Ut
412 2400 439 2429 si
465 2399 602 2429 diceret:
630 2398 736 2428 audiet
756 2399 907 2428 tribunus
933 2398 1038 2436 plebis
1064 2398 1195 2428 damnos
1222 2398 1261 2427 de
1287 2408 1367 2428 saxo
1392 2407 1460 2436 cap.
1476 2398 1689 2436 praecipitare
1708 2399 1738 2427 2.
1766 2399 1891 2427 seruaui

65 2454 210 2485 codicum
234 2456 405 2485 lectionem
430 2455 530 2485 Audet
553 2456 753 2492 tribunatum,
780 2455 867 2493 quod
892 2455 1015 2484 dictum
1040 2457 1098 2491 est,
1122 2458 1162 2484 ut
1188 2454 1258 2483 Liu.
1284 2453 1343 2491 III,
1371 2454 1405 2483 2:
1432 2455 1557 2484 ultima.
1583 2455 1680 2492 Verg.
1696 2455 1736 2484 A.
1752 2454 1794 2491 II,
1810 2455 1892 2483 349:

0 2507 3 2511 ’
67 2513 221 2541 extrema.
248 2511 319 2541 Ter.
345 2512 428 2541 Eun.
453 2512 492 2549 V,
513 2512 541 2550 5,
564 2513 620 2541 17:
647 2511 781 2542 facinus.
808 2511 882 2541 Tac.
898 2511 937 2540 A.
955 2511 1026 2546 XII⁷
1047 2511 1106 2541 32:
1133 2512 1252 2548 aciem3
1279 2520 1411 2548 sperans
1438 2520 1524 2549 ergo,
1551 2514 1586 2540 ut
1611 2511 1641 2539 h.
1668 2511 1688 2539 1.
1715 2511 1893 2545 uictoriam,

67 2570 224 2605 reportare
248 2569 459 2599 tribunatum.
487 2567 529 2598 C:
560 2572 590 2598 tu
612 2577 649 2598 ne
675 2567 759 2607 Syri,
797 2568 924 2597 Damae.
950 2568 1028 2597 haec
1053 2566 1245 2597 obiicientur
1270 2571 1302 2596 et
1340 2568 1450 2604 iudici,
1489 2570 1544 2596 aut
1581 2567 1717 2605 principi
1754 2567 1808 2606 qui
1847 2571 1896 2596 est

67 2622 230 2661 ignobilis.
277 2624 326 2653 Tu
351 2625 406 2663 qui
424 2633 457 2654 es
483 2625 636 2663 ignobilis
662 2628 693 2654 et
718 2624 880 2653 libertinis
906 2624 1106 2662 parentibuS,
1132 2623 1223 2653 audes
1239 2623 1394 2653 tribunatu
1408 2622 1502 2662 plebis
1514 2622 1633 2662 fimyi?
1657 2623 1739 2652 Nam
1758 2622 1894 2652 Tribuni

68 2680 170 2718 plebis
194 2681 360 2711 damnatos
386 2682 424 2710 de
450 2690 529 2711 saxo
555 2680 741 2719 Capitolino
765 2680 977 2718 praecipitari
1000 2680 1145 2717 iubebant,
1177 2684 1232 2710 aut
1257 2681 1403 2710 carnifici
1428 2680 1524 2709 tradi.
1550 2679 1618 2722 Btp:
1645 2679 1703 2708 hoc
1728 2679 1852 2708 dicetur
1877 2688 1896 2707 a

68 2736 180 2766 multis
205 2737 253 2767 illi
278 2738 415 2776 principi
441 2738 493 2767 uel
518 2738 616 2768 iudici
642 2738 698 2776 qui
724 2737 877 2775 ignobilis
903 2740 963 2766 est.
989 2738 1093 2775 tuqui
1120 2737 1204 2766 filius
1222 2746 1255 2766 es
1274 2738 1329 2766 siri
1347 2738 1461 2766 damae
1479 2740 1533 2765 aut
1551 2735 1683 2766 dionisii
1702 2734 1894 2772 ignobilium

70 2795 102 2823 et
122 2801 296 2831 pauperum
319 2794 418 2824 audes
443 2794 548 2823 dicere
573 2795 660 2824 ciues
679 2794 718 2823 de
736 2803 816 2824 saxo
841 2794 1016 2832 capitolino
1042 2798 1098 2823 aut
1121 2794 1249 2824 tradere
1275 2798 1374 2824 catino
1401 2793 1555 2824 carnifici.
1605 2793 1639 2831 6)
1664 2800 1722 2821 non
1739 2801 1801 2821 om.
1827 2791 1894 2822 afli.

70 2847 237 2879 libertinus
262 2860 292 2879 v.
341 2850 375 2890 7)
401 2849 445 2879 ait
467 2859 517 2880 me
540 2849 607 2880 afh.
634 2849 760 2879 sedebat
782 2849 819 2880 R.
847 2850 958 2880 sedeat
982 2849 1027 2879 M.
1053 2850 1122 2879 rell.
1149 2850 1250 2879 sedet.
1300 2850 1335 2888 8)
1361 2849 1399 2878 Id
1424 2853 1474 2879 est
1498 2847 1642 2878 inferiori
1676 2847 1807 2887 (R,th>
1834 2858 1894 2878 om.

70 2903 286 2944 M2G(Q),va.
336 2906 392 2946 10)
418 2906 506 2936 illius
531 2906 566 2935 R.
593 2907 660 2936 eius
687 2907 704 2935 2
731 2916 792 2936 om.
819 2915 899 2936 esse.
967 2906 1021 2946 ll)
1048 2915 1162 2936 nouum
1185 2905 1289 2943 MR‚v.
1315 2905 1384 2935 rell.
1412 2904 1561 2935 Nouium.
1587 2922 1629 2925 —
1654 2905 1839 2942 indignatus
1865 2906 1895 2934 2.

74 2960 129 3000 12>
156 2961 332 2992 honoribus
356 2961 395 2992 R.
420 2962 489 2992 rell.
516 2963 582 2992 ord.
634 2962 689 3002 13)
716 2963 791 2992 hinc
816 2963 844 2992 si
861 2962 905 2992 M.
930 2962 1024 2993 Hunc
1047 2961 1255 3004 MRG‚van‚
1281 2962 1335 3000 qui
1360 2961 1478 2992 refert:
1507 2961 1603 2991 ‘Nunc
1628 2960 1895 2990 Braunhardius.'

71 3014 298 3048 Braunhardus
322 3019 410 3048 Nunc
434 3019 530 3057 petiit
555 3028 598 3048 ex
621 3019 652 3049 h.
689 3019 784 3049 Hunc
808 3029 869 3049 om.
896 3020 925 3048 2.
988 3019 1043 3059 15)
1069 3018 1246 3049 Difficilior
1270 3019 1356 3049 locus
1382 3022 1442 3053 est,
1481 3019 1557 3048 hinc
1575 3018 1603 3054 Q
1628 3019 1732 3048 denuo
1757 3018 1895 3048 fatetur:

74 3071 155 3102 ‘mihi
175 3073 235 3112 ipsi
255 3083 316 3104 non
338 3074 411 3104 satis
431 3075 537 3113 facere
558 3074 662 3114 potui!
688 3075 800 3106 Voluit
823 3079 930 3105 tamen
953 3076 1005 3105 uir
1030 3077 1154 3113 doctus,
1180 3076 1235 3105 secl
1259 3075 1337 3105 Hor.
1363 3074 1401 3103 A.
1426 3074 1463 3103 P.
1483 3075 1566 3105 438:
1594 3074 1764 3113 “Corrige,
1791 3074 1895 3111 sodes,

73 3127 144 3168 hoc,
168 3131 286 3169 aiebat,
312 3134 343 3161 et
368 3131 467 3162 hoc!“
494 3131 729 3171 Corrigendum
753 3136 859 3163 autem
883 3132 972 3164 loeus
991 3137 1041 3164 est
1057 3133 1114 3170 ita,
1139 3135 1176 3162 ut
1194 3141 1235 3162 ex
1260 3136 1287 3161 et
1313 3140 1405 3170 aequo
1434 3130 1533 3161 animo
1561 3131 1754 3167 sustineatur,
1780 3131 1895 3169 quippe

43 3136 47 3218 Ι
207 3195 365 3223 nAUTnAL,
380 3196 449 3218 Aca.
465 3197 505 3218 Er
521 3197 633 3218 roura.
650 3197 679 3218 11.
1610 3192 1624 3214 9

1920 926 1959 957 10

1922 1294 1959 1323 15
