2148 3412
201 563 218 592 <51

203 931 242 964 10

202 1302 242 1333 15

201 1672 243 1702 20

201 2041 242 2072 25

269 118 350 159 586
906 126 1011 159 Aen.
1036 125 1095 158 ΕΤ
1120 125 1288 158 PORPH.
1316 124 1464 158 COMM.

267 259 417 293 natura.
447 251 540 306 ipsa
571 256 766 299 mutatur,
809 250 882 292 ubi
912 257 1023 292 terra
1055 249 1097 291 in
1129 264 1243 290 mare
1275 248 1454 300 ducitur,
1501 248 1676 305 paludes
1707 253 1926 290 uertuntur
1956 247 1999 288 in
2031 262 2096 290 se·-

268 332 397 381 geme,
427 324 600 366 flumina
631 340 751 366 suum
782 331 943 366 mutant
975 339 1156 365 cursum.
1226 322 1504 379 Argumentis
1548 322 1711 378 probat,
1757 322 1897 378 perire
1941 321 2096 372 omnia,

266 398 405 453 perire
427 397 630 446 homines,
667 397 805 452 perire
827 396 971 447 uerba,
1004 396 1213 452 siquidem
1243 396 1447 451 recipitur
1477 396 1521 437 in
1551 403 1706 437 terram
1726 395 1888 445 fluctus,
1920 402 1960 437 et
1991 409 2097 450 quae

267 478 362 512 ante
395 470 546 528 [terra]
580 470 791 522 arabatur,
836 470 961 512 modo
991 471 1036 511 fit
1065 470 1182 512 locus
1227 470 1418 512 nauibus.
1481 469 1529 511 Si
1574 484 1676 526 ergo
1720 476 1904 511 mutatur
1948 475 2098 511 natura

267 545 395 585 maris
425 552 465 586 et
495 552 644 596 terrae,
677 551 833 600 quanto
864 545 1001 602 magis
1032 544 1233 587 debemus
1265 544 1449 594 credere,
1473 543 1612 599 perire
1632 543 1835 592 homines,
1861 542 1938 600 [et]
1959 542 2098 599 perire

267 618 398 660 uerba
429 633 587 660 eorum.

379 695 419 746 †)
453 690 701 748 Conprobat
731 707 813 734 non
847 692 980 734 solum
1012 691 1143 734 uerba
1173 691 1389 732 hominum
1421 691 1605 742 interire,
1652 692 1751 733 dum
1783 690 1953 733 cottidie
1982 690 2099 732 loeu-

267 766 401 808 tiones
431 773 657 817 mutantur,
705 766 778 808 sed
810 766 935 807 etiam
967 780 1108 820 opera,
1147 779 1253 819 quae
1285 766 1476 807 homines
1505 765 1676 818 faciunt,
1722 771 1948 815 mutantur,
1995 764 2100 805 dans

268 840 365 881 inde
396 843 474 882 tria
507 841 707 898 memphi:
738 855 864 882 unum
896 839 1094 881 uidelicet
1126 841 1172 881 (Ie
1187 848 1313 896 portu
1336 840 1520 890 Ostiensi,
1554 853 1679 894 quem
1700 837 1920 895 Augustus
1942 851 2100 894 aggere

268 914 457 970 lapidum
490 923 529 956 et
560 902 696 956 terrae
727 923 767 956 et
798 914 1123 970 promunctoriis
1154 913 1408 968 quibusdam
1439 913 1497 954 ita
1517 913 1738 969 inpediuit‚
1769 920 1815 954 ut
1834 911 2100 968 postmodum

268 1003 390 1030 nemo
424 989 573 1043 (nonP)
606 996 745 1044 posset
792 1004 942 1030 nauem
988 988 1048 1030 ibi
1093 987 1331 1042 adplicare3
1378 987 1508 1028 alium
1555 989 1601 1029 de
1650 989 1826 1029 Pomtinis
1864 987 2100 1044 paludibuS,

268 1078 372 1118 quos
410 1064 500 1118 ipse
531 1062 752 1117 Augustus
796 1064 841 1104 in
877 1078 993 1104 mare
1039 1062 1177 1104 emisit
1220 1069 1460 1117 terramque
1506 1061 1669 1102 aridam
1713 1060 1910 1111 reddidit,
1957 1059 2013 1101 ita
2057 1067 2102 1100 ut

269 1143 481 1187 araretur3
530 1139 693 1179 tertium
736 1153 837 1179 uero
884 1138 930 1179 (Ie
977 1138 1131 1179 Tiberis
1178 1137 1440 1185 clamatione,
1488 1149 1611 1189 quem
1643 1133 1843 1190 Agrippa
1874 1150 1899 1176 a
1928 1133 2101 1190 proprio

269 1211 388 1253 alueo
421 1211 595 1252 deduxit
626 1212 678 1252 ad
709 1211 841 1262 illum,
873 1226 949 1266 per
979 1225 1104 1266 quem
1134 1210 1259 1252 modo
1290 1209 1478 1251 decurrit
1507 1208 1589 1264 Βφ.

382 1286 446 1327 63.
482 1286 546 1327 64.
577 1287 661 1327 siue
692 1294 872 1342 receptus
907 1287 1036 1327 Terra
1068 1286 1289 1342 Neptunus.
1367 1283 1490 1325 Mare
1532 1283 1574 1324 in
1620 1289 1775 1324 terram
1821 1281 2035 1337 recipitur,
2067 1281 2101 1323 si

268 1366 413 1414 portus
445 1359 716 1414 conponitur3
749 1369 932 1416 receptus
965 1370 1102 1400 autem
1136 1368 1245 1401 terra
1276 1373 1373 1413 pro:
1406 1358 1516 1400 intra
1546 1363 1714 1398 terram.
1795 1356 1944 1398 classes
1976 1356 2101 1411 Aqui-

269 1433 428 1475 lonibus
459 1443 578 1475 arcet.
642 1433 881 1489 Ὕπαλλαγὴ
915 1432 1053 1490 [pro]:
1102 1433 1295 1475 classibus
1327 1442 1437 1474 arcet
1467 1431 1698 1487 Aquilones,
1744 1430 1788 1471 id
1832 1437 1906 1481 est,
1950 1436 2101 1480 tuetur,

268 1507 470 1558 defendit,
501 1508 698 1550 continet.
758 1523 831 1550 nos
862 1517 1091 1564 nostraque.
1144 1505 1316 1549 Scilicet
1349 1521 1456 1561 quae
1485 1505 1677 1547 facimus.
1737 1507 1833 1547 siue.
1865 1504 1951 1545 Pro
1980 1505 2102 1560 siqui-

270 1583 366 1624 dem.
432 1583 572 1624 Terra.
604 1582 710 1624 Pro:
743 1584 783 1623 ‘in
816 1592 939 1624 (erra.

382 1657 396 1712 44
428 1657 492 1698 65.
526 1657 646 1713 Reqz's
676 1672 787 1713 opus.
847 1655 957 1697 Nam
989 1657 1093 1711 reyes
1116 1670 1215 1713 opus
1247 1661 1320 1705 est,
1352 1654 1571 1695 admittere
1600 1661 1737 1695 terrae
1766 1667 1896 1704 mare,
1927 1651 2102 1707 paludes

268 1730 462 1771 deriuare
492 1731 604 1771 intra
634 1739 780 1786 portus
812 1734 869 1783 (et
897 1729 1082 1771 fluminis
1114 1744 1281 1771 cursum
1312 1736 1473 1769 mutare
1485 1728 1535 1783 Ρ).
1598 1725 1823 1785 Significat
1852 1733 1991 1768 autem
2010 1725 2101 1767 Lu-

269 1804 432 1846 crinum
462 1811 630 1860 portum
663 1811 701 1845 et
733 1804 850 1853 alios,
896 1804 968 1859 qui
999 1819 1127 1845 manu
1156 1803 1257 1845 facti
1289 1810 1382 1844 sunt
1414 1802 1467 1844 ab
1498 1801 1711 1858 Augusto,
1757 1808 1796 1842 et
1840 1801 1924 1842 alia
1953 1815 2102 1857 regum

269 1893 410 1934 opera.
470 1877 568 1920 Hoc
598 1885 658 1920 est
692 1878 843 1935 [enim]
877 1878 1042 1934 regium
1073 1893 1191 1934 opus,
1225 1877 1337 1932 quod
1367 1876 1507 1918 nullus
1536 1877 1676 1918 facere
1706 1882 1843 1931 potest
1872 1875 1954 1917 nisi
1983 1890 2071 1917 rex.
2089 1873 2103 1932 ΙΙ

269 1954 468 1994 sterilisve
499 1953 567 1994 diu
595 1954 728 2008 palus.
808 1951 910 1993 Sine
942 1959 1045 1994 satu.
1106 1952 1348 2007 Augustum
1394 1950 1509 1999 dicit,
1555 1950 1627 2006 qui
1671 1950 1845 1992 siccauit
1875 1949 2102 1991 Pontinam

268 2026 480 2082 paludem.
540 2026 680 2068 Diuus
711 2025 930 2082 Augustus
961 2027 1065 2067 duas
1097 2040 1163 2067 res
1195 2025 1362 2066 diuinas
1392 2024 1508 2065 fecit:
1535 2023 1671 2082 [nam]
1694 2031 1737 2066 ut
1767 2023 1994 2065 Pontinam
2024 2038 2102 2080 pa-

269 2101 410 2142 ludem
444 2100 658 2158 [siccauit]
692 2101 923 2143 exsiccaret
954 2107 994 2141 et
1024 2100 1077 2141 ad
1108 2113 1223 2141 mare
1254 2104 1438 2140 meatum
1469 2098 1624 2140 habere
1670 2106 1852 2155 cogeret,
1890 2097 1973 2156 [ut]
2009 2103 2102 2154 post

383 2299 417 2337 3)
444 2299 477 2327 in
502 2301 587 2327 terra
611 2306 637 2338 γ.
686 2297 721 2335 4)
748 2300 843 2325 antea
868 2296 925 2337 γΝ.
954 2296 1023 2325 rell.
1052 2299 1130 2325 ante.
1157 2299 1240 2324 teo-ra
1265 2294 1343 2330 th.
1370 2295 1438 2325 rell.
1465 2305 1524 2326 om.
1575 2297 1610 2332 5)
1636 2297 1718 2325 hom.
1746 2296 1844 2334 perire
1869 2296 1967 2326 uerba
1993 2304 2100 2326 eorum

268 2365 294 2397 γ.
313 2355 384 2385 rell.
409 2354 493 2383 hom.
521 2358 551 2383 et
578 2364 609 2383 u.
638 2363 664 2384 e.
691 2353 729 2382 Id
752 2358 801 2383 est.
828 2354 964 2391 perimus
989 2362 1060 2392 erqo
1084 2363 1110 2394 γ.
1141 2353 1212 2382 rell.
1243 2362 1303 2382 om.
1329 2352 1367 2381 Id
1393 2356 1452 2381 est.
1480 2370 1520 2373 a-
1546 2354 1685 2390 perimus
1711 2352 1805 2392 inquit
1828 2362 1884 2383 nos
1909 2362 1934 2382 r.
1962 2353 2100 2391 perimus

270 2420 327 2440 nos
353 2421 383 2448 v,
410 2421 470 2441 om.
499 2420 584 2449 ergo,
638 2411 692 2450 15)
721 2411 753 2440 in
779 2415 863 2440 terra
888 2409 928 2447 X,
953 2413 990 2439 ut
1007 2419 1024 2452 γ
1042 2419 1135 2448 supra
1161 2414 1192 2439 et
1217 2408 1303 2438 infra
1328 2410 1359 2438 in
1384 2410 1501 2447 glossa.
1554 2410 1609 2449 17)
1635 2419 1691 2448 pro
1717 2419 1777 2440 om.
1803 2420 1830 2452 γ,
1861 2413 1895 2439 ut
1921 2419 2025 2448 supra.
2052 2418 2101 2438 ar-

270 2471 319 2497 cet
344 2478 393 2506 aq.
419 2477 445 2509 γ.
464 2468 532 2497 rell.
558 2477 606 2506 aq.
634 2477 696 2497 are.
765 2468 818 2507 18)
846 2477 870 2497 s.
898 2476 978 2505 quae
1003 2466 1045 2496 fa.
1071 2476 1097 2507 γ.
1125 2466 1193 2495 rell.
1219 2476 1279 2497 om.
1305 2483 1349 2487 ———
1374 2475 1430 2505 pro
1456 2467 1614 2504 siquidem
1640 2476 1665 2508 γ.
1693 2467 1761 2497 rell.
1786 2477 1844 2496 om.
1872 2466 1932 2497 Pro
1958 2467 1991 2496 in
2016 2469 2102 2496 terra

268 2535 295 2567 γ.
321 2526 390 2554 rell.
418 2535 478 2555 om.
545 2526 601 2565 21)
628 2525 766 2554 ‹liriuare
791 2534 819 2566 γ,
856 2528 892 2553 ut
918 2534 1015 2562 supra
1041 2525 1080 2553 ad
1107 2533 1136 2553 u.
1166 2524 1217 2553 59.
1243 2522 1296 2553 fh:
1334 2524 1504 2553 deriuatae.
1572 2525 1630 2563 2⁴2)
1657 2524 1751 2554 Lucr.
1778 2528 1860 2562 port.
1887 2533 1913 2565 γ.
1939 2523 1992 2553 fh:
2019 2526 2100 2562 port.

271 2581 364 2612 Lucr.
415 2582 472 2620 23)
501 2583 585 2611 enim
605 2592 665 2612 om.
692 2592 718 2623 γ.
737 2600 770 2602 —ff
792 2582 851 2610 fac.
870 2591 921 2619 po.
940 2582 1003 2610 nisi
1023 2590 1080 2610 rex
1099 2589 1125 2621 γ.
1152 2579 1202 2610 fh:
1230 2581 1294 2609 nisi
1320 2589 1380 2610 rex
1405 2590 1455 2619 po.
1480 2581 1635 2611 Maiorem
1660 2581 1852 2611 scholiorum
1878 2583 2003 2619 partem
2028 2579 2100 2609 inde

269 2649 287 2668 a
312 2640 410 2669 uerbo
435 2639 619 2678 componitur
644 2647 743 2677 usque
776 2638 816 2667 ad
842 2639 1005 2676 Auyustmn
1029 2637 1102 2667 dicit
1126 2647 1184 2667 om.
1213 2637 1273 2666 NX
1297 2637 1381 2667 Med.
1408 2636 1535 2675 G,rvca.
1584 2637 1690 2668 Verba
1727 2636 1885 2677 §liquefient
1919 2641 2015 2667 autem
2038 2637 2100 2667 Lu—

268 2695 387 2725 crinum
444 2714 453 2716 -
478 2695 538 2725 nisi
560 2705 616 2724 rest·
641 2694 777 2724 inferius
804 2695 837 2723 in
872 2695 987 2724 iisdem
1013 2695 1121 2733 posita
1146 2698 1221 2724 sunt
1247 2698 1317 2732 post
1342 2703 1454 2724 uersus
1479 2694 1630 2732 Vergilii,
1668 2695 1763 2724 initio
1789 2695 1835 2724 sic
1859 2699 2000 2725 mutato:
2038 2693 2101 2722 Lu-

271 2753 392 2781 crinum
420 2757 503 2790 port.
530 2752 643 2791 signif.
670 2756 730 2782 etc.
757 2751 913 2790 Suspecta
937 2753 1066 2781 omnino
1092 2756 1166 2781 sunt
1191 2752 1314 2781 scholia
1330 2752 1411 2780 Nam
1433 2752 1520 2790 regis
1547 2769 1585 2773 —-
1612 2752 1674 2782 nisi
1695 2761 1759 2782 rex.
1787 2751 1814 2787 Q
1840 2751 2100 2791 interpolationis

271 2810 393 2838 crimen
413 2818 515 2847 usque
533 2809 574 2838 ad
593 2810 691 2839 uerba
710 2809 808 2838 Diuus
826 2810 978 2848 Auyuslus
1003 2809 1166 2837 extendit.
1217 2807 1273 2846 24)
1300 2807 1376 2838 Sine
1402 2813 1473 2838 sata
1499 2808 1534 2847 (l.
1552 2809 1638 2847 satu)
1667 2818 1692 2850 γ.
1718 2810 1790 2839 rell.
1817 2819 1877 2839 om.
1905 2808 1944 2838 cf.
1964 2807 2005 2838 C:
2034 2807 2099 2837 sine

271 2867 364 2895 satis.
414 2867 470 2906 25)
497 2867 584 2896 fecit.
612 2870 647 2896 ut
673 2867 848 2904 pomtinam
874 2866 938 2903 pal.
965 2866 1144 2902 eaesiccaret,
1172 2868 1203 2894 et
1229 2865 1269 2894 ad
1294 2875 1334 2895 m.
1361 2875 1401 2895 m.
1428 2865 1535 2894 habere
1559 2870 1683 2906 coqeret.
1710 2871 1783 2904 post
1807 2866 1895 2895 etiam
1920 2875 1964 2895 ar.
1990 2867 2099 2903 posset
2127 2877 2128 2880 ¹

270 2931 295 2963 γ.
322 2922 505 2961 Augustum
522 2941 550 2943 ᾉ
578 2923 753 2953 Pontinam
778 2923 929 2961 paludem
955 2921 1119 2960 (plaudem
1146 2932 1165 2951 v
1190 2922 1267 2960 bis).
1295 2922 1376 2951 Nam
1402 2923 1488 2961 regis
1514 2932 1591 2961 opus
1619 2927 1666 2952 est.
1702 2933 1788 2953 mare
1826 2923 2000 2952 admittere
2035 2926 2099 2951 ter-

271 2988 334 3008 rae.
362 2979 466 3017 Reges
492 2980 575 3009 enim
601 2981 682 3009 talia
706 2981 840 3009 faciunt.
889 2979 993 3009 Diuus
1018 2979 1102 3017 Aug.
1132 2997 1171 2999 —
1198 2979 1284 3008 fecit.
1313 2978 1392 3008 Nam
1417 2979 1506 3009 Pont.
1534 2980 1598 3017 pal.
1624 2979 1760 3017 siccauit,
1784 2983 1818 3009 ut
1840 2980 1880 3009 ad
1904 2987 1991 3008 mare
2014 2987 2099 3007 mea-

272 3041 340 3066 tum
365 3036 495 3073 haberet,
522 3041 553 3066 ut
575 3041 646 3075 post
672 3041 698 3066 et
721 3038 803 3067 arari
830 3041 948 3076 posset.
975 3041 1007 3066 et
1033 3046 1082 3075 po.
1110 3036 1202 3066 Lucr.
1227 3036 1353 3066 muniuit
1374 3036 1497 3067 rvcafh.
1546 3037 1626 3067 Nam
1650 3039 1738 3075 pont.
1764 3036 1825 3074 pal.
1852 3035 1978 3066 siccavit
2001 3039 2036 3065 nt
2060 3033 2099 3063 ad

283 3095 327 3133 (jn
350 3094 451 3134 Med.)
477 3105 517 3124 ni.
546 3096 679 3125 haberet
703 3099 730 3124 et
754 3099 827 3134 post
851 3095 937 3125 eciam
962 3094 1021 3124 Nx
1046 3094 1129 3124 Med.
1157 3094 1184 3123 G
1211 3099 1241 3125 et
1268 3095 1306 3132 Q,
1333 3095 1387 3133 qui
1413 3103 1578 3134 perperam
1603 3094 1710 3124 refert.

386 3151 416 3191 †)
443 3150 593 3182 Scholion
622 3152 797 3191 eampo-abac
832 3171 862 3176 κ
888 3152 1023 3183 (leem-rit
1046 3152 1127 3191 petii
1155 3161 1195 3182 ex
1220 3151 1282 3194 Βφ.
1310 3152 1378 3182 rell.
1406 3161 1466 3182 om.
