2148 3412
820 131 866 163 [N
893 133 1029 164 sERM.
1056 134 1081 171 1,
1107 136 1137 165 4.
1844 131 1897 170 83

176 253 422 309 adsperqere.
481 252 640 296 Notare
671 255 933 298 sermonibus
963 255 1031 298 uel
1060 270 1237 308 ueneno,
1287 258 1394 317 [uel]
1428 261 1537 303 male
1567 262 1684 318 loqui
1724 263 1775 304 de
1807 279 1896 306 om-

66 325 201 368 nibus.

176 400 242 441 87.
274 413 433 455 aquam.
496 399 766 444 Conuiuium.

175 474 240 515 88.
264 483 483 529 praetere.
506 489 597 531 q.p.
621 492 656 517 a.
715 475 892 518 Praeter
923 477 1249 528 conuiuatorem,
1282 479 1353 534 qui
1385 481 1532 536 pascit,
1565 483 1637 537 qui
1668 483 1895 538 prandium

64 546 243 589 exhibet.
1942 562 1960 591 5

173 621 238 662 89.
270 635 415 662 ueraa’.
447 623 576 677 aperit
601 637 740 678 praec.
774 623 904 665 Liber.
963 622 1076 665 Mire
1108 639 1251 675 πει-(1.1,
1287 625 1422 683 [nam]
1457 628 1551 669 ideo
1582 628 1729 671 Liber.

173 694 331 735 condita
354 695 613 750 praecordia.
676 693 850 752 [Quasi]
885 695 1006 749 Quae
1039 698 1208 739 condita
1239 699 1282 740 in
1313 701 1587 754 praecordiis.

173 767 238 808 91.
270 767 420 821 Infesta
442 769 578 823 myris.
641 767 761 824 [Tibi
791 769 897 811 irato
927 770 1079 823 malis].
1141 771 1240 813 Tibi
1262 772 1434 815 inimico
1456 774 1715 817 uitiosorum.
1777 775 1891 827 Tibi,

60 838 131 893 qui
162 853 205 881 es
236 839 410 882 infestus
453 841 602 897 nigris,
648 842 691 882 id
724 849 797 892 est,
843 843 966 885 malis
1010 844 1251 887 hominibus
1296 846 1364 887 hic
1410 847 1578 889 uidetur
1621 848 1808 891 urbanus
1853 856 1892 891 et

63 912 205 955 comis.
1915 929 1956 960 10

172 985 258 1043 [eqo
290 989 327 1029 εί
351 988 434 1029 risi.
495 987 592 1030 Hoc
622 989 746 1031 modo
777 989 831 1030 ad
860 988 1155 1032 Maecenatem
1185 992 1402 1050 loquitur]

168 1061 347 1102 91—94.
383 1061 591 1118 [Pastillos
622 1063 799 1118 Rufillus
831 1064 937 1121 olet]
1000 1066 1085 1119 Eyo
1116 1067 1154 1107 εἰ
1181 1067 1265 1107 risi.
1298 1093 1349 1096 -—
1383 1068 1452 1109 liu.
1485 1076 1520 1109 el
1540 1069 1716 1110 mordaoe
1746 1070 1891 1112 uideor

58 1133 136 1175 tibi.
195 1132 454 1189 Responsio:
502 1133 642 1191 Saepe
687 1136 730 1177 in
777 1137 972 1179 conuiuio
1002 1138 1122 1180 uides
1152 1138 1337 1194 aliquem
1368 1140 1419 1182 de
1451 1141 1645 1183 omnibus
1687 1142 1796 1183 male
1826 1143 1889 1185 10-

57 1214 265 1262 quentem,
297 1215 472 1264 excepto
504 1223 566 1260 eo,
599 1210 671 1264 qui
702 1211 839 1266 pascit
869 1217 909 1252 et
939 1211 1181 1261 delectaris3
1204 1214 1220 1266 Η
1243 1227 1322 1268 ego
1345 1213 1380 1255 si
1401 1213 1584 1268 aliquem
1606 1215 1755 1258 merito
1776 1216 1887 1258 uitu-

56 1295 272 1337 perauero,
304 1281 605 1337 reprehendis?
1914 1295 1954 1326 15

167 1355 232 1396 93.
263 1355 448 1398 Liuidus.
506 1355 697 1407 Inuidus,
729 1357 875 1399 malus.

170 1430 312 1471 mentio
333 1431 373 1471 si
390 1444 480 1485 qua.
521 1429 581 1472 Ut
603 1429 706 1471 alibi
729 1428 799 1483 (C.
821 1429 902 1480 III,
927 1432 993 1481 14,
1016 1432 1081 1487 9):
1106 1431 1352 1488 Spartacum
1373 1434 1409 1473 si
1426 1448 1501 1489 qua
1518 1435 1651 1489 potuit
1672 1443 1888 1490 uayam‘em

55 1501 212 1543 Fallere
244 1511 355 1544 testa.
416 1504 569 1545 Farris.
630 1502 891 1559 Sacrilegiis.

166 1577 230 1617 94.
262 1577 309 1619 cle
344 1577 556 1634 Capitolini
582 1578 706 1632 furtis
735 1579 877 1619 iniecta
908 1579 1053 1620 Petilli.
1114 1577 1274 1634 Fingit,
1323 1593 1365 1621 se
1403 1579 1519 1633 loqui
1552 1594 1646 1622 cum
1689 1582 1885 1636 quodam,

55 1649 126 1705 qui
155 1649 314 1692 amicus
345 1650 397 1692 sit
417 1649 590 1701 Petillii,
624 1651 749 1692 amici
782 1648 992 1701 Caesaris,
1026 1651 1097 1706 qui
1128 1658 1361 1703 accusatus,
1395 1653 1509 1708 quod
1541 1668 1740 1695 coronam
1770 1655 1886 1698 Iouis
1913 1661 1954 1693 20

55 1721 285 1779 Capitolini
316 1724 535 1779 rapuisset,
567 1724 780 1766 absolutus
811 1731 884 1766 est.
906 1727 922 1779 Η
946 1723 1056 1766 Cum
1089 1723 1302 1780 Capitolio
1334 1734 1556 1780 praeesset,
1589 1742 1786 1769 coronam
1818 1745 1885 1771 ra-

53 1797 155 1853 puit.
200 1796 279 1839 Est
299 1804 437 1838 autem
459 1798 671 1852 genitiuus
694 1798 745 1839 de
766 1798 888 1840 furtis
908 1797 1067 1839 Petillii
1091 1796 1336 1854 Capitolini.
1396 1799 1506 1840 Nam
1529 1815 1579 1841 ex
1602 1801 1776 1843 crimine
1801 1801 1886 1844 Ca-

53 1870 252 1926 pitolinus
281 1870 474 1912 Petillius
505 1871 734 1912 dicebatur.
758 1873 775 1926 Η
795 1871 882 1913 Hic
913 1872 964 1913 de
987 1872 1290 1927 exspoliatione
1314 1871 1517 1928 Capitolii
1545 1883 1776 1925 accusatus,
1808 1876 1885 1917 du-

53 1943 181 1994 bium,
211 1952 350 1986 utrum
381 1945 518 2000 gratia
548 1944 737 1986 iudicum
769 1945 821 1986 sit
851 1945 1079 1987 absolutus.
1110 1953 1251 1987 tamen
1284 1945 1551 2001 Capitolinus
1581 1947 1825 1990 uocabatur.
1848 1952 1865 2003 Η

51 2016 243 2059 Petillius
273 2018 373 2059 dum
405 2015 607 2073 Capitolii
639 2033 783 2059 curam
814 2027 991 2073 gereret,
1025 2034 1204 2061 coronae
1236 2019 1424 2061 sublatae
1465 2035 1633 2062 causam
1680 2021 1798 2072 dixit,
1846 2030 1885 2064 et
1911 2029 1951 2059 25

52 2089 246 2146 Augusto
277 2091 491 2133 absolutus
521 2098 593 2133 est.
642 2090 854 2148 [Petillius
885 2107 980 2134 cum
998 2091 1211 2148 Capitolio
1243 2101 1468 2148 praeesset,
1501 2109 1700 2136 coronam
1731 2095 1883 2150 rapuit.

53 2163 132 2206 Est
162 2171 301 2206 autem
333 2165 544 2221 genitiuus
576 2167 622 2207 (le
651 2166 774 2220 furtis
801 2166 1019 2222 Capitolini
1039 2167 1194 2212 Petz‘llzk
1224 2181 1322 2206 nam
1344 2180 1396 2207 ex
1418 2166 1592 2207 crimine
1617 2165 1884 2222 Capitolinus

53 2236 243 2280 Petillius
282 2238 495 2280 dicebatur
539 2239 591 2280 de
634 2239 937 2293 exspoliatione
969 2237 1172 2294 Capitolii
1217 2246 1446 2281 accusatus.
1508 2239 1699 2281 Dubium
1731 2248 1882 2292 autem,

167 2458 200 2497 1)
226 2458 285 2488 No.
312 2467 404 2487 serm.
432 2461 459 2486 et
481 2456 613 2487 dicteriis
636 2457 725 2487 salsis
751 2456 788 2486 O.
815 2457 890 2487 Not.
920 2465 1013 2486 serm.
1039 2456 1203 2486 aeaenosis
1237 2465 1265 2485 a.
1293 2473 1334 2476 —
1359 2456 1410 2485 uel
1436 2465 1495 2485 om.
1522 2466 1548 2498 γ.
1582 2457 1633 2485 uel
1663 2457 1747 2486 male
1779 2457 1819 2487 10.
1846 2459 1885 2488 de

53 2514 196 2544 omnibus
215 2514 253 2549 Q.
274 2515 376 2545 uoluit
393 2514 502 2544 eicere.
520 2514 609 2552 lege:
635 2514 668 2543 id
683 2518 739 2543 esc:
765 2514 848 2544 male
874 2515 935 2552 loq.
964 2518 1021 2543 etc.
1048 2513 1131 2542 male
1148 2513 1237 2551 loqui
1253 2529 1291 2533 ν-
1307 2513 1401 2541 malis
1420 2522 1480 2542 0111.
1499 2522 1581 2542 inva.
1631 2513 1665 2551 3)
1692 2512 1885 2544 Conuiuium

54 2579 80 2612 γ.
105 2571 173 2601 rell.
199 2581 259 2601 om.
315 2572 350 2610 4)
377 2572 432 2609 qui
451 2570 578 2609 praebet
600 2569 771 2600 conuiuium
795 2570 828 2599 C.
878 2571 913 2609 6)
938 2570 1007 2599 Hoc
1032 2570 1130 2600 schol.
1158 2573 1189 2598 et
1214 2570 1276 2598 duo
1301 2578 1388 2607 seqq.
1415 2579 1475 2598 om.
1503 2568 1540 2597 G.
1566 2578 1640 2597 nam
1665 2568 1744 2608 (fh.)
1771 2580 1831 2599 om.
1857 2580 1884 2612 γ.

54 2631 80 2657 et
103 2627 174 2658 ideo
199 2628 298 2657 tacite
323 2627 439 2657 inculc.
467 2626 506 2662 Q.
572 2627 605 2665 7)
633 2626 733 2662 Quasi
760 2636 809 2656 om
833 2637 860 2669 γ.
887 2626 977 2661 Quae
1001 2625 1056 2668 γ,(3
1088 2627 1184 2664 (quae
1207 2630 1275 2655 suat
1303 2626 1458 2664 reeond)
1494 2625 1561 2653 rell.
1595 2634 1657 2654 0111.
1721 2625 1756 2663 S)
1782 2627 1882 2657 schol.

55 2693 116 2715 om.
143 2683 287 2726 7G‚mva.
312 2683 387 2713 Tibi
413 2684 503 2713 inim.
543 2700 582 2703 —
622 2683 720 2713 comis
745 2693 771 2725 γ.
798 2683 867 2713 rell.
894 2693 955 2713 om.
982 2681 1097 2712 Glossa
1122 2683 1156 2711 in
1179 2691 1214 2723 γε
1253 2682 1307 2720 qui
1333 2690 1365 2711 es
1392 2682 1483 2720 niger
1508 2680 1638 2710 infestis
1663 2682 1683 2709 i.
1710 2682 1882 2713 maliuolis.

58 2740 112 2778 11)
137 2741 233 2770 schol.
259 2749 318 2770 om.
343 2749 456 2782 “lymva-
472 2738 568 2769 Cuius
594 2740 718 2776 scholii,
745 2740 772 2768 si
798 2740 990 2769 auctoritate
1015 2739 1161 2769 codicum
1186 2739 1354 2775 niteretur,
1380 2738 1497 2780 lemma
1522 2746 1592 2766 esse
1618 2738 1749 2766 deberet
1774 2748 1804 2767 u.
1825 2740 1882 2768 90:

55 2795 111 2825 Hic
135 2796 188 2825 tibi
213 2814 251 2817 Η
276 2795 407 2835 liberque
429 2796 558 2825 uidetur.
610 2796 665 2836 12)
691 2796 782 2825 Prior
806 2796 903 2825 huius
928 2795 1043 2825 scholii
1069 2804 1143 2833 pars
1170 2798 1294 2833 spectat
1318 2795 1368 2823 ad.
1394 2804 1423 2823 u.
1452 2795 1491 2822 86
1521 2798 1552 2823 et
1578 2802 1666 2831 seqq.
1693 2793 1793 2823 altera
1817 2795 1883 2825 Ho—

56 2853 129 2882 ratii
153 2854 391 2891 responsionem
416 2853 560 2891 praebet.
599 2852 730 2882 Lemma
755 2852 915 2882 inclusum
940 2861 1016 2889 ergo
1041 2860 1106 2881 non
1132 2852 1280 2889 quadrat.
1317 2851 1401 2879 Hinc
1426 2851 1536 2888 posui:
1579 2850 1648 2888 Ego
1673 2850 1785 2880 uideor
1809 2852 1882 2881 tibi.

55 2907 230 2947 Responsio
254 2917 280 2951 γ.
307 2909 378 2940 rell.
404 2918 463 2939 om.
528 2910 581 2948 13)
607 2910 754 2938 omnibus
778 2918 804 2950 γ.
833 2908 923 2947 (Hor.
949 2918 980 2937 u.
1009 2908 1049 2937 86
1076 2908 1235 2947 cunctos),
1262 2907 1363 2943 ath,
1391 2910 1487 2942 recte,
1516 2910 1549 2936 ut
1575 2916 1680 2945 supra.
1707 2906 1882 2937 hominibus

56 2974 117 2994 mv.
142 2965 223 2996 conf.
248 2975 278 2994 u.
305 2966 357 2995 80.
421 2965 475 3005 14)
499 2966 603 3003 pascit
627 2969 654 2994 et
677 2964 834 2995 delectaris
858 2974 884 3006 γ.
910 2964 978 2993 rell.
1004 2974 1064 2994 om.
1132 2964 1186 3003 15)
1212 2962 1418 3001 reprehendis
1442 2972 1525 3004 γ,111ν
1551 2962 1882 3003 (repraehendendis).

57 3020 124 3050 rell.
150 3022 370 3060 reprehendes.
432 3022 487 3062 16)
512 3021 659 3059 Inuictus,
686 3022 788 3051 malus
812 3030 837 3062 γ.
864 3021 934 3050 rell.
960 3030 1020 3051 om.
1046 3020 1158 3050 alentio
1181 3020 1210 3049 si
1231 3018 1320 3058 quae]
1360 3020 1423 3048 Pro
1446 3019 1474 3048 si
1496 3029 1563 3058 (succ,
1606 3024 1640 3049 ut
1665 3020 1743 3049 alibi
1770 3023 1829 3049 etc.
1855 3029 1882 3060 γ.

58 3077 119 3107 imo
143 3079 263 3116 potius:
301 3079 329 3108 si
353 3088 411 3117 qua
435 3088 491 3116 pro
516 3079 543 3108 si
567 3087 642 3117 qaae
667 3082 726 3108 etc.
792 3078 847 3116 18)
874 3075 1063 3114 Sacrilegiis
1087 3075 1154 3118 Y’C·
1188 3076 1258 3106 rell.
1290 3085 1351 3105 om.
1419 3074 1473 3113 19)
1500 3075 1612 3105 Petilli
1651 3093 1692 3096 —
1732 3079 1782 3105 est
1807 3076 1882 3105 ordo

59 3133 248 3165 scholiorum
273 3135 307 3165 in
331 3144 358 3177 γ.
383 3135 438 3164 Ex
453 3135 522 3165 rell.
551 3138 627 3165 sunt
652 3134 773 3165 scholia
796 3134 889 3164 uncis
915 3133 1052 3164 inclusa.
1102 3133 1154 3162 23.
1182 3133 1233 3163 25.
1262 3132 1319 3171 26)
1344 3131 1488 3162 Petillius
1511 3141 1538 3173 γ.
1566 3132 1647 3161 cons.
1662 3132 1693 3161 S.
1712 3131 1738 3169 Ι,
1760 3133 1809 3170 10,
1830 3132 1881 3161 26.

1577 3198 1607 3219 (ς’
