2148 3412
798 104 848 136 IN
873 103 1019 137 EPIST.
1045 104 1071 143 1,
1100 107 1150 136 17.
1808 95 1889 136 467

63 226 291 271 maioribus
333 233 601 276 monstratur,
645 226 849 271 Horatius
885 227 1054 270 satirico
1085 228 1327 271 charactere
1357 228 1515 271 adserit
1547 228 1745 286 [adstruit
1774 243 1893 271 seue-

62 316 155 344 rum
185 306 226 342 et
254 300 417 342 tristem
446 300 659 343 hominem
691 301 776 343 suis
811 301 1014 344 molestiis
1035 302 1079 343 in
1100 294 1342 358 principum
1363 303 1506 346 odium
1527 303 1756 355 incurrere,
1788 317 1893 358 quo-

62 376 155 418 rum
184 373 496 429 obseruantiam
526 374 732 429 potiorem
762 374 897 416 libero
927 374 1088 416 homini
1120 390 1209 418 esse
1252 377 1308 417 ait
1353 377 1608 434 seueritate]‚
1654 377 1761 419 nihil
1803 392 1894 419 esse

62 461 208 502 seuero
237 446 406 489 homine
437 446 596 489 tristius
627 454 668 489 et
697 447 925 499 molestius,
971 448 1283 491 obseruantiam
1314 450 1519 504 potiorem
1555 451 1689 494 libero
1719 451 1892 493 homini.

63 522 259 573 Quamuis
290 520 454 570 Scaeua,
486 522 594 562 satis.
627 519 979 576 Προῦεράπευσις.

174 598 210 635 2.
241 594 461 636 maioribus
482 596 553 636 uti.
612 593 663 635 Id
694 601 768 645 est,
799 594 959 645 amicis,
991 594 1064 636 sed
1096 594 1138 635 in
1170 597 1470 639 consuetudine
1501 600 1669 640 maiores
1700 598 1892 640 dicimus.

172 668 210 710 3.
242 667 456 710 amiculus.
486 666 774 723 Ὑποκὸρισμα.

171 740 210 782 3.
240 741 280 780 4.
310 748 358 781 ut
385 743 421 782 si
452 740 603 782 Caecus
632 743 719 782 iter.
779 740 1124 792 Prouerbialiter,
1155 751 1219 784 ut:
1251 758 1319 785 sus
1350 744 1580 787 Mineruam
1612 745 1759 787 doceat.

172 813 210 863 5,
242 813 349 870 quod
379 827 497 856 eures
524 815 733 870 proprium
762 815 916 869 fecisse.
995 814 1093 858 Hoc
1124 822 1203 858 est:
1226 816 1350 872 'quod
1380 817 1587 860 eiusmodi
1618 818 1682 868 sit,
1714 824 1759 859 ut
1788 818 1893 860 uelis

60 887 139 929 hoc
169 886 309 942 ipsum
338 901 416 942 pro
447 893 517 929 tuo
548 886 709 928 haberi.

172 960 208 1001 6.
238 961 286 1002 Ξῖ
312 969 346 1002 te
375 968 496 1015 qrata
526 962 648 1016 quies.
723 960 840 1002 Bene
872 976 955 1003 non
986 969 1081 1003 ante
1112 970 1253 1004 monet
1293 973 1333 1004 et
1372 963 1595 1019 praecipit,
1643 979 1725 1020 quo
1770 971 1894 1020 pacto

61 1032 315 1076 obseruandi
346 1033 595 1089 colendique
627 1034 710 1075 sint
740 1034 937 1089 potiores,
970 1035 1052 1077 nisi
1082 1036 1200 1091 prius
1231 1036 1478 1087 ostenderis,
1511 1037 1709 1080 colendos
1740 1044 1893 1094 esse.†)

171 1107 207 1148 6.
241 1106 290 1148 Sz'
317 1115 351 1148 le
380 1115 499 1162 qrata
531 1108 654 1164 quz'eS.
686 1107 726 1148 h.
747 1121 803 1149 e.:
836 1108 870 1149 si
892 1108 976 1150 0110
998 1108 1233 1159 delectaris,
1256 1110 1405 1165 inquit,
1429 1125 1479 1151 ex
1500 1110 1604 1152 urbe
1625 1112 1893 1167 proficiscere

59 1179 112 1221 ad
131 1178 408 1221 Ferentinum
438 1180 477 1222 h.
499 1195 533 1221 e.
565 1180 609 1221 in
640 1180 850 1223 desertum
871 1182 1088 1237 oppidum.
1151 1181 1248 1235 Quo
1279 1183 1391 1225 dicto
1423 1185 1549 1226 etiam
1580 1185 1775 1236 ostendit,
1805 1184 1892 1228 Ro-

58 1268 151 1296 mae
181 1253 295 1295 haud
325 1253 489 1308 aliquos
520 1268 610 1296 esse
641 1254 715 1295 otii
751 1255 922 1297 amicos.

172 1328 208 1368 9.
242 1326 346 1369 Nam
374 1341 499 1384 neque
530 1328 734 1369 diuitibus.
799 1329 953 1371 Deuites
984 1330 1111 1370 modo
1142 1344 1220 1384 pro
1250 1333 1439 1386 gratiosis
1468 1332 1622 1387 posuit,
1653 1340 1696 1373 ut
1732 1335 1769 1375 T
1767 1348 1893 1375 eren.—

60 1402 137 1444 tius
167 1399 296 1456 (Eun.
328 1399 385 1450 II,
418 1402 455 1450 2,
491 1401 583 1456 12):
634 1401 778 1443 Omnia
808 1402 943 1452 habeo,
973 1416 1047 1444 nec
1077 1404 1291 1460 quiequam
1321 1404 1465 1451 bahem·
1510 1405 1617 1446 nihil
1647 1406 1759 1447 enim
1791 1407 1893 1448 mihi

59 1474 225 1516 uidetur
255 1474 401 1516 deesse
432 1480 601 1530 praeter
631 1475 801 1517 amicos.

173 1549 237 1590 10.
269 1548 352 1591 Nee
382 1549 486 1590 ‘entant
516 1549 632 1598 male,
679 1550 749 1603 qui
775 1557 895 1591 natus
928 1552 1178 1607 ‘tnorz'ensque
1217 1553 1372 1606 fefellit.
1454 1554 1607 1607 Fesellz'c
1651 1553 1782 1610 igitur
1812 1555 1893 1608 (in-

59 1620 315 1677 tellegitur‘?)
347 1622 567 1678 ignoratus
598 1629 672 1671 est,
705 1622 836 1664 latuit.
910 1621 1008 1665 Hoc
1052 1630 1191 1666 autem
1234 1622 1447 1668 Graecum
1493 1626 1765 1682 prouerbium
1811 1635 1926 1671 est:‘

62 1695 163 1736 λάθε
196 1695 358 1751 βιώσας.

173 1771 238 1811 11.
272 1769 321 1811 Sz·
339 1771 535 1827 prodesse
566 1772 655 1812 tuis.
727 1770 902 1825 [Procles
947 1779 982 1811 el
1027 1770 1187 1827 autem]
1235 1770 1321 1812 Aut
1366 1774 1544 1828 prodest,
1591 1781 1660 1816 aut
1702 1777 1893 1830 prodesse

61 1845 140 1888 cuis
170 1843 294 1885 uoles.

172 1918 238 1959 12.
270 1917 401 1959 siccus
430 1917 483 1959 ad
512 1925 691 1960 unctum.
751 1916 924 1972 Pauper
955 1916 1009 1958 ad
1039 1916 1300 1971 opulentum.

176 2091 208 2131 1)
233 2099 294 2121 non
317 2093 524 2121 monstratur.
542 2089 615 2120 MR.
640 2099 700 2120 non
724 2099 784 2120 om.
805 2088 865 2120 2G.
886 2090 959 2119 edd.
984 2092 1148 2119 monstrat.
1166 2106 1208 2110 -——
1227 2088 1358 2120 adstruit
1374 2088 1428 2119 M2
1456 2089 1618 2130 (astruit),
1644 2091 1763 2128 vath.
1790 2102 1892 2123 asser-

61 2149 110 2180 uit.
133 2148 169 2179 R.
195 2149 287 2187 posui
312 2147 445 2185 adserit,·
481 2158 555 2178 nam
580 2149 739 2178 adstruere
764 2147 824 2177 hac
849 2147 1037 2186 acceptione
1062 2146 1191 2176 defendi
1217 2147 1328 2185 nequit
1353 2156 1416 2177 uno
1442 2147 1498 2177 1110
1522 2147 1591 2177 1000
1615 2146 1716 2176 Plinii
1740 2148 1812 2186 XII,
1840 2152 1891 2185 18,

61 2206 116 2236 ubi
142 2206 239 2236 etiam
264 2205 355 2235 codd.
381 2206 505 2235 habent
529 2205 750 2235 adstruaeerzmt
775 2204 864 2243 (edd.
889 2204 1103 2242 adseverant),
1134 2203 1190 2233 sed
1217 2204 1424 2233 scribendum
1450 2208 1499 2234 est
1523 2204 1733 2236 adseruermzt.
1782 2204 1816 2243 2)
1841 2213 1895 2234 nos

61 2261 108 2293 ius
132 2266 164 2292 et
188 2261 344 2292 molestiis
369 2260 406 2292 G.
432 2262 524 2300 posui
549 2260 668 2290 tristius
695 2260 882 2299 (austerius)
909 2263 940 2290 et
965 2259 1143 2289 molestius.
1170 2278 1206 2281 —r
1241 2259 1353 2290 Simile
1378 2261 1491 2291 scholii
1518 2261 1649 2290 initium
1674 2260 1771 2291 habet
1797 2262 1892 2299 epist.

65 2320 122 2350 14:
149 2319 214 2349 ‘Ad
239 2319 372 2349 uilicum
399 2328 490 2348 suum
516 2318 641 2348 scribit.
679 2318 716 2347 In
739 2318 808 2356 qua'
836 2321 895 2347 etc.
960 2317 996 2356 8)
1021 2316 1114 2346 Prou.
1140 2316 1228 2347 uisus
1253 2316 1323 2347 MR.
1353 2317 1447 2347 Prou.
1472 2327 1525 2347 sus
1550 2317 1629 2346 Min.
1659 2316 1773 2354 2G7va.
1800 2317 1892 2347 Prou.

61 2376 148 2416 quasi
170 2376 294 2413 diceret,
320 2385 374 2405 sus
398 2375 479 2405 Min.
506 2376 552 2405 fh.
580 2376 689 2405 doceat
704 2373 807 2404 MRG.
834 2374 904 2404 rell.
930 2374 1027 2404 docet.
1093 2375 1126 2413 9)
1152 2373 1221 2403 Hoc
1246 2378 1294 2405 est
1319 2378 1351 2403 ut
1377 2375 1406 2403 2.
1460 2375 1514 2413 11)
1541 2373 1574 2402 fh
1600 2378 1757 2412 pergunt:
1797 2374 1892 2413 Igitur

63 2434 91 2464 si
115 2437 147 2463 te
172 2443 201 2472 g.
229 2444 258 2472 q.
284 2433 428 2463 delectet.
455 2433 524 2462 rell.
550 2432 579 2462 si
601 2436 627 2462 te
648 2436 741 2472 yram,
764 2431 855 2470 quie&
885 2448 924 2452 —
950 2434 1059 2461 monet.
1086 2434 1117 2460 et.
1153 2439 1257 2469 praec.
1296 2440 1357 2469 quo
1392 2430 1436 2459 M.
1474 2435 1583 2461 11101101
1619 2431 1702 2468 breci
1739 2441 1800 2469 quo
1836 2430 1894 2460 RG

64 2489 213 2529 (praec.).
239 2494 348 2521 monet
371 2491 391 2528 f]
418 2499 521 2528 praec.
546 2499 608 2528 quo
633 2490 662 2518 2.
689 2492 799 2519 monet
824 2498 885 2527 quo
910 2488 997 2517 vafh.
1065 2488 1120 2527 12)
1147 2491 1223 2517 sant
1246 2486 1370 2517 MR2G.
1400 2505 1438 2509 -—
1466 2487 1645 2518 ostenderis
1668 2487 1797 2524 MR2,v.
1822 2488 1893 2518 rell.

63 2548 248 2579 ostenderit.
307 2547 338 2587 †)
363 2546 479 2577 MR2G
506 2547 718 2585 interponunt
743 2547 833 2583 haec,
872 2554 953 2584 quae
979 2554 996 2573 a
1022 2548 1130 2575 nostro
1167 2545 1237 2575 1000
1262 2546 1365 2574 aliena
1381 2546 1561 2575 uidentur:
1600 2546 1638 2574 ‘et
1654 2544 1790 2583 primum
1813 2554 1839 2573 r.
1865 2554 1893 2583 q.

65 2603 129 2644 (510
151 2604 224 2636 MR.
252 2614 277 2635 r.
304 2614 333 2642 p.
361 2603 399 2634 G.
425 2605 471 2634 rei
498 2613 551 2642 pu.
577 2604 613 2643 2)
639 2604 659 2633 i.
687 2602 804 2640 (idest
820 2603 856 2641 2)
882 2602 926 2631 Ε1
950 2606 1017 2631 tam
1042 2611 1162 2640 propon
1187 2601 1250 2643 (sie
1273 2601 1404 2641 MR2G)
1430 2606 1465 2632 ut
1490 2602 1704 2640 gratiosorum
1728 2602 1896 2631 hominum

64 2661 162 2700 (hom.
187 2671 247 2693 om.
272 2660 315 2700 R)
343 2661 480 2691 solitari.
509 2670 534 2690 c.
561 2670 585 2690 r.
613 2660 674 2698 (sic
699 2658 830 2699 MR2G)
856 2659 1009 2697 probatur
1035 2658 1159 2697 (probat
1183 2660 1218 2699 2)
1245 2660 1316 2690 11105
1342 2668 1410 2689 esse
1434 2659 1614 2689 laudandos
1640 2659 1694 2696 qui
1719 2659 1895 2688 amicitiam

65 2720 314 2750 consectantur.⁷
364 2718 400 2750 C.
426 2719 602 2749 Hermann.
628 2718 707 2747 haec
731 2718 831 2747 uerba
856 2716 897 2746 ad
923 2727 953 2746 u.
974 2717 1060 2746 6—-8
1087 2716 1124 2746 Si
1147 2721 1172 2746 te
1193 2721 1285 2757 grata
1309 2716 1389 2755 quies
1409 2734 1446 2737 -
1467 2716 1494 2756 (τ’
1516 2715 1622 2754 ubebo)
1649 2715 1812 2753 pertinere
1837 2725 1895 2753 pu-

65 2780 123 2815 tat,
149 2778 311 2807 scribens:
339 2776 541 2807 ‘Amicitiam
559 2772 732 2814 praeponit
757 2775 972 2813 gratiosorum
998 2774 1163 2804 hominum
1181 2774 1318 2804 solitarii
1344 2776 1456 2812 gratae
1474 2774 1588 2811 quieti,
1615 2776 1645 2801 01
1671 2772 1795 2810 probat,
1821 2772 1895 2802 illos

67 2842 136 2865 esse
158 2834 349 2871 laudandos,
376 2834 429 2872 qui
455 2833 631 2864 amicitiam
656 2832 904 2863 consectantur.'
956 2831 1011 2870 13)
1037 2831 1078 2860 ad
1103 2830 1295 2870 inferentiam
1315 2828 1392 2869 (sic)
1409 2829 1481 2859 MR.
1507 2830 1548 2859 ad
1572 2828 1754 2859 ferentinam
1779 2827 1895 2867 2Gr‚va.

66 2890 237 2931 Ferentani,
269 2900 329 2921 orn.
355 2891 405 2926 ad,
431 2891 475 2920 fh.
500 2890 543 2920 ad
558 2890 705 2920 deaetrum
730 2898 802 2927 opp.
828 2887 864 2918 R.
890 2905 933 2908 —
958 2891 986 2918 et
1007 2892 1067 2918 ost.
1093 2887 1187 2918 MR2.
1240 2888 1293 2927 15)
1320 2890 1374 2916 aut
1399 2885 1453 2926 (a‘.
1480 2887 1516 2916 R.
1542 2886 1619 2915 haut
1645 2886 1680 2925 2)
1717 2886 1839 2924 aliquos
1862 2885 1896 2915 M

67 2947 188 2986 (Halm.
213 2947 414 2978 confundens
439 2948 505 2977 litt.
533 2957 547 2977 s
573 2950 603 2976 et
630 2956 645 2975 r
671 2946 799 2984 scripsit
824 2945 1002 2983 aliquorum
1026 2946 1210 2985 amicorum)
1237 2945 1357 2981 amieos,
1395 2953 1456 2974 om.
1482 2952 1543 2973 esse
1565 2943 1627 2979 otii,
1653 2947 1689 2973 111.
1713 2941 1895 2979 R2,vath.

71 3006 125 3046 16)
146 3006 301 3046 generosis
326 3005 414 3035 vafh.
465 3005 520 3044 17)
547 3013 642 3043 neque
666 3002 752 3033 vafh.
804 3003 859 3040 182)
886 3011 941 3040 per
965 3011 1026 3032 am.
1051 3002 1123 3032 MR.
1190 3002 1246 3040 19)
1273 3000 1339 3030 Fef.
1364 3000 1457 3039 tylem·
1479 2999 1540 3039 igsn.
1567 3004 1614 3029 est
1641 2998 1800 3029 MRA2G.
1826 2998 1894 3029 Fef.

67 3060 158 3102 igitur
180 3066 312 3093 mortuus
337 3065 386 3092 est
410 3071 461 3091 va.
488 3060 556 3091 Fef.
581 3064 673 3091 mort.
701 3062 749 3090 est
772 3059 818 3088 fh.
842 3058 934 3099 iyitur
959 3068 1018 3090 om.
1044 3059 1080 3089 fh
1106 3063 1137 3089 et
1164 3058 1192 3094 Q
1221 3057 1304 3099 (Fef.
1332 3058 1398 3095 ign.
1425 3060 1502 3095 est).
1552 3055 1609 3094 20)
1636 3066 1724 3094 prou.
1751 3065 1808 3095 gu,
1835 3065 1894 3086 om.

68 3122 110 3148 est
130 3119 217 3150 vafh.
265 3118 325 3159 22)
348 3119 508 3158 prodesset
531 3121 638 3150 autem
661 3126 708 3156 pr.
734 3120 758 3146 t.
783 3116 872 3148 uoles
896 3115 968 3147 MR.
994 3116 1104 3155 posui:
1131 3117 1192 3146 Aut
1207 3114 1334 3154 prodest
1356 3118 1416 3144 aut.
1442 3118 1548 3144 autem
1574 3113 1638 3142 tuis
1663 3114 1751 3143 vafh.

1578 3179 1624 3203 550*

1920 902 1960 932 10

1920 1268 1960 1299 15
