<?xml version="1.0" encoding="UTF-8"?>
<!DOCTYPE html PUBLIC "-//W3C//DTD XHTML 1.0 Transitional//EN"
    "http://www.w3.org/TR/xhtml1/DTD/xhtml1-transitional.dtd">
<html xmlns="http://www.w3.org/1999/xhtml" xml:lang="en" lang="en">
 <head>
  <title>
</title>
<meta http-equiv="Content-Type" content="text/html;charset=utf-8" />
  <meta name='ocr-system' content='tesseract 3.04.00' />
  <meta name='ocr-capabilities' content='ocr_page ocr_carea ocr_par ocr_line ocrx_word'/>
</head>
<body>
  <div class='ocr_page' id='page_1' title='image "acronisetporphyr02pseuuoft_0337.png"; bbox 0 0 2148 3412; ppageno 0'>
   <div class='ocr_carea' id='block_1_1' title="bbox 21 2596 28 3359">
    <p class='ocr_par' dir='ltr' id='par_1_1' title="bbox 21 2596 28 3359">
     <span class='ocr_line' id='line_1_1' title="bbox 21 2596 28 3359; baseline 0 0"><span class='ocrx_word' id='word_1_1' title='bbox 21 2596 28 3359; x_wconf 95' lang='lat' dir='ltr'> </span> 
     </span>
    </p>
   </div>
   <div class='ocr_carea' id='block_1_2' title="bbox 860 130 1939 176">
    <p class='ocr_par' dir='ltr' id='par_1_2' title="bbox 860 130 1939 176">
     <span class='ocr_line' id='line_1_2' title="bbox 860 130 1939 176; baseline 0 -7"><span class='ocrx_word' id='word_1_2' title='bbox 860 138 907 169; x_wconf 85' lang='lat' dir='ltr'>IN</span> <span class='ocrx_word' id='word_1_3' title='bbox 934 138 1069 170; x_wconf 80' lang='lat' dir='ltr'><strong>SERM.</strong></span> <span class='ocrx_word' id='word_1_4' title='bbox 1096 139 1138 176; x_wconf 75' lang='lat'>11.</span> <span class='ocrx_word' id='word_1_5' title='bbox 1167 142 1197 171; x_wconf 87' lang='lat'>7.</span> <span class='ocrx_word' id='word_1_6' title='bbox 1859 130 1939 169; x_wconf 70' lang='lat'>329</span> 
     </span>
    </p>
   </div>
   <div class='ocr_carea' id='block_1_3' title="bbox 99 260 1941 2377">
    <p class='ocr_par' dir='ltr' id='par_1_3' title="bbox 111 260 1941 461">
     <span class='ocr_line' id='line_1_3' title="bbox 224 260 1941 318; baseline 0.002 -16"><span class='ocrx_word' id='word_1_7' title='bbox 224 260 377 302; x_wconf 78' lang='lat' dir='ltr'>Nasum</span> <span class='ocrx_word' id='word_1_8' title='bbox 399 260 539 301; x_wconf 75' lang='lat' dir='ltr'>nidore</span> <span class='ocrx_word' id='word_1_9' title='bbox 559 275 645 316; x_wconf 72' lang='lat' dir='ltr'>sup.</span> <span class='ocrx_word' id='word_1_10' title='bbox 706 261 854 302; x_wconf 66' lang='lat' dir='ltr'>,vidore</span> <span class='ocrx_word' id='word_1_11' title='bbox 885 264 1103 317; x_wconf 68' lang='lat' dir='ltr'>supz&#39;mzlw·</span> <span class='ocrx_word' id='word_1_12' title='bbox 1133 277 1294 311; x_wconf 82' lang='lat' dir='ltr'>nasum,</span> <span class='ocrx_word' id='word_1_13' title='bbox 1329 264 1399 318; x_wconf 90' lang='lat' dir='ltr'>qui</span> <span class='ocrx_word' id='word_1_14' title='bbox 1431 264 1607 304; x_wconf 91' lang='lat' dir='ltr'>nimium</span> <span class='ocrx_word' id='word_1_15' title='bbox 1640 264 1871 306; x_wconf 80' lang='lat' dir='ltr'>delectatur</span> <span class='ocrx_word' id='word_1_16' title='bbox 1902 272 1941 305; x_wconf 91' lang='lat' dir='ltr'>et</span> 
     </span>
     <span class='ocr_line' id='line_1_4' title="bbox 111 333 1938 391; baseline 0.002 -17"><span class='ocrx_word' id='word_1_17' title='bbox 111 333 333 374; x_wconf 87' lang='lat' dir='ltr'>inclinatur</span> <span class='ocrx_word' id='word_1_18' title='bbox 363 333 561 375; x_wconf 85' lang='lat' dir='ltr'>odoribus</span> <span class='ocrx_word' id='word_1_19' title='bbox 592 334 980 388; x_wconf 78' lang='lat' dir='ltr'>pulmentariorum.</span> <span class='ocrx_word' id='word_1_20' title='bbox 1025 335 1202 390; x_wconf 71' lang='lat' dir='ltr'>Supe&#39;nor</span> <span class='ocrx_word' id='word_1_21' title='bbox 1224 344 1360 377; x_wconf 85' lang='lat' dir='ltr'>autem</span> <span class='ocrx_word' id='word_1_22' title='bbox 1392 337 1510 391; x_wconf 80' lang='lat' dir='ltr'>quasi</span> <span class='ocrx_word' id='word_1_23' title='bbox 1544 352 1722 391; x_wconf 85' lang='lat' dir='ltr'>sequens</span> <span class='ocrx_word' id='word_1_24' title='bbox 1753 338 1938 386; x_wconf 84' lang='lat' dir='ltr'>odorem,</span> 
     </span>
     <span class='ocr_line' id='line_1_5' title="bbox 111 406 1068 461; baseline 0 -13"><span class='ocrx_word' id='word_1_25' title='bbox 111 414 155 448; x_wconf 88' lang='lat' dir='ltr'>ut</span> <span class='ocrx_word' id='word_1_26' title='bbox 184 406 315 447; x_wconf 86' lang='lat' dir='ltr'>solent</span> <span class='ocrx_word' id='word_1_27' title='bbox 346 406 497 456; x_wconf 83' lang='lat' dir='ltr'>facere,</span> <span class='ocrx_word' id='word_1_28' title='bbox 532 407 602 461; x_wconf 89' lang='lat' dir='ltr'>qui</span> <span class='ocrx_word' id='word_1_29' title='bbox 635 407 795 461; x_wconf 86' lang='lat' dir='ltr'>aliquid</span> <span class='ocrx_word' id='word_1_30' title='bbox 827 408 1068 448; x_wconf 87' lang='lat' dir='ltr'>odorantur.</span> 
     </span>
    </p>

    <p class='ocr_par' dir='ltr' id='par_1_4' title="bbox 221 479 1936 539">
     <span class='ocr_line' id='line_1_6' title="bbox 221 479 1936 539; baseline 0.003 -19"><span class='ocrx_word' id='word_1_31' title='bbox 221 481 285 520; x_wconf 80' lang='lat'>39.</span> <span class='ocrx_word' id='word_1_32' title='bbox 311 481 471 535; x_wconf 72' lang='lat' dir='ltr'>popino.</span> <span class='ocrx_word' id='word_1_33' title='bbox 531 479 700 521; x_wconf 86' lang='lat' dir='ltr'>Ebrius.</span> <span class='ocrx_word' id='word_1_34' title='bbox 733 481 912 522; x_wconf 84' lang='lat' dir='ltr'>Amator</span> <span class='ocrx_word' id='word_1_35' title='bbox 943 481 1215 536; x_wconf 81' lang='lat' dir='ltr'>popinarum3</span> <span class='ocrx_word' id='word_1_36' title='bbox 1259 484 1319 524; x_wconf 75' lang='lat' dir='ltr'>hic:</span> <span class='ocrx_word' id='word_1_37' title='bbox 1351 484 1518 538; x_wconf 70' lang='lat' dir='ltr'>popina,</span> <span class='ocrx_word' id='word_1_38' title='bbox 1551 484 1673 526; x_wconf 85' lang='lat' dir='ltr'>huius</span> <span class='ocrx_word' id='word_1_39' title='bbox 1705 485 1936 539; x_wconf 78' lang='lat' dir='ltr'>popinom&#39;s.</span> 
     </span>
    </p>

    <p class='ocr_par' dir='ltr' id='par_1_5' title="bbox 109 553 1936 680">
     <span class='ocr_line' id='line_1_7' title="bbox 219 553 1936 612; baseline 0.003 -19"><span class='ocrx_word' id='word_1_40' title='bbox 219 554 286 593; x_wconf 85' lang='lat'>40.</span> <span class='ocrx_word' id='word_1_41' title='bbox 321 554 381 593; x_wconf 77' lang='lat' dir='ltr'>Tu</span> <span class='ocrx_word' id='word_1_42' title='bbox 404 569 491 594; x_wconf 71' lang='lat' dir='ltr'>cam</span> <span class='ocrx_word' id='word_1_43' title='bbox 513 555 566 594; x_wconf 73' lang='lat' dir='ltr'>sis</span> <span class='ocrx_word' id='word_1_44' title='bbox 587 569 619 609; x_wconf 81' lang='lat' dir='ltr'>q.</span> <span class='ocrx_word' id='word_1_45' title='bbox 643 570 672 594; x_wconf 84' lang='lat' dir='ltr'>e.</span> <span class='ocrx_word' id='word_1_46' title='bbox 732 553 828 595; x_wconf 87' lang='lat' dir='ltr'>Hoc</span> <span class='ocrx_word' id='word_1_47' title='bbox 862 553 1003 611; x_wconf 85' lang='lat' dir='ltr'>[ergo]</span> <span class='ocrx_word' id='word_1_48' title='bbox 1036 554 1134 596; x_wconf 91' lang='lat' dir='ltr'>item</span> <span class='ocrx_word' id='word_1_49' title='bbox 1166 570 1311 597; x_wconf 87' lang='lat' dir='ltr'>seruus</span> <span class='ocrx_word' id='word_1_50' title='bbox 1341 556 1472 597; x_wconf 82' lang='lat' dir='ltr'>libere</span> <span class='ocrx_word' id='word_1_51' title='bbox 1505 558 1616 607; x_wconf 82' lang='lat' dir='ltr'>satis,</span> <span class='ocrx_word' id='word_1_52' title='bbox 1650 559 1745 612; x_wconf 85' lang='lat' dir='ltr'>quia</span> <span class='ocrx_word' id='word_1_53' title='bbox 1779 558 1936 599; x_wconf 89' lang='lat' dir='ltr'>dictum</span> 
     </span>
     <span class='ocr_line' id='line_1_8' title="bbox 109 626 752 680; baseline 0 -14"><span class='ocrx_word' id='word_1_54' title='bbox 109 633 187 667; x_wconf 86' lang='lat' dir='ltr'>est:</span> <span class='ocrx_word' id='word_1_55' title='bbox 221 641 291 680; x_wconf 69' lang='lat' dir='ltr'>aye</span> <span class='ocrx_word' id='word_1_56' title='bbox 323 626 500 667; x_wconf 70' lang='lat' dir='ltr'>libertate</span> <span class='ocrx_word' id='word_1_57' title='bbox 536 628 752 668; x_wconf 67' lang='lat' dir='ltr'>Decembri.</span> 
     </span>
    </p>

    <p class='ocr_par' dir='ltr' id='par_1_6' title="bbox 217 699 1742 759">
     <span class='ocr_line' id='line_1_9' title="bbox 217 699 1742 759; baseline 0.004 -20"><span class='ocrx_word' id='word_1_58' title='bbox 217 701 283 739; x_wconf 84' lang='lat'>41.</span> <span class='ocrx_word' id='word_1_59' title='bbox 315 700 425 741; x_wconf 79' lang='lat' dir='ltr'>uelut</span> <span class='ocrx_word' id='word_1_60' title='bbox 454 701 603 742; x_wconf 69' lang='lat' dir='ltr'>melior.</span> <span class='ocrx_word' id='word_1_61' title='bbox 666 699 779 752; x_wconf 83' lang='lat' dir='ltr'>Quia</span> <span class='ocrx_word' id='word_1_62' title='bbox 810 700 1099 751; x_wconf 83' lang='lat' dir='ltr'>abstinentior,</span> <span class='ocrx_word' id='word_1_63' title='bbox 1132 702 1251 756; x_wconf 81' lang='lat' dir='ltr'>quasi</span> <span class='ocrx_word' id='word_1_64' title='bbox 1285 702 1362 759; x_wconf 82' lang='lat' dir='ltr'>[et]</span> <span class='ocrx_word' id='word_1_65' title='bbox 1397 703 1533 758; x_wconf 78' lang='lat' dir='ltr'>magis</span> <span class='ocrx_word' id='word_1_66' title='bbox 1566 704 1742 759; x_wconf 84' lang='lat' dir='ltr'>integer.</span> 
     </span>
    </p>

    <p class='ocr_par' dir='ltr' id='par_1_7' title="bbox 218 773 1269 831">
     <span class='ocr_line' id='line_1_10' title="bbox 218 773 1269 831; baseline 0.002 -18"><span class='ocrx_word' id='word_1_67' title='bbox 218 774 284 814; x_wconf 86' lang='lat'>43.</span> <span class='ocrx_word' id='word_1_68' title='bbox 318 775 584 830; x_wconf 71' lang='lat' dir='ltr'>deprenderis.</span> <span class='ocrx_word' id='word_1_69' title='bbox 645 773 866 815; x_wconf 86' lang='lat' dir='ltr'>Inueniris.</span> <span class='ocrx_word' id='word_1_70' title='bbox 907 774 1058 830; x_wconf 52' lang='lat' dir='ltr'>[aufem</span> <span class='ocrx_word' id='word_1_71' title='bbox 1092 774 1269 831; x_wconf 70' lang='lat' dir='ltr'>desine]</span> 
     </span>
    </p>

    <p class='ocr_par' dir='ltr' id='par_1_8' title="bbox 105 846 1936 1050">
     <span class='ocr_line' id='line_1_11' title="bbox 217 846 1936 903; baseline 0.003 -16"><span class='ocrx_word' id='word_1_72' title='bbox 217 848 283 887; x_wconf 81' lang='lat'>45.</span> <span class='ocrx_word' id='word_1_73' title='bbox 319 848 425 888; x_wconf 74' lang='lat' dir='ltr'>Dum</span> <span class='ocrx_word' id='word_1_74' title='bbox 448 862 548 903; x_wconf 74' lang='lat' dir='ltr'>quae</span> <span class='ocrx_word' id='word_1_75' title='bbox 576 848 759 902; x_wconf 70' lang='lat' dir='ltr'>Crispini.</span> <span class='ocrx_word' id='word_1_76' title='bbox 820 846 984 888; x_wconf 85' lang='lat' dir='ltr'>Nomen</span> <span class='ocrx_word' id='word_1_77' title='bbox 1008 847 1260 903; x_wconf 80' lang='lat' dir='ltr'>philosophi,</span> <span class='ocrx_word' id='word_1_78' title='bbox 1285 849 1354 903; x_wconf 91' lang='lat' dir='ltr'>qui</span> <span class='ocrx_word' id='word_1_79' title='bbox 1385 858 1538 890; x_wconf 76' lang='lat' dir='ltr'>sectam</span> <span class='ocrx_word' id='word_1_80' title='bbox 1564 849 1750 891; x_wconf 71' lang='lat' dir='ltr'>Stoicam</span> <span class='ocrx_word' id='word_1_81' title='bbox 1773 860 1936 893; x_wconf 73' lang='lat' dir='ltr'>secutus</span> 
     </span>
     <span class='ocr_line' id='line_1_12' title="bbox 107 919 1935 981; baseline 0.003 -20"><span class='ocrx_word' id='word_1_82' title='bbox 107 929 177 962; x_wconf 87' lang='lat' dir='ltr'>est.</span> <span class='ocrx_word' id='word_1_83' title='bbox 236 919 305 961; x_wconf 93' lang='lat' dir='ltr'>De</span> <span class='ocrx_word' id='word_1_84' title='bbox 338 919 538 976; x_wconf 87' lang='lat' dir='ltr'>Crispino</span> <span class='ocrx_word' id='word_1_85' title='bbox 570 929 607 961; x_wconf 88' lang='lat' dir='ltr'>et</span> <span class='ocrx_word' id='word_1_86' title='bbox 640 921 681 960; x_wconf 91' lang='lat' dir='ltr'>in</span> <span class='ocrx_word' id='word_1_87' title='bbox 714 920 848 975; x_wconf 83' lang='lat' dir='ltr'>primo</span> <span class='ocrx_word' id='word_1_88' title='bbox 879 921 1041 963; x_wconf 84' lang='lat' dir='ltr'>iocatur</span> <span class='ocrx_word' id='word_1_89' title='bbox 1072 920 1137 970; x_wconf 78' lang='lat' dir='ltr'>(S.</span> <span class='ocrx_word' id='word_1_90' title='bbox 1170 922 1203 971; x_wconf 83' lang='lat' dir='ltr'>I,</span> <span class='ocrx_word' id='word_1_91' title='bbox 1230 925 1264 967; x_wconf 82' lang='lat'>1,</span> <span class='ocrx_word' id='word_1_92' title='bbox 1291 925 1409 973; x_wconf 74' lang='lat'>1⁴20):</span> <span class='ocrx_word' id='word_1_93' title='bbox 1444 939 1491 964; x_wconf 70' lang='lat' dir='ltr'>ne</span> <span class='ocrx_word' id='word_1_94' title='bbox 1523 940 1581 965; x_wconf 81' lang='lat' dir='ltr'>me</span> <span class='ocrx_word' id='word_1_95' title='bbox 1618 925 1795 981; x_wconf 52' lang='lat' dir='ltr'>(Tris-pini</span> <span class='ocrx_word' id='word_1_96' title='bbox 1823 928 1935 967; x_wconf 71' lang='lat' dir='ltr'>scri—</span> 
     </span>
     <span class='ocr_line' id='line_1_13' title="bbox 105 995 714 1050; baseline -0.002 -15"><span class='ocrx_word' id='word_1_97' title='bbox 105 996 171 1036; x_wconf 83' lang='lat' dir='ltr'>m&#39;a</span> <span class='ocrx_word' id='word_1_98' title='bbox 203 995 303 1050; x_wconf 64' lang='lat' dir='ltr'>lippi</span> <span class='ocrx_word' id='word_1_99' title='bbox 335 995 559 1050; x_wconf 72' lang='lat' dir='ltr'>Conpilasse</span> <span class='ocrx_word' id='word_1_100' title='bbox 585 1003 714 1049; x_wconf 75' lang='lat' dir='ltr'>pules.</span> 
     </span>
    </p>

    <p class='ocr_par' dir='ltr' id='par_1_9' title="bbox 215 1067 610 1109">
     <span class='ocr_line' id='line_1_14' title="bbox 215 1067 610 1109; baseline 0 -2"><span class='ocrx_word' id='word_1_101' title='bbox 215 1069 281 1108; x_wconf 76' lang='lat'>46.</span> <span class='ocrx_word' id='word_1_102' title='bbox 318 1068 491 1109; x_wconf 76' lang='lat' dir='ltr'>Dauum.</span> <span class='ocrx_word' id='word_1_103' title='bbox 524 1067 610 1108; x_wconf 83' lang='lat' dir='ltr'>Me.</span> 
     </span>
    </p>

    <p class='ocr_par' dir='ltr' id='par_1_10' title="bbox 214 1141 1933 1200">
     <span class='ocr_line' id='line_1_15' title="bbox 214 1141 1933 1200; baseline 0.003 -19"><span class='ocrx_word' id='word_1_104' title='bbox 214 1142 279 1181; x_wconf 82' lang='lat'>49.</span> <span class='ocrx_word' id='word_1_105' title='bbox 313 1143 507 1196; x_wconf 73' lang='lat' dir='ltr'>turyente&#39;s</span> <span class='ocrx_word' id='word_1_106' title='bbox 528 1142 700 1182; x_wconf 68' lang='lat' dir='ltr'>uerbera</span> <span class='ocrx_word' id='word_1_107' title='bbox 723 1142 888 1182; x_wconf 68' lang='lat' dir='ltr'>caculae.</span> <span class='ocrx_word' id='word_1_108' title='bbox 935 1141 986 1182; x_wconf 81' lang='lat' dir='ltr'>Id</span> <span class='ocrx_word' id='word_1_109' title='bbox 1009 1149 1090 1183; x_wconf 89' lang='lat' dir='ltr'>est:</span> <span class='ocrx_word' id='word_1_110' title='bbox 1114 1144 1280 1192; x_wconf 87' lang='lat' dir='ltr'>ueretri,</span> <span class='ocrx_word' id='word_1_111' title='bbox 1304 1144 1440 1185; x_wconf 87' lang='lat' dir='ltr'>uirilis</span> <span class='ocrx_word' id='word_1_112' title='bbox 1461 1144 1639 1185; x_wconf 86' lang='lat' dir='ltr'>membri</span> <span class='ocrx_word' id='word_1_113' title='bbox 1663 1146 1933 1200; x_wconf 81' lang='lat' dir='ltr'>pulsationes.</span> 
     </span>
    </p>

    <p class='ocr_par' dir='ltr' id='par_1_11' title="bbox 102 1213 1935 1638">
     <span class='ocr_line' id='line_1_16' title="bbox 217 1213 1931 1272; baseline 0.002 -16"><span class='ocrx_word' id='word_1_114' title='bbox 217 1216 280 1256; x_wconf 84' lang='lat'>50.</span> <span class='ocrx_word' id='word_1_115' title='bbox 315 1215 519 1256; x_wconf 72' lang='lat' dir='ltr'>Clum&#39;bus.</span> <span class='ocrx_word' id='word_1_116' title='bbox 583 1213 703 1263; x_wconf 74' lang='lat' dir='ltr'>Suis3</span> <span class='ocrx_word' id='word_1_117' title='bbox 737 1215 914 1256; x_wconf 81' lang='lat' dir='ltr'>scilicet:</span> <span class='ocrx_word' id='word_1_118' title='bbox 949 1231 1041 1256; x_wconf 86' lang='lat' dir='ltr'>cum</span> <span class='ocrx_word' id='word_1_119' title='bbox 1083 1216 1174 1271; x_wconf 83' lang='lat' dir='ltr'>ipsa</span> <span class='ocrx_word' id='word_1_120' title='bbox 1215 1216 1331 1266; x_wconf 85' lang='lat' dir='ltr'>iacet,</span> <span class='ocrx_word' id='word_1_121' title='bbox 1365 1225 1401 1256; x_wconf 81' lang='lat' dir='ltr'>et</span> <span class='ocrx_word' id='word_1_122' title='bbox 1435 1232 1514 1272; x_wconf 73' lang='lat' dir='ltr'>ego</span> <span class='ocrx_word' id='word_1_123' title='bbox 1546 1233 1673 1272; x_wconf 85' lang='lat' dir='ltr'>supra</span> <span class='ocrx_word' id='word_1_124' title='bbox 1704 1233 1795 1259; x_wconf 86' lang='lat' dir='ltr'>eam</span> <span class='ocrx_word' id='word_1_125' title='bbox 1829 1234 1931 1260; x_wconf 88' lang='lat' dir='ltr'>sum.</span> 
     </span>
     <span class='ocr_line' id='line_1_17' title="bbox 105 1286 1933 1347; baseline 0.003 -20"><span class='ocrx_word' id='word_1_126' title='bbox 105 1286 286 1344; x_wconf 74' lang='grc' dir='ltr'>Περιοχὴ</span> <span class='ocrx_word' id='word_1_127' title='bbox 308 1292 377 1328; x_wconf 75' lang='grc' dir='ltr'>τοῦ</span> <span class='ocrx_word' id='word_1_128' title='bbox 404 1288 624 1343; x_wconf 61' lang='grc' dir='ltr'>ἀναβάται).</span> <span class='ocrx_word' id='word_1_129' title='bbox 669 1290 825 1344; x_wconf 77' lang='lat' dir='ltr'>Equum</span> <span class='ocrx_word' id='word_1_130' title='bbox 848 1289 1076 1344; x_wconf 82' lang='lat' dir='ltr'>adpellauit</span> <span class='ocrx_word' id='word_1_131' title='bbox 1098 1289 1333 1330; x_wconf 86' lang='lat' dir='ltr'>membrum</span> <span class='ocrx_word' id='word_1_132' title='bbox 1355 1290 1476 1330; x_wconf 91' lang='lat' dir='ltr'>uirile</span> <span class='ocrx_word' id='word_1_133' title='bbox 1499 1291 1551 1331; x_wconf 89' lang='lat' dir='ltr'>ab</span> <span class='ocrx_word' id='word_1_134' title='bbox 1575 1306 1636 1341; x_wconf 90' lang='lat' dir='ltr'>eo,</span> <span class='ocrx_word' id='word_1_135' title='bbox 1669 1292 1783 1345; x_wconf 87' lang='lat' dir='ltr'>quod</span> <span class='ocrx_word' id='word_1_136' title='bbox 1805 1308 1933 1347; x_wconf 83' lang='lat' dir='ltr'>supra</span> 
     </span>
     <span class='ocr_line' id='line_1_18' title="bbox 103 1361 1935 1420; baseline 0.003 -19"><span class='ocrx_word' id='word_1_137' title='bbox 103 1361 204 1402; x_wconf 85' lang='lat' dir='ltr'>illud</span> <span class='ocrx_word' id='word_1_138' title='bbox 235 1362 361 1402; x_wconf 87' lang='lat' dir='ltr'>sedet.</span> <span class='ocrx_word' id='word_1_139' title='bbox 428 1361 530 1402; x_wconf 77' lang='lat' dir='ltr'>Ideo</span> <span class='ocrx_word' id='word_1_140' title='bbox 562 1361 793 1416; x_wconf 82' lang='lat' dir='ltr'>permansit.</span> <span class='ocrx_word' id='word_1_141' title='bbox 822 1361 865 1402; x_wconf 90' lang='lat' dir='ltr'>in</span> <span class='ocrx_word' id='word_1_142' title='bbox 903 1362 1149 1417; x_wconf 83' lang='lat' dir='ltr'>metaphora</span> <span class='ocrx_word' id='word_1_143' title='bbox 1189 1362 1367 1403; x_wconf 71' lang='lat' dir='ltr'>dicendo</span> <span class='ocrx_word' id='word_1_144' title='bbox 1408 1366 1578 1418; x_wconf 65' lang='lat' dir='ltr'>aqitauil</span> <span class='ocrx_word' id='word_1_145' title='bbox 1608 1365 1632 1404; x_wconf 86' lang='lat' dir='ltr'>i.</span> <span class='ocrx_word' id='word_1_146' title='bbox 1666 1379 1699 1405; x_wconf 91' lang='lat' dir='ltr'>e.</span> <span class='ocrx_word' id='word_1_147' title='bbox 1733 1365 1935 1420; x_wconf 86' lang='lat' dir='ltr'>crispauit</span> 
     </span>
     <span class='ocr_line' id='line_1_19' title="bbox 103 1434 1933 1496; baseline 0.002 -20"><span class='ocrx_word' id='word_1_148' title='bbox 103 1435 358 1491; x_wconf 68' lang='lat' dir='ltr'>(crissauitP)</span> <span class='ocrx_word' id='word_1_149' title='bbox 394 1434 660 1492; x_wconf 71' lang='lat' dir='ltr'>[quassauit]</span> <span class='ocrx_word' id='word_1_150' title='bbox 693 1439 891 1492; x_wconf 70' lang='lat' dir='ltr'>supinum.</span> <span class='ocrx_word' id='word_1_151' title='bbox 926 1434 1045 1492; x_wconf 85' lang='lat' dir='ltr'>[quia</span> <span class='ocrx_word' id='word_1_152' title='bbox 1077 1436 1228 1476; x_wconf 89' lang='lat' dir='ltr'>mulier</span> <span class='ocrx_word' id='word_1_153' title='bbox 1259 1436 1476 1477; x_wconf 84' lang='lat' dir='ltr'>adscendit</span> <span class='ocrx_word' id='word_1_154' title='bbox 1510 1452 1636 1492; x_wconf 83' lang='lat' dir='ltr'>supra</span> <span class='ocrx_word' id='word_1_155' title='bbox 1669 1439 1847 1496; x_wconf 83' lang='lat' dir='ltr'>marem]</span> <span class='ocrx_word' id='word_1_156' title='bbox 1872 1439 1933 1481; x_wconf 88' lang='lat' dir='ltr'>Ut</span> 
     </span>
     <span class='ocr_line' id='line_1_20' title="bbox 102 1508 1933 1567; baseline 0.002 -17"><span class='ocrx_word' id='word_1_157' title='bbox 102 1508 250 1550; x_wconf 89' lang='lat' dir='ltr'>mulier</span> <span class='ocrx_word' id='word_1_158' title='bbox 281 1517 356 1550; x_wconf 84' lang='lat' dir='ltr'>stet</span> <span class='ocrx_word' id='word_1_159' title='bbox 388 1524 514 1564; x_wconf 90' lang='lat' dir='ltr'>super</span> <span class='ocrx_word' id='word_1_160' title='bbox 544 1509 693 1550; x_wconf 88' lang='lat' dir='ltr'>uirum.</span> <span class='ocrx_word' id='word_1_161' title='bbox 756 1511 937 1564; x_wconf 61' lang='lat' dir='ltr'>(syv’tam&#39;t.</span> <span class='ocrx_word' id='word_1_162' title='bbox 999 1509 1049 1549; x_wconf 82' lang='lat' dir='ltr'>Id</span> <span class='ocrx_word' id='word_1_163' title='bbox 1081 1519 1163 1550; x_wconf 89' lang='lat' dir='ltr'>est:</span> <span class='ocrx_word' id='word_1_164' title='bbox 1199 1510 1295 1550; x_wconf 84' lang='lat' dir='ltr'>dum</span> <span class='ocrx_word' id='word_1_165' title='bbox 1320 1525 1398 1565; x_wconf 76' lang='lat' dir='ltr'>ego</span> <span class='ocrx_word' id='word_1_166' title='bbox 1421 1511 1537 1552; x_wconf 87' lang='lat' dir='ltr'>iaceo</span> <span class='ocrx_word' id='word_1_167' title='bbox 1560 1511 1748 1566; x_wconf 85' lang='lat' dir='ltr'>supinus,</span> <span class='ocrx_word' id='word_1_168' title='bbox 1781 1523 1819 1553; x_wconf 84' lang='lat' dir='ltr'>et</span> <span class='ocrx_word' id='word_1_169' title='bbox 1841 1513 1933 1567; x_wconf 85' lang='lat' dir='ltr'>ipsa</span> 
     </span>
     <span class='ocr_line' id='line_1_21' title="bbox 103 1583 512 1638; baseline 0 -14"><span class='ocrx_word' id='word_1_170' title='bbox 103 1597 226 1638; x_wconf 89' lang='lat' dir='ltr'>super</span> <span class='ocrx_word' id='word_1_171' title='bbox 256 1598 321 1624; x_wconf 90' lang='lat' dir='ltr'>me</span> <span class='ocrx_word' id='word_1_172' title='bbox 354 1583 512 1625; x_wconf 85' lang='lat' dir='ltr'>crissat.</span> 
     </span>
    </p>

    <p class='ocr_par' dir='ltr' id='par_1_12' title="bbox 101 1657 1931 1859">
     <span class='ocr_line' id='line_1_22' title="bbox 213 1657 1931 1707; baseline 0.001 -8"><span class='ocrx_word' id='word_1_173' title='bbox 213 1658 277 1699; x_wconf 83' lang='lat'>51.</span> <span class='ocrx_word' id='word_1_174' title='bbox 313 1659 488 1700; x_wconf 68' lang='lat' dir='ltr'>Dimittit.</span> <span class='ocrx_word' id='word_1_175' title='bbox 549 1657 599 1697; x_wconf 80' lang='lat' dir='ltr'>Id</span> <span class='ocrx_word' id='word_1_176' title='bbox 622 1664 701 1698; x_wconf 84' lang='lat' dir='ltr'>est:</span> <span class='ocrx_word' id='word_1_177' title='bbox 736 1657 903 1697; x_wconf 73' lang='lat' dir='ltr'>(limittit</span> <span class='ocrx_word' id='word_1_178' title='bbox 934 1672 999 1698; x_wconf 91' lang='lat' dir='ltr'>me</span> <span class='ocrx_word' id='word_1_179' title='bbox 1030 1657 1241 1707; x_wconf 84' lang='lat' dir='ltr'>meretrix,</span> <span class='ocrx_word' id='word_1_180' title='bbox 1275 1657 1353 1699; x_wconf 87' lang='lat' dir='ltr'>hoc</span> <span class='ocrx_word' id='word_1_181' title='bbox 1384 1666 1457 1707; x_wconf 85' lang='lat' dir='ltr'>est,</span> <span class='ocrx_word' id='word_1_182' title='bbox 1491 1673 1593 1699; x_wconf 85' lang='lat' dir='ltr'>exeo</span> <span class='ocrx_word' id='word_1_183' title='bbox 1626 1659 1677 1699; x_wconf 84' lang='lat' dir='ltr'>de</span> <span class='ocrx_word' id='word_1_184' title='bbox 1709 1659 1810 1700; x_wconf 84' lang='lat' dir='ltr'>cella</span> <span class='ocrx_word' id='word_1_185' title='bbox 1844 1675 1931 1700; x_wconf 47' lang='lat' dir='ltr'>mea</span> 
     </span>
     <span class='ocr_line' id='line_1_23' title="bbox 101 1730 1931 1786; baseline 0.002 -16"><span class='ocrx_word' id='word_1_186' title='bbox 101 1730 274 1781; x_wconf 72' lang='lat' dir='ltr'>reti-icis,</span> <span class='ocrx_word' id='word_1_187' title='bbox 312 1746 447 1786; x_wconf 90' lang='lat' dir='ltr'>neque</span> <span class='ocrx_word' id='word_1_188' title='bbox 479 1731 589 1772; x_wconf 84' lang='lat' dir='ltr'>mala</span> <span class='ocrx_word' id='word_1_189' title='bbox 618 1730 816 1772; x_wconf 81' lang='lat' dir='ltr'>laborans</span> <span class='ocrx_word' id='word_1_190' title='bbox 847 1732 971 1780; x_wconf 83' lang='lat' dir='ltr'>fama,</span> <span class='ocrx_word' id='word_1_191' title='bbox 1018 1745 1153 1785; x_wconf 89' lang='lat' dir='ltr'>neque</span> <span class='ocrx_word' id='word_1_192' title='bbox 1185 1731 1400 1780; x_wconf 85' lang='lat' dir='ltr'>sollicitus,</span> <span class='ocrx_word' id='word_1_193' title='bbox 1432 1747 1483 1773; x_wconf 89' lang='lat' dir='ltr'>ne</span> <span class='ocrx_word' id='word_1_194' title='bbox 1515 1733 1619 1773; x_wconf 86' lang='lat' dir='ltr'>alter</span> <span class='ocrx_word' id='word_1_195' title='bbox 1650 1747 1715 1774; x_wconf 87' lang='lat' dir='ltr'>me</span> <span class='ocrx_word' id='word_1_196' title='bbox 1748 1741 1816 1774; x_wconf 89' lang='lat' dir='ltr'>aut</span> <span class='ocrx_word' id='word_1_197' title='bbox 1847 1734 1931 1774; x_wconf 84' lang='lat' dir='ltr'>for-</span> 
     </span>
     <span class='ocr_line' id='line_1_24' title="bbox 101 1804 1631 1859; baseline 0 -13"><span class='ocrx_word' id='word_1_198' title='bbox 101 1804 254 1846; x_wconf 83' lang='lat' dir='ltr'>mosior</span> <span class='ocrx_word' id='word_1_199' title='bbox 284 1814 354 1846; x_wconf 86' lang='lat' dir='ltr'>aut</span> <span class='ocrx_word' id='word_1_200' title='bbox 386 1805 512 1846; x_wconf 86' lang='lat' dir='ltr'>ditior</span> <span class='ocrx_word' id='word_1_201' title='bbox 544 1804 682 1859; x_wconf 83' lang='lat' dir='ltr'>capiat</span> <span class='ocrx_word' id='word_1_202' title='bbox 713 1819 850 1845; x_wconf 83' lang='lat' dir='ltr'>meam</span> <span class='ocrx_word' id='word_1_203' title='bbox 881 1804 1072 1845; x_wconf 84' lang='lat' dir='ltr'>amicam.</span> <span class='ocrx_word' id='word_1_204' title='bbox 1113 1805 1350 1846; x_wconf 71' lang='lat' dir='ltr'>sollicitam:</span> <span class='ocrx_word' id='word_1_205' title='bbox 1381 1805 1631 1846; x_wconf 86' lang='lat' dir='ltr'>Timentem.</span> 
     </span>
    </p>

    <p class='ocr_par' dir='ltr' id='par_1_13' title="bbox 102 1877 1932 1994">
     <span class='ocr_line' id='line_1_25' title="bbox 212 1877 1932 1935; baseline 0 -15"><span class='ocrx_word' id='word_1_206' title='bbox 212 1880 276 1920; x_wconf 83' lang='lat'>51.</span> <span class='ocrx_word' id='word_1_207' title='bbox 309 1880 374 1920; x_wconf 76' lang='lat'>52.</span> <span class='ocrx_word' id='word_1_208' title='bbox 405 1880 589 1920; x_wconf 75' lang='lat' dir='ltr'>nedstz&#39;or.</span> <span class='ocrx_word' id='word_1_209' title='bbox 648 1877 712 1918; x_wconf 89' lang='lat' dir='ltr'>Ne</span> <span class='ocrx_word' id='word_1_210' title='bbox 743 1877 937 1918; x_wconf 86' lang='lat' dir='ltr'>abutatur</span> <span class='ocrx_word' id='word_1_211' title='bbox 968 1877 1209 1919; x_wconf 77' lang='lat' dir='ltr'>meretrice:</span> <span class='ocrx_word' id='word_1_212' title='bbox 1242 1878 1459 1932; x_wconf 84' lang='lat' dir='ltr'>pulchrior</span> <span class='ocrx_word' id='word_1_213' title='bbox 1481 1886 1551 1919; x_wconf 85' lang='lat' dir='ltr'>aut</span> <span class='ocrx_word' id='word_1_214' title='bbox 1571 1879 1697 1921; x_wconf 87' lang='lat' dir='ltr'>ditior</span> <span class='ocrx_word' id='word_1_215' title='bbox 1717 1880 1805 1920; x_wconf 76' lang='lat' dir='ltr'>eius</span> <span class='ocrx_word' id='word_1_216' title='bbox 1836 1880 1932 1935; x_wconf 90' lang='lat' dir='ltr'>pul-</span> 
     </span>
     <span class='ocr_line' id='line_1_26' title="bbox 102 1951 782 1994; baseline -0.001 -2"><span class='ocrx_word' id='word_1_217' title='bbox 102 1951 334 1993; x_wconf 87' lang='lat' dir='ltr'>chritudine</span> <span class='ocrx_word' id='word_1_218' title='bbox 366 1952 594 1994; x_wconf 85' lang='lat' dir='ltr'>delectatus</span> <span class='ocrx_word' id='word_1_219' title='bbox 624 1951 782 1993; x_wconf 84' lang='lat' dir='ltr'>laboro.</span> 
     </span>
    </p>

    <p class='ocr_par' dir='ltr' id='par_1_14' title="bbox 99 2025 1929 2377">
     <span class='ocr_line' id='line_1_27' title="bbox 212 2025 1928 2083; baseline 0.001 -16"><span class='ocrx_word' id='word_1_220' title='bbox 212 2027 275 2068; x_wconf 83' lang='lat'>53.</span> <span class='ocrx_word' id='word_1_221' title='bbox 312 2027 372 2067; x_wconf 81' lang='lat' dir='ltr'>Tu</span> <span class='ocrx_word' id='word_1_222' title='bbox 404 2041 494 2068; x_wconf 76' lang='lat' dir='ltr'>eum</span> <span class='ocrx_word' id='word_1_223' title='bbox 507 2028 614 2083; x_wconf 66' lang='lat' dir='ltr'>pros.</span> <span class='ocrx_word' id='word_1_224' title='bbox 637 2028 781 2081; x_wconf 67' lang='lat' dir='ltr'>insiqn.</span> <span class='ocrx_word' id='word_1_225' title='bbox 842 2025 1061 2066; x_wconf 88' lang='lat' dir='ltr'>Inuehitur</span> <span class='ocrx_word' id='word_1_226' title='bbox 1092 2026 1133 2066; x_wconf 89' lang='lat' dir='ltr'>in</span> <span class='ocrx_word' id='word_1_227' title='bbox 1167 2026 1348 2080; x_wconf 87' lang='lat' dir='ltr'>equitem</span> <span class='ocrx_word' id='word_1_228' title='bbox 1381 2025 1617 2067; x_wconf 85' lang='lat' dir='ltr'>Romanum</span> <span class='ocrx_word' id='word_1_229' title='bbox 1651 2026 1740 2067; x_wconf 90' lang='lat' dir='ltr'>siue</span> <span class='ocrx_word' id='word_1_230' title='bbox 1772 2027 1814 2067; x_wconf 89' lang='lat' dir='ltr'>in</span> <span class='ocrx_word' id='word_1_231' title='bbox 1838 2026 1928 2068; x_wconf 83' lang='lat' dir='ltr'>Ho-</span> 
     </span>
     <span class='ocr_line' id='line_1_28' title="bbox 99 2098 1929 2155; baseline 0.001 -15"><span class='ocrx_word' id='word_1_232' title='bbox 99 2098 261 2150; x_wconf 85' lang='lat' dir='ltr'>ratium,</span> <span class='ocrx_word' id='word_1_233' title='bbox 295 2100 379 2154; x_wconf 86' lang='lat' dir='ltr'>qui,</span> <span class='ocrx_word' id='word_1_234' title='bbox 412 2100 601 2155; x_wconf 83' lang='lat' dir='ltr'>deposito</span> <span class='ocrx_word' id='word_1_235' title='bbox 632 2099 790 2149; x_wconf 84' lang='lat' dir='ltr'>habitu,</span> <span class='ocrx_word' id='word_1_236' title='bbox 823 2114 875 2140; x_wconf 90' lang='lat' dir='ltr'>ne</span> <span class='ocrx_word' id='word_1_237' title='bbox 907 2108 1197 2155; x_wconf 76' lang='lat' dir='ltr'>cognoscatur,</span> <span class='ocrx_word' id='word_1_238' title='bbox 1230 2099 1314 2139; x_wconf 87' lang='lat' dir='ltr'>exit</span> <span class='ocrx_word' id='word_1_239' title='bbox 1345 2099 1395 2139; x_wconf 88' lang='lat' dir='ltr'>de</span> <span class='ocrx_word' id='word_1_240' title='bbox 1427 2100 1633 2140; x_wconf 76' lang='lat' dir='ltr'>adulterio</span> <span class='ocrx_word' id='word_1_241' title='bbox 1665 2100 1827 2141; x_wconf 86' lang='lat' dir='ltr'>obtecto</span> <span class='ocrx_word' id='word_1_242' title='bbox 1860 2116 1929 2141; x_wconf 85' lang='lat' dir='ltr'>ca-</span> 
     </span>
     <span class='ocr_line' id='line_1_29' title="bbox 101 2172 1929 2230; baseline 0.001 -17"><span class='ocrx_word' id='word_1_243' title='bbox 101 2173 197 2228; x_wconf 86' lang='lat' dir='ltr'>pite,</span> <span class='ocrx_word' id='word_1_244' title='bbox 229 2189 280 2215; x_wconf 91' lang='lat' dir='ltr'>ne</span> <span class='ocrx_word' id='word_1_245' title='bbox 312 2175 405 2229; x_wconf 87' lang='lat' dir='ltr'>quis</span> <span class='ocrx_word' id='word_1_246' title='bbox 436 2174 553 2215; x_wconf 89' lang='lat' dir='ltr'>illum</span> <span class='ocrx_word' id='word_1_247' title='bbox 585 2174 738 2215; x_wconf 87' lang='lat' dir='ltr'>uideat.</span> <span class='ocrx_word' id='word_1_248' title='bbox 801 2174 922 2216; x_wconf 76' lang='lat' dir='ltr'>anulo</span> <span class='ocrx_word' id='word_1_249' title='bbox 954 2175 1134 2230; x_wconf 72' lang='lat' dir='ltr'>equestri.</span> <span class='ocrx_word' id='word_1_250' title='bbox 1174 2172 1271 2213; x_wconf 90' lang='lat' dir='ltr'>Non</span> <span class='ocrx_word' id='word_1_251' title='bbox 1301 2173 1453 2214; x_wconf 89' lang='lat' dir='ltr'>licebat</span> <span class='ocrx_word' id='word_1_252' title='bbox 1485 2174 1695 2230; x_wconf 86' lang='lat' dir='ltr'>equitibus</span> <span class='ocrx_word' id='word_1_253' title='bbox 1725 2174 1929 2216; x_wconf 83' lang='lat' dir='ltr'>Romanis</span> 
     </span>
     <span class='ocr_line' id='line_1_30' title="bbox 101 2247 1927 2304; baseline 0 -16"><span class='ocrx_word' id='word_1_254' title='bbox 101 2247 233 2289; x_wconf 84' lang='lat' dir='ltr'>anulis</span> <span class='ocrx_word' id='word_1_255' title='bbox 263 2249 335 2298; x_wconf 86' lang='lat' dir='ltr'>uti,</span> <span class='ocrx_word' id='word_1_256' title='bbox 382 2249 462 2290; x_wconf 89' lang='lat' dir='ltr'>nisi</span> <span class='ocrx_word' id='word_1_257' title='bbox 494 2264 517 2289; x_wconf 84' lang='lat' dir='ltr'>a</span> <span class='ocrx_word' id='word_1_258' title='bbox 549 2247 813 2304; x_wconf 85' lang='lat' dir='ltr'>praetoribus</span> <span class='ocrx_word' id='word_1_259' title='bbox 845 2247 988 2288; x_wconf 89' lang='lat' dir='ltr'>donati</span> <span class='ocrx_word' id='word_1_260' title='bbox 1018 2247 1211 2295; x_wconf 81' lang='lat' dir='ltr'>fuissent3</span> <span class='ocrx_word' id='word_1_261' title='bbox 1260 2247 1382 2288; x_wconf 75' lang='lat' dir='ltr'>anulo</span> <span class='ocrx_word' id='word_1_262' title='bbox 1429 2262 1530 2301; x_wconf 72' lang='lat' dir='ltr'>ergo</span> <span class='ocrx_word' id='word_1_263' title='bbox 1577 2250 1756 2302; x_wconf 68' lang='lat' dir='ltr'>equestri,</span> <span class='ocrx_word' id='word_1_264' title='bbox 1805 2262 1927 2302; x_wconf 88' lang='lat' dir='ltr'>quem</span> 
     </span>
     <span class='ocr_line' id='line_1_31' title="bbox 101 2320 1667 2377; baseline -0.001 -15"><span class='ocrx_word' id='word_1_265' title='bbox 101 2321 217 2374; x_wconf 85' lang='lat' dir='ltr'>quasi</span> <span class='ocrx_word' id='word_1_266' title='bbox 248 2336 374 2377; x_wconf 83' lang='lat' dir='ltr'>eques</span> <span class='ocrx_word' id='word_1_267' title='bbox 407 2323 539 2364; x_wconf 87' lang='lat' dir='ltr'>bonus</span> <span class='ocrx_word' id='word_1_268' title='bbox 569 2338 593 2363; x_wconf 86' lang='lat' dir='ltr'>a</span> <span class='ocrx_word' id='word_1_269' title='bbox 626 2329 817 2377; x_wconf 88' lang='lat' dir='ltr'>praetore</span> <span class='ocrx_word' id='word_1_270' title='bbox 849 2321 1050 2363; x_wconf 85' lang='lat' dir='ltr'>meruisti.</span> <span class='ocrx_word' id='word_1_271' title='bbox 1110 2322 1342 2375; x_wconf 68' lang='lat' dir='ltr'>insz&#39;qm&#39;bus.</span> <span class='ocrx_word' id='word_1_272' title='bbox 1375 2320 1667 2376; x_wconf 79' lang='lat' dir='ltr'>Ingenuitatis.</span> 
     </span>
    </p>
   </div>
   <div class='ocr_carea' id='block_1_4' title="bbox 214 2465 1929 2506">
    <p class='ocr_par' dir='ltr' id='par_1_15' title="bbox 214 2465 1929 2506">
     <span class='ocr_line' id='line_1_32' title="bbox 214 2465 1929 2506; baseline 0 -11"><span class='ocrx_word' id='word_1_273' title='bbox 214 2467 245 2506; x_wconf 89' lang='lat'>1)</span> <span class='ocrx_word' id='word_1_274' title='bbox 272 2467 386 2497; x_wconf 72' lang='lat' dir='ltr'>deleat.</span> <span class='ocrx_word' id='word_1_275' title='bbox 414 2472 445 2497; x_wconf 84' lang='lat' dir='ltr'>et</span> <span class='ocrx_word' id='word_1_276' title='bbox 469 2472 601 2497; x_wconf 66' lang='lat' dir='ltr'>sectatur</span> <span class='ocrx_word' id='word_1_277' title='bbox 625 2467 730 2496; x_wconf 77' lang='lat' dir='ltr'>odores</span> <span class='ocrx_word' id='word_1_278' title='bbox 756 2467 852 2505; x_wconf 86' lang='lat' dir='ltr'>pulm.</span> <span class='ocrx_word' id='word_1_279' title='bbox 880 2466 911 2495; x_wconf 85' lang='lat' dir='ltr'>C.</span> <span class='ocrx_word' id='word_1_280' title='bbox 938 2465 1050 2495; x_wconf 73' lang='lat' dir='ltr'>nidore.</span> <span class='ocrx_word' id='word_1_281' title='bbox 1076 2465 1180 2503; x_wconf 75' lang='lat' dir='ltr'>nidor,</span> <span class='ocrx_word' id='word_1_282' title='bbox 1220 2466 1296 2496; x_wconf 88' lang='lat' dir='ltr'>odor</span> <span class='ocrx_word' id='word_1_283' title='bbox 1323 2471 1370 2496; x_wconf 79' lang='lat' dir='ltr'>est</span> <span class='ocrx_word' id='word_1_284' title='bbox 1398 2470 1509 2505; x_wconf 77' lang='lat' dir='ltr'>gratus</span> <span class='ocrx_word' id='word_1_285' title='bbox 1536 2466 1662 2495; x_wconf 81' lang='lat' dir='ltr'>naribus</span> <span class='ocrx_word' id='word_1_286' title='bbox 1689 2466 1724 2499; x_wconf 73' lang='lat' dir='ltr'>C,</span> <span class='ocrx_word' id='word_1_287' title='bbox 1790 2466 1824 2504; x_wconf 91' lang='lat'>3)</span> <span class='ocrx_word' id='word_1_288' title='bbox 1853 2466 1929 2495; x_wconf 86' lang='lat' dir='ltr'>odo-</span> 
     </span>
    </p>
   </div>
   <div class='ocr_carea' id='block_1_5' title="bbox 100 2522 1928 2622">
    <p class='ocr_par' dir='ltr' id='par_1_16' title="bbox 100 2522 1928 2622">
     <span class='ocr_line' id='line_1_33' title="bbox 100 2522 1928 2565; baseline -0.001 -14"><span class='ocrx_word' id='word_1_289' title='bbox 100 2526 170 2551; x_wconf 77' lang='lat' dir='ltr'>rant</span> <span class='ocrx_word' id='word_1_290' title='bbox 191 2522 235 2552; x_wconf 84' lang='lat' dir='ltr'>fh.</span> <span class='ocrx_word' id='word_1_291' title='bbox 300 2525 335 2563; x_wconf 91' lang='lat'>4)</span> <span class='ocrx_word' id='word_1_292' title='bbox 362 2524 480 2554; x_wconf 86' lang='lat' dir='ltr'>Ebrius</span> <span class='ocrx_word' id='word_1_293' title='bbox 506 2534 531 2565; x_wconf 68' lang='grc' dir='ltr'>γ.</span> <span class='ocrx_word' id='word_1_294' title='bbox 558 2525 626 2553; x_wconf 87' lang='lat' dir='ltr'>rell.</span> <span class='ocrx_word' id='word_1_295' title='bbox 654 2533 713 2553; x_wconf 85' lang='lat' dir='ltr'>om.</span> <span class='ocrx_word' id='word_1_296' title='bbox 779 2524 812 2561; x_wconf 85' lang='lat'>5)</span> <span class='ocrx_word' id='word_1_297' title='bbox 841 2532 915 2561; x_wconf 81' lang='lat' dir='ltr'>ergo</span> <span class='ocrx_word' id='word_1_298' title='bbox 941 2533 999 2552; x_wconf 88' lang='lat' dir='ltr'>om.</span> <span class='ocrx_word' id='word_1_299' title='bbox 1026 2532 1051 2564; x_wconf 73' lang='grc' dir='ltr'>γ.</span> <span class='ocrx_word' id='word_1_300' title='bbox 1119 2523 1151 2561; x_wconf 76' lang='grc'>7)</span> <span class='ocrx_word' id='word_1_301' title='bbox 1178 2523 1265 2562; x_wconf 76' lang='lat' dir='ltr'>quasi</span> <span class='ocrx_word' id='word_1_302' title='bbox 1288 2533 1371 2561; x_wconf 78' lang='lat' dir='ltr'>mag.</span> <span class='ocrx_word' id='word_1_303' title='bbox 1398 2533 1425 2564; x_wconf 65' lang='grc' dir='ltr'>γ.</span> <span class='ocrx_word' id='word_1_304' title='bbox 1453 2524 1521 2553; x_wconf 85' lang='lat' dir='ltr'>rell.</span> <span class='ocrx_word' id='word_1_305' title='bbox 1560 2527 1587 2551; x_wconf 81' lang='lat' dir='ltr'>et</span> <span class='ocrx_word' id='word_1_306' title='bbox 1611 2522 1725 2559; x_wconf 80' lang='lat' dir='ltr'>magis.</span> <span class='ocrx_word' id='word_1_307' title='bbox 1766 2522 1810 2550; x_wconf 74' lang='lat' dir='ltr'>C:</span> <span class='ocrx_word' id='word_1_308' title='bbox 1838 2522 1928 2559; x_wconf 71' lang='lat' dir='ltr'>quasi</span> 
     </span>
     <span class='ocr_line' id='line_1_34' title="bbox 102 2577 1927 2622; baseline -0.001 -14"><span class='ocrx_word' id='word_1_309' title='bbox 102 2580 203 2618; x_wconf 82' lang='lat' dir='ltr'>magis</span> <span class='ocrx_word' id='word_1_310' title='bbox 227 2581 350 2610; x_wconf 80' lang='lat' dir='ltr'>sobrius</span> <span class='ocrx_word' id='word_1_311' title='bbox 377 2584 407 2610; x_wconf 87' lang='lat' dir='ltr'>et</span> <span class='ocrx_word' id='word_1_312' title='bbox 432 2580 596 2619; x_wconf 80' lang='lat' dir='ltr'>integrior.</span> <span class='ocrx_word' id='word_1_313' title='bbox 648 2581 681 2618; x_wconf 83' lang='lat'>8)</span> <span class='ocrx_word' id='word_1_314' title='bbox 710 2581 867 2609; x_wconf 81' lang='lat' dir='ltr'>inueneris</span> <span class='ocrx_word' id='word_1_315' title='bbox 893 2590 918 2621; x_wconf 77' lang='grc' dir='ltr'>γ.</span> <span class='ocrx_word' id='word_1_316' title='bbox 951 2597 987 2600; x_wconf 39' lang='grc' dir='ltr'>ψ-</span> <span class='ocrx_word' id='word_1_317' title='bbox 1014 2580 1126 2609; x_wconf 81' lang='lat' dir='ltr'>desine</span> <span class='ocrx_word' id='word_1_318' title='bbox 1151 2589 1211 2609; x_wconf 87' lang='lat' dir='ltr'>om.</span> <span class='ocrx_word' id='word_1_319' title='bbox 1236 2590 1262 2622; x_wconf 66' lang='grc' dir='ltr'>γ.</span> <span class='ocrx_word' id='word_1_320' title='bbox 1325 2581 1358 2618; x_wconf 81' lang='grc'>9)</span> <span class='ocrx_word' id='word_1_321' title='bbox 1387 2581 1509 2609; x_wconf 81' lang='lat' dir='ltr'>Nomen</span> <span class='ocrx_word' id='word_1_322' title='bbox 1551 2598 1577 2600; x_wconf 34' lang='lat' dir='ltr'><em>ff</em></span> <span class='ocrx_word' id='word_1_323' title='bbox 1605 2583 1649 2608; x_wconf 78' lang='lat' dir='ltr'>est</span> <span class='ocrx_word' id='word_1_324' title='bbox 1676 2588 1701 2619; x_wconf 81' lang='grc' dir='ltr'>γ,</span> <span class='ocrx_word' id='word_1_325' title='bbox 1729 2578 1809 2607; x_wconf 85' lang='lat' dir='ltr'>conf.</span> <span class='ocrx_word' id='word_1_326' title='bbox 1836 2577 1869 2607; x_wconf 90' lang='lat' dir='ltr'>C.</span> <span class='ocrx_word' id='word_1_327' title='bbox 1899 2582 1927 2607; x_wconf 84' lang='lat' dir='ltr'>et</span> 
     </span>
    </p>
   </div>
   <div class='ocr_carea' id='block_1_6' title="bbox 101 2634 1929 3129">
    <p class='ocr_par' dir='ltr' id='par_1_17' title="bbox 101 2634 1929 3129">
     <span class='ocr_line' id='line_1_35' title="bbox 102 2634 1927 2679; baseline -0.002 -14"><span class='ocrx_word' id='word_1_328' title='bbox 102 2644 160 2666; x_wconf 87' lang='lat' dir='ltr'>om.</span> <span class='ocrx_word' id='word_1_329' title='bbox 186 2636 333 2667; x_wconf 75' lang='lat' dir='ltr'>mvath.</span> <span class='ocrx_word' id='word_1_330' title='bbox 387 2638 440 2677; x_wconf 82' lang='lat'>10)</span> <span class='ocrx_word' id='word_1_331' title='bbox 465 2642 595 2667; x_wconf 79' lang='lat' dir='ltr'>uocatur</span> <span class='ocrx_word' id='word_1_332' title='bbox 619 2647 646 2679; x_wconf 70' lang='grc' dir='ltr'>γ.</span> <span class='ocrx_word' id='word_1_333' title='bbox 700 2637 754 2675; x_wconf 81' lang='grc'>12)</span> <span class='ocrx_word' id='word_1_334' title='bbox 782 2637 834 2666; x_wconf 82' lang='lat' dir='ltr'>Me</span> <span class='ocrx_word' id='word_1_335' title='bbox 859 2646 886 2678; x_wconf 74' lang='grc' dir='ltr'>γ.</span> <span class='ocrx_word' id='word_1_336' title='bbox 912 2637 980 2665; x_wconf 86' lang='lat' dir='ltr'>rell.</span> <span class='ocrx_word' id='word_1_337' title='bbox 1007 2646 1066 2666; x_wconf 87' lang='lat' dir='ltr'>om.</span> <span class='ocrx_word' id='word_1_338' title='bbox 1132 2638 1186 2675; x_wconf 87' lang='lat'>13)</span> <span class='ocrx_word' id='word_1_339' title='bbox 1213 2638 1331 2666; x_wconf 84' lang='lat' dir='ltr'>ueretri</span> <span class='ocrx_word' id='word_1_340' title='bbox 1357 2636 1424 2677; x_wconf 62' lang='lat' dir='ltr'>3¹‚C.</span> <span class='ocrx_word' id='word_1_341' title='bbox 1452 2637 1519 2665; x_wconf 90' lang='lat' dir='ltr'>rell.</span> <span class='ocrx_word' id='word_1_342' title='bbox 1547 2646 1607 2665; x_wconf 86' lang='lat' dir='ltr'>om.</span> <span class='ocrx_word' id='word_1_343' title='bbox 1671 2634 1725 2673; x_wconf 77' lang='lat'>14)</span> <span class='ocrx_word' id='word_1_344' title='bbox 1755 2634 1875 2663; x_wconf 70' lang='lat' dir='ltr'>scilicet</span> <span class='ocrx_word' id='word_1_345' title='bbox 1902 2644 1927 2675; x_wconf 63' lang='lat' dir='ltr'>&#39;i&#39;-</span> 
     </span>
     <span class='ocr_line' id='line_1_36' title="bbox 101 2688 1929 2734; baseline -0.002 -12"><span class='ocrx_word' id='word_1_346' title='bbox 101 2693 166 2723; x_wconf 85' lang='lat' dir='ltr'>rell.</span> <span class='ocrx_word' id='word_1_347' title='bbox 192 2696 312 2733; x_wconf 79' lang='lat' dir='ltr'>supple.</span> <span class='ocrx_word' id='word_1_348' title='bbox 364 2695 418 2734; x_wconf 87' lang='lat'>15)</span> <span class='ocrx_word' id='word_1_349' title='bbox 445 2705 540 2733; x_wconf 85' lang='lat' dir='ltr'>supra</span> <span class='ocrx_word' id='word_1_350' title='bbox 567 2705 635 2725; x_wconf 81' lang='lat' dir='ltr'>eam</span> <span class='ocrx_word' id='word_1_351' title='bbox 662 2704 731 2724; x_wconf 82' lang='lat' dir='ltr'>sum</span> <span class='ocrx_word' id='word_1_352' title='bbox 757 2688 1039 2732; x_wconf 59' lang='lat' dir='ltr'>slePloXeyo-aeoc</span> <span class='ocrx_word' id='word_1_353' title='bbox 1065 2690 1160 2724; x_wconf 66' lang='lat' dir='ltr'>Aetet</span> <span class='ocrx_word' id='word_1_354' title='bbox 1187 2694 1263 2732; x_wconf 76' lang='lat' dir='ltr'>(sic)</span> <span class='ocrx_word' id='word_1_355' title='bbox 1292 2703 1406 2732; x_wconf 84' lang='lat' dir='ltr'>equum</span> <span class='ocrx_word' id='word_1_356' title='bbox 1433 2697 1491 2723; x_wconf 85' lang='lat' dir='ltr'>etc.</span> <span class='ocrx_word' id='word_1_357' title='bbox 1519 2703 1545 2733; x_wconf 73' lang='lat'>&#39;»&#39;·</span> <span class='ocrx_word' id='word_1_358' title='bbox 1573 2692 1641 2721; x_wconf 81' lang='lat' dir='ltr'>rell.</span> <span class='ocrx_word' id='word_1_359' title='bbox 1668 2701 1728 2721; x_wconf 89' lang='lat' dir='ltr'>om.</span> <span class='ocrx_word' id='word_1_360' title='bbox 1783 2691 1837 2729; x_wconf 77' lang='grc'>16)</span> <span class='ocrx_word' id='word_1_361' title='bbox 1864 2700 1929 2719; x_wconf 86' lang='lat' dir='ltr'>me-</span> 
     </span>
     <span class='ocr_line' id='line_1_37' title="bbox 101 2746 1927 2793; baseline -0.002 -15"><span class='ocrx_word' id='word_1_362' title='bbox 101 2748 157 2779; x_wconf 77' lang='lat' dir='ltr'>taf.</span> <span class='ocrx_word' id='word_1_363' title='bbox 181 2760 207 2792; x_wconf 80' lang='grc' dir='ltr'>γ.</span> <span class='ocrx_word' id='word_1_364' title='bbox 274 2753 328 2790; x_wconf 81' lang='grc'>17)</span> <span class='ocrx_word' id='word_1_365' title='bbox 354 2752 483 2780; x_wconf 72' lang='lat' dir='ltr'>erisauit</span> <span class='ocrx_word' id='word_1_366' title='bbox 509 2762 534 2793; x_wconf 73' lang='grc' dir='ltr'>γ.</span> <span class='ocrx_word' id='word_1_367' title='bbox 562 2751 764 2780; x_wconf 86' lang='lat' dir='ltr'>scribendum</span> <span class='ocrx_word' id='word_1_368' title='bbox 790 2755 839 2780; x_wconf 82' lang='lat' dir='ltr'>est</span> <span class='ocrx_word' id='word_1_369' title='bbox 866 2754 919 2779; x_wconf 81' lang='lat' dir='ltr'>aut</span> <span class='ocrx_word' id='word_1_370' title='bbox 945 2750 1087 2779; x_wconf 71' lang='lat' dir='ltr'>crissault</span> <span class='ocrx_word' id='word_1_371' title='bbox 1111 2755 1166 2779; x_wconf 83' lang='lat' dir='ltr'>aut</span> <span class='ocrx_word' id='word_1_372' title='bbox 1193 2750 1361 2788; x_wconf 73' lang='lat' dir='ltr'>crispauit.</span> <span class='ocrx_word' id='word_1_373' title='bbox 1389 2749 1471 2779; x_wconf 82' lang='lat' dir='ltr'>conf.</span> <span class='ocrx_word' id='word_1_374' title='bbox 1498 2749 1583 2778; x_wconf 85' lang='lat' dir='ltr'>Pliu.</span> <span class='ocrx_word' id='word_1_375' title='bbox 1610 2748 1650 2783; x_wconf 87' lang='lat' dir='ltr'>II,</span> <span class='ocrx_word' id='word_1_376' title='bbox 1679 2748 1730 2776; x_wconf 77' lang='lat'>82.</span> <span class='ocrx_word' id='word_1_377' title='bbox 1758 2746 1927 2776; x_wconf 74' lang='lat' dir='ltr'>claudian.</span> 
     </span>
     <span class='ocr_line' id='line_1_38' title="bbox 101 2804 1928 2847; baseline -0.001 -13"><span class='ocrx_word' id='word_1_378' title='bbox 101 2804 244 2845; x_wconf 86' lang='lat' dir='ltr'>Proserp.</span> <span class='ocrx_word' id='word_1_379' title='bbox 270 2807 311 2844; x_wconf 84' lang='lat' dir='ltr'>II,</span> <span class='ocrx_word' id='word_1_380' title='bbox 341 2809 412 2836; x_wconf 87' lang='lat'>110.</span> <span class='ocrx_word' id='word_1_381' title='bbox 438 2808 557 2837; x_wconf 85' lang='lat' dir='ltr'>Arnob.</span> <span class='ocrx_word' id='word_1_382' title='bbox 586 2809 602 2837; x_wconf 85' lang='lat'><strong>7</strong></span> <span class='ocrx_word' id='word_1_383' title='bbox 630 2817 658 2845; x_wconf 78' lang='lat' dir='ltr'>p.</span> <span class='ocrx_word' id='word_1_384' title='bbox 686 2808 749 2836; x_wconf 80' lang='lat'>300</span> <span class='ocrx_word' id='word_1_385' title='bbox 776 2806 908 2836; x_wconf 83' lang='lat' dir='ltr'>Herald.</span> <span class='ocrx_word' id='word_1_386' title='bbox 936 2824 975 2827; x_wconf 50' lang='grc'>»-</span> <span class='ocrx_word' id='word_1_387' title='bbox 1003 2807 1078 2845; x_wconf 85' lang='lat' dir='ltr'>quia</span> <span class='ocrx_word' id='word_1_388' title='bbox 1103 2825 1145 2827; x_wconf 44' lang='grc' dir='ltr'>-ψ</span> <span class='ocrx_word' id='word_1_389' title='bbox 1171 2816 1289 2836; x_wconf 80' lang='lat' dir='ltr'>marem</span> <span class='ocrx_word' id='word_1_390' title='bbox 1316 2816 1376 2836; x_wconf 90' lang='lat' dir='ltr'>om.</span> <span class='ocrx_word' id='word_1_391' title='bbox 1403 2816 1429 2847; x_wconf 74' lang='grc' dir='ltr'>γ,</span> <span class='ocrx_word' id='word_1_392' title='bbox 1457 2806 1501 2834; x_wconf 72' lang='lat' dir='ltr'>Ut</span> <span class='ocrx_word' id='word_1_393' title='bbox 1527 2805 1601 2833; x_wconf 89' lang='lat' dir='ltr'>mul.</span> <span class='ocrx_word' id='word_1_394' title='bbox 1618 2821 1658 2824; x_wconf 82' lang='lat'>-—</span> <span class='ocrx_word' id='word_1_395' title='bbox 1678 2805 1778 2833; x_wconf 88' lang='lat' dir='ltr'>uirum</span> <span class='ocrx_word' id='word_1_396' title='bbox 1803 2813 1829 2845; x_wconf 64' lang='grc' dir='ltr'>γ.</span> <span class='ocrx_word' id='word_1_397' title='bbox 1858 2804 1928 2832; x_wconf 84' lang='lat' dir='ltr'>rell.</span> 
     </span>
     <span class='ocr_line' id='line_1_39' title="bbox 101 2860 1927 2903; baseline -0.001 -13"><span class='ocrx_word' id='word_1_398' title='bbox 101 2870 159 2891; x_wconf 88' lang='lat' dir='ltr'>om.</span> <span class='ocrx_word' id='word_1_399' title='bbox 187 2862 227 2892; x_wconf 83' lang='lat' dir='ltr'>G:</span> <span class='ocrx_word' id='word_1_400' title='bbox 253 2864 378 2903; x_wconf 65' lang='lat' dir='ltr'>agitauit</span> <span class='ocrx_word' id='word_1_401' title='bbox 402 2874 513 2902; x_wconf 76' lang='lat' dir='ltr'>equum.</span> <span class='ocrx_word' id='word_1_402' title='bbox 551 2864 600 2893; x_wconf 79' lang='lat' dir='ltr'>Me</span> <span class='ocrx_word' id='word_1_403' title='bbox 627 2865 884 2893; x_wconf 73' lang='lat' dir='ltr'>succumbentem</span> <span class='ocrx_word' id='word_1_404' title='bbox 913 2873 1008 2901; x_wconf 78' lang='lat' dir='ltr'>super</span> <span class='ocrx_word' id='word_1_405' title='bbox 1034 2863 1162 2892; x_wconf 71' lang='lat' dir='ltr'>crissata</span> <span class='ocrx_word' id='word_1_406' title='bbox 1189 2868 1247 2892; x_wconf 79' lang='lat' dir='ltr'>est.</span> <span class='ocrx_word' id='word_1_407' title='bbox 1287 2862 1428 2898; x_wconf 64' lang='lat' dir='ltr'>crissare,</span> <span class='ocrx_word' id='word_1_408' title='bbox 1454 2860 1609 2902; x_wconf 62' lang='grc' dir='ltr'>κνίζομαῑ,</span> <span class='ocrx_word' id='word_1_409' title='bbox 1637 2861 1746 2889; x_wconf 80' lang='lat' dir='ltr'>quen.</span> <span class='ocrx_word' id='word_1_410' title='bbox 1773 2860 1826 2896; x_wconf 69' lang='lat' dir='ltr'>vl,</span> <span class='ocrx_word' id='word_1_411' title='bbox 1853 2861 1927 2889; x_wconf 79' lang='lat'>321.</span> 
     </span>
     <span class='ocr_line' id='line_1_40' title="bbox 101 2917 1925 2959; baseline -0.002 -11"><span class='ocrx_word' id='word_1_412' title='bbox 101 2917 239 2948; x_wconf 82' lang='lat' dir='ltr'>Martial.</span> <span class='ocrx_word' id='word_1_413' title='bbox 264 2920 301 2957; x_wconf 86' lang='lat' dir='ltr'>X,</span> <span class='ocrx_word' id='word_1_414' title='bbox 329 2922 381 2957; x_wconf 78' lang='lat'>68,</span> <span class='ocrx_word' id='word_1_415' title='bbox 412 2923 448 2950; x_wconf 72' lang='lat'>10</span> <span class='ocrx_word' id='word_1_416' title='bbox 477 2926 505 2950; x_wconf 78' lang='lat' dir='ltr'>et</span> <span class='ocrx_word' id='word_1_417' title='bbox 530 2921 668 2958; x_wconf 73' lang='lat' dir='ltr'>crispare</span> <span class='ocrx_word' id='word_1_418' title='bbox 694 2921 776 2949; x_wconf 82' lang='lat' dir='ltr'>idem</span> <span class='ocrx_word' id='word_1_419' title='bbox 812 2920 877 2949; x_wconf 82' lang='lat' dir='ltr'>fere</span> <span class='ocrx_word' id='word_1_420' title='bbox 902 2921 1097 2959; x_wconf 81' lang='lat' dir='ltr'>significant.</span> <span class='ocrx_word' id='word_1_421' title='bbox 1136 2922 1293 2950; x_wconf 71' lang='lat' dir='ltr'>crassauit</span> <span class='ocrx_word' id='word_1_422' title='bbox 1323 2930 1385 2949; x_wconf 89' lang='lat' dir='ltr'>mv.</span> <span class='ocrx_word' id='word_1_423' title='bbox 1415 2919 1576 2957; x_wconf 72' lang='lat' dir='ltr'>qztassauit</span> <span class='ocrx_word' id='word_1_424' title='bbox 1602 2917 1743 2955; x_wconf 79' lang='lat' dir='ltr'>shQ(G).</span> <span class='ocrx_word' id='word_1_425' title='bbox 1812 2918 1865 2956; x_wconf 83' lang='lat'>18)</span> <span class='ocrx_word' id='word_1_426' title='bbox 1892 2917 1925 2945; x_wconf 82' lang='lat' dir='ltr'>Id</span> 
     </span>
     <span class='ocr_line' id='line_1_41' title="bbox 103 2967 1926 3018; baseline 0 -16"><span class='ocrx_word' id='word_1_427' title='bbox 103 2978 150 3003; x_wconf 86' lang='lat' dir='ltr'>est</span> <span class='ocrx_word' id='word_1_428' title='bbox 163 2993 201 2995; x_wconf 96' lang='lat'><strong>—</strong></span> <span class='ocrx_word' id='word_1_429' title='bbox 219 2967 327 3014; x_wconf 62' lang='lat' dir='ltr'>{gresat</span> <span class='ocrx_word' id='word_1_430' title='bbox 347 2978 405 3015; x_wconf 39' lang='lat' dir='ltr'>(sic</span> <span class='ocrx_word' id='word_1_431' title='bbox 427 2980 438 3006; x_wconf 95' lang='lat'>1</span> <span class='ocrx_word' id='word_1_432' title='bbox 461 2988 500 3007; x_wconf 88' lang='lat' dir='ltr'>m.</span> <span class='ocrx_word' id='word_1_433' title='bbox 520 2982 598 3007; x_wconf 88' lang='lat' dir='ltr'>mut.</span> <span class='ocrx_word' id='word_1_434' title='bbox 613 2981 717 3017; x_wconf 66' lang='lat' dir='ltr'>¹qresat</span> <span class='ocrx_word' id='word_1_435' title='bbox 736 2977 769 3006; x_wconf 88' lang='lat' dir='ltr'>in</span> <span class='ocrx_word' id='word_1_436' title='bbox 787 2976 912 3015; x_wconf 75' lang='lat' dir='ltr'>cresat).</span> <span class='ocrx_word' id='word_1_437' title='bbox 932 2978 1001 3006; x_wconf 87' lang='lat' dir='ltr'>rell.</span> <span class='ocrx_word' id='word_1_438' title='bbox 1020 2987 1080 3007; x_wconf 88' lang='lat' dir='ltr'>om.</span> <span class='ocrx_word' id='word_1_439' title='bbox 1099 2977 1259 3007; x_wconf 64' lang='lat' dir='ltr'>formosior-</span> <span class='ocrx_word' id='word_1_440' title='bbox 1275 2977 1350 3018; x_wconf 56' lang='lat'>7111.</span> <span class='ocrx_word' id='word_1_441' title='bbox 1370 2981 1464 3005; x_wconf 79' lang='lat' dir='ltr'>recte.</span> <span class='ocrx_word' id='word_1_442' title='bbox 1483 2974 1691 3013; x_wconf 75' lang='lat' dir='ltr'>rell.f0rti01·.</span> <span class='ocrx_word' id='word_1_443' title='bbox 1742 2974 1798 3012; x_wconf 73' lang='lat'>22)</span> <span class='ocrx_word' id='word_1_444' title='bbox 1826 2984 1926 3003; x_wconf 84' lang='lat' dir='ltr'>meam</span> 
     </span>
     <span class='ocr_line' id='line_1_42' title="bbox 102 3032 1925 3075; baseline -0.001 -15"><span class='ocrx_word' id='word_1_445' title='bbox 102 3032 231 3062; x_wconf 81' lang='lat' dir='ltr'>amicam</span> <span class='ocrx_word' id='word_1_446' title='bbox 255 3043 283 3075; x_wconf 78' lang='grc' dir='ltr'>γ.</span> <span class='ocrx_word' id='word_1_447' title='bbox 310 3034 377 3063; x_wconf 88' lang='lat' dir='ltr'>rell.</span> <span class='ocrx_word' id='word_1_448' title='bbox 404 3044 464 3064; x_wconf 74' lang='lat' dir='ltr'>am.</span> <span class='ocrx_word' id='word_1_449' title='bbox 491 3044 605 3065; x_wconf 81' lang='lat' dir='ltr'>meam.</span> <span class='ocrx_word' id='word_1_450' title='bbox 633 3051 673 3056; x_wconf 82' lang='lat'>-—-</span> <span class='ocrx_word' id='word_1_451' title='bbox 700 3035 881 3069; x_wconf 79' lang='lat' dir='ltr'>timentem,</span> <span class='ocrx_word' id='word_1_452' title='bbox 908 3044 947 3063; x_wconf 86' lang='lat' dir='ltr'>ne</span> <span class='ocrx_word' id='word_1_453' title='bbox 973 3035 1058 3064; x_wconf 79' lang='lat' dir='ltr'>alius</span> <span class='ocrx_word' id='word_1_454' title='bbox 1084 3043 1121 3063; x_wconf 84' lang='lat' dir='ltr'>ea</span> <span class='ocrx_word' id='word_1_455' title='bbox 1145 3038 1256 3063; x_wconf 85' lang='lat' dir='ltr'>utatur</span> <span class='ocrx_word' id='word_1_456' title='bbox 1283 3035 1317 3062; x_wconf 63' lang='lat' dir='ltr'>(J.</span> <span class='ocrx_word' id='word_1_457' title='bbox 1380 3033 1436 3071; x_wconf 71' lang='lat'>23)</span> <span class='ocrx_word' id='word_1_458' title='bbox 1464 3032 1568 3061; x_wconf 66' lang='lat' dir='ltr'>Ne·—</span> <span class='ocrx_word' id='word_1_459' title='bbox 1585 3032 1693 3061; x_wconf 82' lang='lat' dir='ltr'>labora</span> <span class='ocrx_word' id='word_1_460' title='bbox 1717 3042 1743 3073; x_wconf 67' lang='grc' dir='ltr'>γ.</span> <span class='ocrx_word' id='word_1_461' title='bbox 1772 3032 1839 3061; x_wconf 82' lang='lat' dir='ltr'>rell.</span> <span class='ocrx_word' id='word_1_462' title='bbox 1867 3042 1925 3061; x_wconf 82' lang='lat' dir='ltr'>om.</span> 
     </span>
     <span class='ocr_line' id='line_1_43' title="bbox 103 3087 1927 3129; baseline -0.001 -11"><span class='ocrx_word' id='word_1_463' title='bbox 103 3087 157 3127; x_wconf 83' lang='lat'>25)</span> <span class='ocrx_word' id='word_1_464' title='bbox 182 3089 291 3120; x_wconf 84' lang='lat' dir='ltr'>Inueh.</span> <span class='ocrx_word' id='word_1_465' title='bbox 316 3095 465 3129; x_wconf 66' lang='lat' dir='ltr'>tamquam</span> <span class='ocrx_word' id='word_1_466' title='bbox 491 3091 521 3120; x_wconf 83' lang='lat' dir='ltr'>iu</span> <span class='ocrx_word' id='word_1_467' title='bbox 549 3090 585 3120; x_wconf 80' lang='lat' dir='ltr'>C.</span> <span class='ocrx_word' id='word_1_468' title='bbox 612 3094 832 3129; x_wconf 80' lang='lat' dir='ltr'>cognoscatur,</span> <span class='ocrx_word' id='word_1_469' title='bbox 862 3096 1026 3122; x_wconf 82' lang='lat' dir='ltr'>matronas</span> <span class='ocrx_word' id='word_1_470' title='bbox 1054 3096 1197 3122; x_wconf 81' lang='lat' dir='ltr'>sectatur</span> <span class='ocrx_word' id='word_1_471' title='bbox 1224 3091 1412 3128; x_wconf 77' lang='lat' dir='ltr'>obtectoque</span> <span class='ocrx_word' id='word_1_472' title='bbox 1439 3089 1544 3127; x_wconf 72' lang='lat' dir='ltr'>capite</span> <span class='ocrx_word' id='word_1_473' title='bbox 1569 3089 1768 3118; x_wconf 83' lang='lat' dir='ltr'>adulteratur</span> <span class='ocrx_word' id='word_1_474' title='bbox 1786 3088 1819 3117; x_wconf 81' lang='lat' dir='ltr'>C.</span> <span class='ocrx_word' id='word_1_475' title='bbox 1870 3088 1927 3125; x_wconf 68' lang='lat'>¹29)</span> 
     </span>
    </p>
   </div>
   <div class='ocr_carea' id='block_1_7' title="bbox 102 3141 586 3189">
    <p class='ocr_par' dir='ltr' id='par_1_18' title="bbox 102 3141 586 3189">
     <span class='ocr_line' id='line_1_44' title="bbox 102 3141 586 3189; baseline 0.012 -18"><span class='ocrx_word' id='word_1_476' title='bbox 102 3141 312 3181; x_wconf 63' lang='lat' dir='ltr'>Ingenuitltis</span> <span class='ocrx_word' id='word_1_477' title='bbox 335 3146 402 3189; x_wconf 67' lang='lat' dir='ltr'>-(,C.</span> <span class='ocrx_word' id='word_1_478' title='bbox 429 3148 497 3177; x_wconf 87' lang='lat' dir='ltr'>rell.</span> <span class='ocrx_word' id='word_1_479' title='bbox 525 3158 586 3178; x_wconf 90' lang='lat' dir='ltr'>om.</span> 
     </span>
    </p>
   </div>
   <div class='ocr_carea' id='block_1_8' title="bbox 1967 935 2002 966">
    <p class='ocr_par' dir='ltr' id='par_1_19' title="bbox 1967 935 2002 966">
     <span class='ocr_line' id='line_1_45' title="bbox 1967 935 2002 966; baseline -0.029 0"><span class='ocrx_word' id='word_1_480' title='bbox 1967 935 2002 966; x_wconf 80' lang='lat' dir='ltr'>lo</span> 
     </span>
    </p>
   </div>
   <div class='ocr_carea' id='block_1_9' title="bbox 1964 1302 2000 1332">
    <p class='ocr_par' dir='ltr' id='par_1_20' title="bbox 1964 1302 2000 1332">
     <span class='ocr_line' id='line_1_46' title="bbox 1964 1302 2000 1332; baseline -0.028 0"><span class='ocrx_word' id='word_1_481' title='bbox 1964 1302 2000 1332; x_wconf 83' lang='lat'>15</span> 
     </span>
    </p>
   </div>
   <div class='ocr_carea' id='block_1_10' title="bbox 1959 1669 2000 1700">
    <p class='ocr_par' dir='ltr' id='par_1_21' title="bbox 1959 1669 2000 1700">
     <span class='ocr_line' id='line_1_47' title="bbox 1959 1669 2000 1700; baseline 0.024 -1"><span class='ocrx_word' id='word_1_482' title='bbox 1959 1669 2000 1700; x_wconf 80' lang='lat'>20</span> 
     </span>
    </p>
   </div>
  </div>
 </body>
</html>
