2148 3412
799 149 848 182 IN
874 149 1018 183 EPIST.
1044 150 1070 188 1⁷
1099 153 1149 182 18.
1806 140 1888 181 475

171 273 345 328 pretium
366 279 476 313 aetas
496 272 631 314 altera.
692 270 871 314 Sensus:
908 272 1004 315 nolo
1034 273 1216 328 pretium
1247 273 1491 316 renascendi
1522 280 1560 315 et
1592 289 1743 315 munus
1774 273 1889 316 acei-

68 358 180 400 pere,
211 351 257 385 ut
286 360 371 387 non
401 344 553 395 dicam,
585 344 698 399 quod
728 346 873 396 sentio,
905 346 984 388 hoc
1005 354 1078 397 est,
1110 361 1189 388 nee
1210 346 1292 388 alia
1312 347 1397 388 uita
1418 347 1522 389 tanti
1543 355 1617 398 est,
1649 354 1693 389 ut
1713 354 1888 397 taceam,

69 417 180 472 quod
212 418 358 459 sentio.

181 492 245 532 19.
276 491 503 546 Ambiqz'tur
523 492 619 548 quid
639 493 772 533 enim?
827 491 884 532 Et
914 492 966 533 de
995 491 1076 533 hac
1106 507 1150 534 re
1181 494 1389 535 contentio
1419 501 1491 535 est.
1552 494 1603 535 In
1625 494 1772 535 eadem
1802 508 1890 535 me-

67 563 243 619 taphora
273 564 473 619 perdurat
504 564 557 606 de
586 564 684 605 lana
715 564 900 620 caprina.
960 564 1057 606 Hoc
1087 565 1303 607 Horatius.
1362 566 1431 608 De
1472 581 1556 621 qua
1594 582 1638 608 re
1678 575 1890 609 certamen

67 637 178 679 enim
206 637 347 688 habet,
378 645 423 679 ut
452 637 602 680 merito
632 638 791 679 rixetur
822 653 914 680 cum
948 638 1096 689 amico,
1129 639 1286 681 seilicet
1317 640 1368 682 de
1399 639 1704 696 gladiatoribus
1724 647 1763 682 et
1784 655 1890 696 pan-

67 710 262 753 tomimis.

185 785 321 826 Castor
350 787 451 830 sciat
489 800 542 827 an
576 786 732 831 Docilis
759 786 864 842 plus.
944 785 1116 828 Famosi
1153 786 1266 829 illius
1302 787 1503 842 temporis
1541 787 1809 842 gladiatores,
1853 794 1892 828 et

67 857 144 900 hoc
173 872 326 900 nomen
356 858 590 914 proprium.

177 933 242 974 28.
274 947 383 973 meae
401 957 452 962 —
469 933 704 974 contendere
723 932 877 974 noli—
899 933 1120 975 stultitiam
1140 943 1223 990 pat.
1245 950 1345 991 opes.
1414 933 1559 975 Verba
1589 933 1796 975 monentis
1827 934 1891 974 di-

68 1004 176 1047 uitis.
239 1003 379 1047 Ordo:
426 1020 545 1047 meae
575 1020 676 1060 opes
708 1005 924 1047 stultitiam
955 1006 1182 1061 patiuntur.
1243 1008 1338 1049 Nole¹
1367 1008 1604 1049 contendere
1633 1021 1711 1062 per
1740 1021 1891 1062 paren-

66 1078 203 1120 thesin
241 1078 457 1120 insertum.

177 1153 242 1193 19.
274 1151 492 1194 stultitiam
517 1153 733 1208 patiuntur
764 1167 866 1208 opes.
930 1151 1119 1209 [Opibus
1150 1168 1375 1208 compenso
1407 1155 1625 1196 stultitiam
1655 1154 1824 1211 meam]

178 1226 243 1266 30.
276 1227 379 1266 Arta
410 1226 517 1267 decet
547 1240 692 1267 smzum
724 1241 820 1267 com.
855 1234 957 1280 [oya.
1030 1225 1144 1268 Arta.
1180 1226 1364 1268 Modica.
1396 1226 1626 1269 Habebant
1657 1228 1768 1269 enim
1798 1227 1892 1269 An-

65 1297 175 1353 tiqui
201 1297 380 1355 [patres]
414 1313 490 1354 pro
522 1299 721 1354 qualitate
751 1314 879 1354 opum
910 1306 1043 1355 togas,
1075 1314 1183 1354 quae
1214 1306 1332 1340 erant
1363 1299 1427 1341 bis
1458 1307 1520 1341 ter
1550 1300 1757 1342 ulnarum.

178 1372 244 1412 31.
279 1372 538 1428 Eutrapelus,
587 1374 819 1428 cue'cmnque
840 1387 926 1414 noc.
960 1373 1040 1414 uol.
1100 1371 1221 1414 Haec
1253 1372 1467 1428 cogitabat
1496 1372 1766 1429 Eutrapelus,
1799 1388 1894 1415 eum

65 1444 225 1500 aliquid
270 1445 445 1487 donaret
481 1445 676 1501 inimicis.
751 1445 1007 1501 Eutrapelus
1043 1445 1196 1487 dicitur
1236 1447 1362 1488 fuisse
1400 1447 1484 1489 illis
1528 1447 1788 1502 temporibus
1832 1447 1894 1489 lo·

65 1518 222 1574 ouples,
265 1518 332 1560 cui
376 1519 455 1561 hoc
501 1519 714 1574 epitheton
760 1519 988 1573 inpositum
1020 1519 1186 1570 dicitur,
1234 1520 1430 1574 quoniam
1462 1520 1623 1562 solebat
1652 1521 1761 1562 inter
1791 1535 1894 1562 uen-

66 1592 249 1633 dendum
279 1607 363 1634 non
393 1592 602 1634 inurbane
632 1592 764 1634 iocari
795 1599 866 1633 aut
895 1592 938 1633 in
969 1607 1172 1648 personas
1192 1593 1339 1634 uilium
1361 1593 1577 1636 hominum
1600 1601 1669 1635 aut
1690 1594 1734 1635 in
1756 1585 1895 1636 scruta

66 1665 176 1721 ipsa3
208 1665 386 1708 nocebat
416 1673 556 1708 autem
586 1665 851 1715 liberalitate,
883 1672 927 1706 ut
957 1666 1084 1707 refert
1113 1665 1331 1708 Horatius.

178 1741 244 1781 32.
276 1740 413 1782 beatus
444 1741 548 1782 enim
578 1741 670 1781 ium.
733 1739 906 1796 [Beatus
945 1739 1058 1790 dicit,
1107 1739 1305 1794 quoniam
1350 1747 1533 1782 mutatur
1578 1741 1743 1783 animus
1787 1756 1893 1797 pau-

66 1826 212 1868 perum
242 1813 471 1855 mutatione
502 1812 642 1855 uestis.

177 1888 244 1928 34.
274 1887 340 1929 35.
372 1887 579 1929 honestum
611 1887 813 1942 Officium.
894 1884 1036 1942 [Sicut
1064 1885 1233 1936 nobilis,
1281 1886 1347 1928 cui
1392 1886 1608 1929 honestate
1652 1895 1714 1929 est
1759 1887 1896 1930 carius

67 1960 281 2017 scortum]

1920 943 1959 974 10

1922 1309 1960 1339 15

1918 1675 1961 1707 20

177 2034 244 2076 35.
276 2035 342 2076 36.
375 2048 484 2075 num.
517 2034 569 2075 al.
597 2041 744 2091 pascet,
782 2034 836 2075 ud
865 2034 991 2075 imum
1024 2034 1061 2075 T
1059 2033 1169 2074 hraoe
1200 2035 1275 2075 erz't
1304 2042 1377 2075 aut
1405 2034 1604 2075 holitoris.
1683 2034 1893 2076 Auctora—
1921 2043 1961 2073 25

67 2106 219 2165 bit(ur)
250 2107 357 2150 sein
378 2107 538 2158 ludum,
570 2114 616 2150 ut
636 2107 688 2150 sit
709 2106 932 2163 gladiator,
968 2113 1013 2148 ut
1042 2114 1137 2149 sunt
1167 2106 1365 2150 Thraces.
1426 2107 1630 2150 Holz'tores
1661 2114 1798 2149 autem
1829 2108 1894 2149 di-

183 2304 216 2344 1)
242 2303 363 2334 Sensus
379 2322 419 2324 —
433 2304 538 2334 sentio
556 2313 580 2345 γ.
600 2303 670 2333 rell.
689 2312 749 2333 om.
799 2303 834 2342 2)
859 2306 959 2332 utrum
976 2303 1081 2332 dicam
1099 2302 1128 2331 b.
1149 2302 1214 2332 alia
1231 2302 1355 2332 uitandi
1373 2312 1399 2343 γ.
1420 2302 1483 2332 alia
1501 2303 1570 2332 uita
1587 2303 1678 2332 tandi
1696 2302 1725 2331 b.
1774 2300 1811 2341 4)
1836 2301 1896 2330 Fa-

68 2361 383 2399 mosi—proprium
407 2361 457 2403 γὶ).
477 2361 547 2391 rell.
567 2370 627 2390 om.
654 2359 694 2390 cf.
722 2359 755 2389 C.
781 2359 970 2398 gladiatoris
994 2360 1042 2400 γὶ).
1067 2358 1171 2389 docilis
1188 2358 1261 2397 plus
1286 2369 1367 2389 omn.
1393 2359 1458 2388 fere
1476 2359 1566 2389 codd.
1591 2358 1733 2395 Horatii,
1758 2357 1895 2387 Acronis

69 2421 101 2447 et
117 2417 352 2457 Porphyrionis
378 2416 469 2456 (uide
488 2416 589 2456 infra)
615 2420 708 2456 atque
733 2417 878 2454 inscript.
905 2416 1022 2446 Mutin.
1048 2425 1099 2453 ap.
1127 2414 1258 2445 cardin.
1285 2416 1427 2453 Diplom.
1454 2425 1482 2453 p.
1513 2416 1585 2444 182.
1611 2414 1652 2446 ef.
1681 2414 1722 2445 C:
1758 2416 1811 2435 ‘—
1836 2413 1896 2443 Ca-

70 2478 135 2504 stor
171 2478 203 2505 et
238 2474 379 2504 Dolichos
417 2478 508 2504 erant
546 2475 611 2504 illis
648 2474 845 2512 temporibus
883 2473 1007 2502 nobiles
1043 2472 1263 2510 gladiatores.y
1328 2473 1362 2510 6)
1389 2472 1433 2501 Et
1456 2473 1495 2501 de
1531 2472 1591 2500 hac
1621 2489 1660 2492 »-
1688 2471 1822 2509 caprina
1858 2471 1896 2512 γΙ)

70 2530 184 2570 (peryit
207 2534 240 2561 et
263 2531 330 2569 de).
396 2532 429 2570 7)
455 2531 524 2561 Hoc
549 2530 756 2569 pantomimis
780 2530 830 2571 γῐ).
855 2530 925 2559 rell.
951 2538 1012 2559 om.
1038 2528 1122 2558 conf.
1150 2527 1186 2559 C.
1221 2530 1240 2558 b
1266 2529 1447 2567 praemittit
1473 2529 1566 2558 haec:
1607 2526 1726 2557 ‘Castor
1750 2526 1810 2556 siat
1835 2526 1897 2565 (sie

70 2596 109 2617 m.
135 2587 177 2626 s.)
204 2597 244 2616 an
268 2587 373 2617 docilis
392 2587 472 2626 plus.
499 2586 616 2618 Castor
641 2590 673 2617 et
696 2586 810 2617 docilis
835 2586 987 2616 isti-iones
1012 2584 1141 2616 fuerunt
1166 2587 1206 2615 de
1231 2587 1346 2624 quibus
1371 2586 1470 2615 amari
1488 2586 1632 2616 homines
1651 2585 1797 2614 solebant
1823 2592 1897 2613 con-

70 2644 204 2674 tendere
229 2645 303 2683 quis
329 2654 438 2675 eorum
464 2645 588 2675 doctior
613 2648 710 2681 esset,
737 2644 828 2682 quasi
855 2646 890 2673 ut
916 2643 1129 2673 dubitaretur.
1157 2641 1236 2673 Cum
1260 2643 1377 2672 amaris
1402 2643 1507 2672 uerbis
1533 2641 1706 2679 respondet
1730 2640 1789 2670 hoi-
1815 2638 1896 2678 (Ho-

71 2701 186 2741 ratius)
211 2701 331 2731 dicens.
378 2701 565 2740 Ambigitur
590 2703 611 2731 i.
639 2702 805 2731 dubitatur
829 2710 847 2729 a
872 2709 921 2729 me
946 2700 1001 2738 qui
1026 2700 1170 2738 pertinet
1199 2700 1237 2729 de
1265 2699 1454 2729 brundusio.
1494 2703 1600 2728 utrum
1637 2697 1678 2727 ad
1715 2696 1804 2726 illum
1840 2705 1898 2734 per

71 2758 156 2786 uiam
180 2759 297 2795 opiam.
325 2757 478 2787 Horatius
504 2758 544 2787 de
570 2767 631 2797 qua
656 2758 699 2787 re'
727 2761 786 2787 etc.
840 2758 894 2796 10)
920 2757 1027 2786 Verba
1053 2774 1091 2777 —-
1120 2757 1277 2786 insertum
1302 2755 1393 2797 ·(b,C.
1419 2756 1489 2785 rell.
1509 2765 1569 2785 om.
1622 2753 1677 2791 13)
1705 2753 1829 2791 Opibus
1854 2770 1896 2773 —-

71 2822 176 2844 meam
200 2824 261 2844 om.
280 2815 330 2856 γῐ).
357 2814 440 2844 conf.
458 2814 576 2852 Porph.
636 2814 691 2853 14)
716 2813 844 2843 Modica
869 2812 938 2855 -s,C.
964 2813 1034 2842 rell.
1061 2822 1123 2843 om.
1150 2812 1270 2842 Habent
1292 2822 1318 2854 γ.
1338 2813 1406 2841 rell.
1432 2811 1604 2841 Habebunt.
1631 2814 1738 2847 patres
1762 2818 1823 2839 om.
1848 2809 1896 2850 γ’ῠ.

73 2870 155 2900 conf.
183 2870 224 2901 C:
241 2889 279 2892 ——
295 2871 346 2900 bis
370 2874 432 2907 ter,
458 2871 492 2900 id
517 2874 577 2907 est,
603 2879 662 2900 sex
688 2871 837 2900 ulnarum
862 2870 914 2899 uel
940 2870 1091 2908 quinque.
1158 2870 1213 2908 16)
1238 2869 1328 2898 Haec
1352 2878 1412 2899 om.
1439 2867 1476 2903 Q.
1504 2866 1688 2904 eutrapclus
1712 2864 1802 2909 ⁸{b,C.
1829 2866 1899 2895 rell.

73 2934 133 2956 om.
159 2936 225 2956 cwm
248 2926 327 2969 7b70
353 2926 399 2965 (Q
424 2927 520 2957 tacite
546 2936 587 2956 ex
606 2926 658 2965 C).
711 2927 765 2966 17)
790 2926 926 2957 inimicis
950 2927 999 2968 γὴ.
1026 2926 1158 2956 inimico
1183 2924 1219 2962 C7
1248 2935 1341 2964 quem
1367 2924 1448 2955 conf.
1476 2923 1544 2952 rell.
1570 2922 1897 2960 amicis.——Eutrap.

73 2982 190 3012 dicitur
212 2983 314 3013 fuisse
340 3001 380 3005 —-
405 2983 561 3014 Horatius
593 2982 661 3025 Y’C·
689 2983 757 3012 rell.
785 2993 846 3013 om.
908 2981 966 3022 20)
992 2984 1065 3022 ipsa
1087 2983 1223 3013 nocebat
1248 2985 1304 3011 aut
1327 2982 1383 3011 lib.
1409 2980 1467 3010 ref.
1492 2979 1570 3009 Hor.
1596 2987 1622 3021 γ.
1648 2979 1735 3017 ipsa3
1762 2979 1900 3009 nocebat

73 3043 169 3069 autem
191 3040 245 3069 lib.
270 3043 303 3070 ut
325 3039 382 3070 ref.
408 3040 487 3070 Hor.
514 3039 550 3070 C.
613 3039 671 3078 21)
699 3039 820 3069 Beatus
848 3057 886 3060 ss—
914 3040 1014 3077 uestis
1039 3049 1101 3070 om.
1127 3039 1176 3081 «sb.
1241 3039 1298 3077 23)
1325 3037 1416 3068 Sicut
1441 3040 1627 3066 —scortum
1651 3045 1712 3066 om.
1738 3035 1787 3077 γὶ).
1813 3032 1898 3064 conf.

74 3093 116 3124 C:
142 3095 212 3126 ‘hoc
238 3099 298 3134 est,
324 3099 465 3127 scortum
490 3096 551 3127 erit
576 3097 605 3126 ei
630 3096 746 3134 carius,
773 3105 868 3134 quam
894 3095 967 3126 hon.
993 3095 1146 3127 officium.
1202 3093 1259 3133 25)
1284 3093 1517 3124 Auctorabitur
1535 3110 1577 3116 --
1594 3091 1729 3123 caballos
1752 3091 1802 3134 γῑ).
1827 3089 1897 3121 rell.

75 3159 136 3180 om.
162 3151 244 3182 conf.
271 3150 307 3183 C.
333 3150 459 3183 olitores
485 3168 526 3173 ..-
552 3151 674 3182 olerum
699 3151 748 3193 yb.
