2148 3412
129 954 165 984 10

131 1321 166 1351 15

130 2054 170 2085 25

188 153 270 194 476
821 161 923 193 ACR.
950 161 1010 193 ET
1038 160 1203 193 Pom’H.
1229 160 1376 194 coMM.

189 294 338 328 cuntur
366 284 555 326 holerum
587 283 834 326 uenditores.
905 282 1025 325 Sicut
1055 283 1154 325 olim
1194 284 1388 326 uenditor
1424 290 1512 326 erat
1541 283 1742 334 holerum,
1788 284 1846 325 ita
1875 297 2007 339 nego-

189 359 285 400 tiari
316 357 490 413 incipiet
520 364 557 398 et
589 357 770 399 uendere
801 356 997 398 caballos.

304 431 470 488 [Thraoe
503 433 588 473 erit.
650 429 884 480 Gladiator‚
917 430 1121 480 retiarius,
1151 430 1362 481 mirmillo,
1394 438 1570 472 secutor.
1629 432 1708 472 Aut
1738 430 1915 472 holitoris
1946 444 2009 485 aq.

189 519 306 547 merc.
340 505 554 546 caballum.
623 502 797 546 Sensus:
842 494 930 546 Aut
976 503 1199 559 gladiatur,
1245 512 1313 544 aut
1359 503 1641 545 mercenarius
1686 503 1764 545 erit
1806 503 2008 544 holitoris.

189 578 532 628 Prouerbialiter,
579 592 622 619 se
653 578 696 619 in
740 578 882 619 ludum
928 577 1104 619 lanistae
1149 576 1279 627 dabit,
1316 583 1361 617 ut
1405 576 1457 618 sit
1501 576 1722 631 gladiator,
1768 577 1874 618 sicut
1917 582 2012 618 sunt

190 651 390 693 Thraces.
450 650 666 693 Holitores
697 658 833 693 autem
863 651 1059 692 dicuntur
1088 650 1276 691 holerum
1306 649 1558 691 uenditores.
1629 648 1749 691 Sicut
1778 649 1878 691 olim
1908 663 2010 691 uen-

189 725 300 767 ditor
330 732 417 766 erat
448 725 652 775 holerum,
683 725 741 766 ita
771 724 1006 780 negotiator
1036 723 1210 778 incipiet
1240 723 1423 764 uendere
1454 722 1696 779 caballum]

306 800 342 840 T
340 798 449 840 ltraae
479 800 563 840 erit.
627 795 848 840 Gladiator
877 796 1041 847 retium,
1073 812 1157 839 non
1189 797 1352 851 (nanff)
1374 795 1572 839 mirmillo
1594 803 1769 838 secutor.
1831 794 2010 838 Sensus:

195 878 265 914 aut
295 871 518 927 gladiator,
550 877 621 912 aut
650 871 933 913 mercenarius
964 870 1053 911 erit.

307 944 392 1001 [38.
430 945 753 1000 Conmz'ssumque
775 953 884 999 [eyes.
961 943 1012 985 Id
1043 951 1122 985 est:
1155 942 1208 984 ab
1240 942 1374 984 amico
1405 942 1566 998 aliquid
1597 942 1755 985 dictum
1785 942 1913 984 debes
1945 955 2012 984 ce-

193 1018 312 1074 lare]

303 1092 399 1133 uino
430 1100 558 1133 tortus
589 1100 625 1133 et
654 1093 730 1133 ira.
790 1089 872 1132 His
903 1089 1015 1131 enini
1045 1089 1175 1131 multa
1205 1096 1365 1130 secreta
1395 1089 1596 1143 pandunt.

305 1179 395 1206 cum
424 1166 572 1206 uenam·
598 1165 703 1207 uolet
732 1164 808 1206 ille.
882 1162 1009 1205 Unde
1039 1177 1089 1205 ex
1120 1162 1185 1204 his
1221 1162 1399 1204 rusticus
1438 1162 1514 1204 fuit
1554 1163 1625 1219 [ex
1654 1162 1754 1219 his]‚
1802 1162 1907 1203 alter
1943 1177 2014 1203 ur-

195 1237 341 1280 banus.

297 1320 484 1368 poemata
508 1326 670 1367 panqes.
732 1311 920 1353 Sallustii
948 1307 1063 1366 (Cat.
1084 1308 1195 1359 XX,
1218 1311 1255 1351 3.
1289 1310 1395 1351 conf.
1428 1309 1479 1350 E.
1511 1309 1545 1360 Ι,
1580 1310 1645 1360 10,
1678 1309 1723 1365 5)
1754 1309 1878 1351 illud:
1910 1309 2016 1352 Nam

192 1385 296 1426 idem
326 1385 428 1427 uelle
459 1393 575 1440 atque
605 1385 707 1426 idem
736 1385 839 1426 nolle
871 1399 916 1425 ea
948 1384 1104 1425 demum
1131 1383 1249 1439 ferma
1281 1384 1454 1424 amic-itia
1485 1392 1553 1424 est.

305 1459 371 1499 41.
402 1459 580 1513 fratrum
599 1460 860 1514 qemz'norum.
920 1456 1004 1498 Per
1035 1456 1224 1498 diuersas
1245 1456 1492 1507 uoluntates,
1525 1462 1565 1497 et
1584 1455 1663 1497 hoc
1684 1456 1792 1497 inter
1812 1456 2016 1511 geminos.

307 1532 393 1589 [41.
429 1532 574 1574 Gratia
604 1533 662 1574 sic
691 1534 878 1586 fratrum.
937 1530 988 1571 Id
1019 1538 1092 1581 est,
1125 1529 1323 1580 amicitia,
1355 1530 1454 1571 dum
1475 1529 1673 1571 alteruter
1693 1544 1814 1572 suum
1836 1529 2018 1571 studium

195 1594 415 1662 sequitur]

307 1681 373 1720 41.
405 1680 472 1719 42.
506 1679 737 1735 Amphionis
770 1687 884 1734 atque
916 1677 1034 1719 Zethi.
1113 1677 1314 1733 Amphion
1345 1683 1385 1718 et
1415 1677 1555 1718 Zethus
1585 1676 1698 1719 Iouis
1736 1683 1776 1718 et
1805 1675 2018 1730 Antiopae

194 1752 269 1794 fflii
300 1751 458 1794 diuersi
502 1751 648 1793 officii:
696 1750 913 1806 Amphion
945 1750 1105 1791 cithara
1136 1749 1325 1800 canebat,
1372 1749 1526 1791 Zethus
1556 1750 1735 1804 pastoris
1766 1749 2020 1806 fungebatur

195 1826 344 1868 officio,
417 1824 598 1880 Propter
642 1824 751 1866 hanc
780 1824 891 1865 uitae
922 1822 1207 1865 diuersitatem
1238 1823 1399 1865 tamdiu
1430 1823 1709 1874 dissederunt,
1749 1823 1882 1865 donec
1911 1821 2018 1864 Am-

195 1899 326 1954 phion
355 1912 482 1940 causa
511 1897 761 1940 concordiae
793 1897 997 1938 citharam
1027 1896 1248 1939 omitteret.

307 1973 375 2013 42.
407 1979 598 2027 suspecta.
629 1969 804 2012 Odiosa.

307 2046 374 2085 44.
406 2044 591 2087 Moribus
607 2043 830 2099 Amphion:
865 2052 907 2084 tu
940 2043 1019 2085 ced.
1044 2052 1127 2099 pot.
1160 2044 1288 2084 amici.
1347 2041 1606 2097 Adloquitur
1634 2043 1817 2086 minores
1848 2043 2018 2094 amicos,

197 2124 239 2159 ut
270 2131 406 2172 neque
435 2130 478 2157 se
508 2116 679 2158 laudent
709 2130 844 2171 neque
875 2116 978 2158 alios
1008 2116 1330 2171 reprehendant,
1362 2130 1497 2171 neque
1527 2116 1635 2158 inter
1670 2131 1713 2159 se
1754 2117 2019 2167 dissentiant,

198 2190 271 2231 sed
301 2189 403 2244 quid
432 2189 615 2231 uoluerit
644 2204 764 2239 unus,
796 2195 992 2243 sequatur
1022 2189 1138 2231 alter.
1198 2187 1312 2241 Quia
1342 2189 1565 2231 diuersitas
1600 2190 1831 2232 studiorum
1852 2190 2018 2232 odiosos

198 2262 337 2304 reddit
366 2263 537 2313 amicos,
569 2262 675 2304 sicut
704 2263 801 2304 fecit
832 2263 1118 2318 Amphionem
1149 2270 1189 2303 et
1218 2261 1407 2311 Zethum,
1448 2278 1625 2318 quorum
1655 2262 1873 2319 Amphion
1903 2263 2020 2318 lyrae
2085 2257 2088 2315 ζ

199 2335 334 2376 studio
364 2335 540 2378 nimium
571 2335 796 2386 delectans,
828 2335 982 2378 Zethus
1014 2343 1078 2391 (re
1099 2336 1423 2389 rustica?)ue1·0
1452 2337 1626 2379 musica.
1686 2337 1801 2379 Inter
1821 2352 1864 2379 se
1885 2336 2020 2378 odiosi
2085 2347 2088 2391 ζ

314 2538 346 2577 1)
371 2537 463 2568 Sicut
487 2554 529 2558 -—-
554 2537 697 2568 holerum
722 2545 784 2567 om.
810 2547 837 2579 γ.
887 2538 921 2575 3)
948 2536 1118 2567 Gladiator
1143 2554 1184 2557 —
1211 2536 1364 2567 caballum
1389 2547 1448 2567 om.
1466 2538 1516 2580 ⁴(b.
1565 2538 1600 2577 8)
1626 2538 1715 2568 Trax
1739 2547 1765 2580 γ.
1793 2537 1892 2567 schol.
1919 2546 1945 2578 γ.
1971 2545 2020 2566 re-

199 2594 270 2623 tium.
292 2593 362 2636 γ,(3.
386 2595 467 2624 Nam
490 2594 642 2624 mirmillo
669 2603 730 2624 see.
756 2604 783 2635 γ.
808 2603 867 2623 uon
892 2594 995 2623 mirni.
1025 2592 1060 2623 C.
1125 2594 1160 2633 9)
1186 2594 1422 2624 mercennarius
1447 2603 1473 2635 γ.
1540 2595 1595 2633 10)
1620 2594 1657 2623 Id
1687 2612 1724 2615 —
1749 2594 1855 2624 celare
1883 2603 1944 2623 om.
1969 2593 2019 2635 'fb-

203 2651 258 2689 12)
285 2651 347 2682 His
372 2669 414 2672 ——
439 2652 584 2690 pandunt
608 2661 633 2693 γ.
659 2651 730 2681 rell.
756 2660 815 2681 om.
842 2650 924 2681 conf.
952 2649 988 2682 C.
1016 2650 1206 2680 ‘Potulentua
1233 2650 1309 2680 ebrii
1331 2650 1414 2680 enim
1437 2660 1479 2680 m.
1507 2660 1531 2680 s.
1557 2651 1724 2689 pandunt.'
1778 2650 1832 2689 13)
1859 2649 1953 2679 Unde
1979 2665 2020 2670 —-

199 2708 340 2737 urbanus
364 2717 391 2749 γ.
419 2708 486 2738 rell.
512 2717 571 2738 om.
624 2708 678 2747 15)
705 2707 852 2737 Sallustii
872 2725 911 2728 Α
931 2712 980 2737 est
1004 2717 1030 2749 γ.
1058 2708 1125 2737 rell.
1159 2706 1305 2737 om.conf.
1332 2706 1376 2736 C:
1412 2708 1475 2737 ‘nec
1506 2716 1572 2737 cum
1602 2707 1720 2737 uenari.
1747 2707 1832 2736 unde
1862 2710 1910 2735 est
1940 2705 2021 2735 illud

200 2762 330 2794 Sallust.
356 2782 398 2785 —
423 2774 460 2794 ac
485 2765 568 2794 idem
597 2781 636 2786 —
663 2768 711 2794 est
736 2764 888 2794 amicitia.
908 2768 1049 2802 poemata
1067 2774 1102 2802 p.
1131 2764 1186 2794 sed
1210 2764 1273 2793 ibis
1299 2773 1369 2793 cum
1396 2773 1431 2793 eo
1455 2764 1629 2793 uenatum:
1662 2764 1731 2806 Βφι
1763 2764 1819 2793 sed
1843 2762 1925 2792 uade
1950 2771 2020 2791 cum

202 2820 256 2850 illo
281 2821 530 2851 inuenationem.
592 2821 647 2860 17)
672 2820 732 2850 Per
756 2821 821 2851 diu.
848 2821 910 2850 uol.
936 2837 977 2841 ·—
1004 2820 1149 2858 geminos
1174 2830 1200 2863 γ.
1226 2820 1296 2850 rell.
1323 2830 1383 2850 om.
1447 2821 1502 2859 18)
1527 2820 1618 2849 Ιᾶ-
1638 2820 1783 2858 sequitur
1808 2829 1867 2849 om.
1893 2819 1942 2860 Tb.
1984 2817 2021 2846 Id

203 2880 251 2904 est
287 2878 431 2907 amicitia
466 2876 593 2912 vcath
618 2882 650 2907 et
676 2876 712 2913 C,
749 2877 803 2916 qui
839 2885 899 2906 om.
936 2876 971 2905 Id
998 2879 1055 2905 est.
1094 2877 1174 2906 conf.
1211 2876 1326 2914 Porph.
1365 2875 1416 2906 off.
1431 2875 1526 2916 fuere
1549 2874 1649 2915 (ΧΩ).
1683 2876 1813 2905 canebat
1838 2873 1924 2917 ·[]),Ο.
1949 2874 2020 2904 rell.

202 2933 357 2962 cantabat.
422 2934 480 2973 22)
504 2934 587 2964 hanc
612 2934 836 2964 diuersitatem
861 2932 1026 2962 animorum
1052 2936 1079 2962 et
1100 2933 1180 2963 uitae
1207 2932 1342 2969 vcath.
1368 2933 1450 2962 hanc
1480 2933 1567 2962 uitae
1592 2932 1712 2962 diuers.
1744 2931 1831 2973 *sb,C.
1864 2936 1931 2962 tum
1955 2930 2021 2960 diu.

202 2997 232 3016 v.
259 2988 466 3019 ‹lissederunt
491 2991 570 3031 -fb,a.
609 2989 796 3021 dissidebant
832 2988 868 3019 C.
906 2989 1103 3019 dissiderunt
1129 2989 1222 3025 cth.
1257 2990 1433 3019 disiderunt
1458 2999 1488 3018 v.
1552 2989 1610 3028 23)
1636 2989 1819 3019 concordiae
1843 2988 1892 3030 yb.
1929 2995 2022 3017 causa

202 3043 372 3074 discordiae
396 3045 538 3076 uitandae
562 3046 700 3082 veath.
728 3047 808 3077 disc.
834 3047 892 3075 uit.
920 3054 1016 3075 causa
1041 3044 1075 3075 C.
1104 3063 1146 3067 ——
1171 3048 1322 3076 omitteret
1343 3044 1434 3087 vaC·
1459 3045 1528 3074 rell.
1553 3044 1664 3074 omisit.
1728 3042 1787 3083 24)
1813 3043 1936 3074 Odiosa
1958 3043 2022 3085 γῦφ

205 3103 237 3128 et
263 3098 298 3137 C,
325 3102 379 3139 qui
404 3101 513 3132 addit:
540 3103 727 3142 indignanti
746 3103 857 3141 Zetho,
883 3102 959 3141 quia
974 3102 1114 3131 rusticus
1131 3101 1203 3138 fuit,
1230 3106 1262 3132 et
1278 3102 1351 3132 ideo
1369 3102 1449 3131 dicit
1465 3109 1577 3131 seuero.
1626 3100 1683 3139 25)
1709 3099 2022 3138 Alloquitur—Ze-

204 3154 296 3184 thum
320 3155 367 3197 γὴ.
386 3156 453 3186 rell,
474 3167 534 3188 om.
552 3157 659 3198 Alloq.
677 3158 719 3189 ad
734 3159 825 3190 amic.
845 3159 921 3190 min.
938 3159 968 3189 b.
1019 3158 1076 3199 27)
1102 3157 1157 3197 qui
1171 3158 1202 3188 b.
1254 3158 1311 3198 28)
1337 3161 1437 3189 zetum
1454 3157 1485 3188 b.
1506 3165 1691 3196 quorum—
1705 3156 1840 3187 amicum
1865 3163 1891 3197 γ.
1909 3164 1970 3186 om.
1989 3155 2019 3184 b.
