2148 3412
837 69 886 101 IN
912 70 1020 103 ΛΒΤ.
1045 70 1178 102 PonT.
1852 62 1932 104 627

94 190 310 244 elleboro]
371 207 394 234 o
424 207 494 248 eqo
525 193 677 235 laeuus.
737 193 983 245 Pei-uersus,
1016 194 1178 246 stultus,
1210 194 1379 238 sinister
1410 195 1652 253 dignusque
1685 196 1824 253 culpa,
1857 196 1932 237 in-

94 265 249 322 dignus
279 265 450 308 nomine
480 273 642 321 poetae.

205 340 301 381 302.
335 339 421 389 Qua·
448 354 611 396 purqor
649 341 777 382 bilem.
839 340 928 394 Qui
967 348 1141 397 propter
1180 344 1448 399 purgandam
1490 344 1618 386 bilem
1658 345 1761 388 rado
1806 355 1932 402 caput

93 426 246 460 meum,
285 412 357 467 qui
399 413 675 455 catharticum
717 414 883 469 accipio
919 415 973 455 ad
1010 416 1280 471 purgandum
1317 431 1397 459 nie.
1461 417 1564 474 [uel]
1625 417 1820 461 Aliter:
1867 422 1937 476 qui

88 500 245 543 puryor
276 486 392 528 bilem
421 500 500 541 pro
531 486 688 529 bilibus
718 502 892 544 purgor,
929 488 973 529 id
1012 495 1092 530 est:
1131 490 1204 544 qui
1236 504 1335 532 curo
1367 506 1493 533 sanus
1524 506 1628 542 esse,
1661 507 1756 534 cum
1787 494 1931 545 sciam,
1980 503 1998 531 5

91 574 117 601 a
135 557 385 601 Democrito
415 573 486 601 eos
517 574 640 602 ueros
671 568 818 616 poetas
850 561 1044 612 indicari,
1075 562 1147 616 qui
1179 570 1273 604 sunt
1304 563 1465 613 insani:
1510 565 1579 606 uel
1604 580 1760 621 purqor
1796 568 1931 610 bilem:

91 632 303 676 choleram
333 633 464 675 reicio
495 633 749 688 potionibus.

203 707 300 749 303.
332 707 424 750 Non
455 707 561 749 alius
589 708 743 762 faceret
772 709 939 750 meliora
962 719 1164 765 poemata.
1216 710 1266 752 Id
1298 718 1380 753 est:
1412 711 1549 755 Nemo
1581 720 1688 755 esset
1718 714 1857 771 magis
1887 715 1929 756 in

89 779 291 836 opinione
321 788 459 836 poeta,
491 781 526 822 si
558 795 691 824 essem
724 782 906 824 demisso
939 782 1106 838 capillo.

201 855 298 896 303.
330 855 426 896 304.
458 869 603 897 uerum
633 856 705 899 Nil
735 858 837 898 Ιαηῖί
864 865 930 898 est.
969 856 1020 898 Id
1042 864 1125 899 est:
1158 857 1327 901 Nullius
1357 860 1558 901 momenti
1590 875 1696 911 sum,
1730 862 1930 916 quoniam
1960 870 1997 901 10

88 942 174 970 non
205 943 296 970 sum
329 928 512 971 demisso
544 930 713 985 capillo,
746 937 785 971 et
817 930 929 985 quod
960 945 1036 986 per
1067 931 1257 987 singulos
1288 948 1421 975 annos
1443 934 1613 975 cholera
1633 950 1807 991 purgor.
1848 934 1930 976 Di-

88 1000 263 1044 cebatur
293 1003 406 1044 enim
437 1003 766 1046 melancholicus
804 1004 932 1046 fuisse
962 1004 1180 1048 Horatius.
1242 1005 1428 1048 Aliter
1470 1007 1607 1060 [Vel]:
1646 1009 1704 1050 m'l
1741 1011 1842 1050 tanti
1877 1018 1933 1051 est

87 1090 255 1119 uerum:
298 1077 343 1118 id
383 1084 462 1119 est:
510 1092 595 1119 non
626 1092 739 1126 curo,
779 1078 852 1119 sed
885 1085 1137 1133 contempno
1169 1079 1254 1121 dici
1286 1087 1431 1135 poeta3
1471 1095 1520 1123 ac
1551 1081 1585 1123 si
1616 1082 1796 1124 diceret:
1846 1098 1931 1126 non

87 1164 257 1205 possum
290 1158 411 1206 poeta
442 1165 545 1200 esse,
576 1158 621 1192 ut
652 1158 949 1207 contempnam
981 1167 1126 1194 curam
1158 1153 1346 1208 corporis
1377 1154 1473 1196 mei.

200 1226 296 1268 305.
329 1240 472 1267 exsors
499 1227 588 1282 ipsa
620 1226 795 1267 secandi.
854 1224 905 1266 Id
936 1233 1016 1268 est:
1056 1241 1163 1281 quae
1194 1242 1279 1268 non
1318 1227 1445 1269 habet
1485 1243 1638 1271 munus
1675 1238 1715 1271 et
1745 1229 1930 1272 officium
1958 1238 1997 1269 15

87 1300 143 1342 ad
174 1298 416 1349 secandum,
458 1299 512 1340 ad
550 1313 657 1354 quae
700 1314 784 1340 non
814 1298 941 1341 habet
972 1299 1156 1342 officium
1189 1301 1360 1342 secandi
1394 1316 1418 1342 a
1447 1309 1598 1344 natura
1628 1302 1843 1353 tributum,
1884 1311 1929 1344 ut

93 1372 170 1429 (A.
201 1372 256 1423 V,
289 1373 411 1428 534):
446 1380 647 1414 eoesorlem
678 1373 823 1414 ducere
852 1373 1056 1415 honorem.

200 1448 296 1489 307.
328 1462 432 1504 opes.
495 1444 634 1503 Copia
664 1446 892 1489 scribendi.

200 1522 296 1563 309.
329 1521 545 1563 Serz'bendz’
571 1530 688 1563 reete.
746 1520 933 1571 Facere,
973 1522 1086 1576 quod
1126 1521 1339 1577 promisit,
1378 1522 1518 1573 docet,
1560 1523 1605 1564 id
1627 1530 1707 1565 est:
1746 1530 1792 1565 ut
1818 1531 1930 1566 recte

87 1595 262 1646 scribas,
294 1595 503 1651 sapientia
533 1610 636 1651 opus
667 1603 741 1637 est.
792 1610 934 1652 sapere
966 1604 1023 1637 est
1053 1605 1089 1637 et
1116 1596 1366 1652 principium
1398 1604 1434 1638 et
1460 1597 1563 1651 sons.
1609 1596 1661 1637 Id
1693 1604 1772 1639 est:
1806 1597 1930 1653 copia
1956 1606 1998 1637 20

85 1669 327 1720 uerborum,
366 1683 475 1724 quae
516 1668 641 1711 debet
683 1669 801 1724 sequi
833 1669 1059 1725 principia.
1122 1668 1283 1711 Contra
1314 1669 1421 1719 illos,
1461 1670 1533 1725 qui
1564 1670 1723 1721 dicunt,
1761 1678 1930 1726 poetam

86 1743 273 1786 insanire
303 1742 473 1794 debere,
506 1742 575 1785 hic
606 1743 683 1784 ait:
717 1750 759 1784 ut
791 1742 926 1798 possis
957 1750 1068 1785 recte
1101 1742 1300 1793 scribere,
1335 1742 1584 1799 [principio]
1618 1744 1802 1799 primum
1824 1760 1931 1801 opus

86 1824 161 1869 est,
193 1832 354 1873 sapere.

199 1892 295 1934 310.
333 1892 444 1934 Rem.
511 1890 563 1932 Id
607 1897 682 1941 est,
729 1897 971 1945 praecepta,
1018 1891 1095 1932 hoc
1142 1898 1217 1941 est,
1264 1891 1529 1947 sapientiam.
1592 1892 1661 1933 tibi
1698 1892 1930 1935 Socraticae

83 1974 274 2024 poterunt
304 1966 506 2008 ostendere
538 1965 714 2006 chartae.
776 1964 826 2005 Id
857 1974 932 2014 est,
973 1963 1084 2006 libri.
1144 1963 1202 2005 Et
1233 1964 1312 2006 hoc
1343 1965 1466 2006 dicit:
1499 1975 1540 2007 ut
1574 1965 1726 2020 sapias.
1774 1965 1925 2017 Docet,
1954 1976 1995 2006 25

86 2047 256 2097 poetam
287 2055 373 2082 non
403 2039 559 2081 debere
592 2046 807 2095 expertem
839 2052 929 2080 esse
961 2037 1242 2094 philosophia.
1293 2039 1394 2080 Item
1416 2040 1555 2082 aliter:
1587 2038 1747 2081 Poema
1768 2049 1927 2082 constat

87 2129 139 2157 ex
169 2129 214 2157 re
246 2123 284 2156 et
317 2114 523 2157 oratione:
558 2127 625 2155 res
656 2127 705 2154 ex
738 2112 1009 2168 philosophia
1040 2111 1249 2168 originem
1280 2113 1421 2164 trahit,
1460 2120 1503 2154 ut
1534 2124 1763 2169 praecepta
1795 2114 1926 2156 conti-

86 2196 195 2231 neat.
255 2187 353 2230 Hoc
383 2202 486 2244 ergo
517 2186 636 2229 dicit:
683 2186 795 2241 quod
826 2200 915 2226 rem
946 2186 1161 2226 inuentam
1206 2185 1337 2227 uerba
1383 2186 1506 2227 etiam
1554 2202 1637 2228 non
1683 2186 1817 2228 inuita
1863 2203 1927 2229 se-

206 2292 239 2334 l)
264 2293 440 2332 dignusque
463 2302 488 2335 γ.
527 2293 647 2330 dignus
673 2291 717 2321 fh.
755 2290 873 2321 Totum
899 2290 1000 2321 schol.
1028 2299 1088 2320 om.
1116 2289 1144 2319 N
1170 2289 1254 2320 Med.
1283 2290 1409 2328 G,rvea.
1475 2292 1510 2330 3)
1538 2291 1623 2325 Quod
1646 2301 1765 2330 purgor
1796 2292 1835 2322 N.
1864 2292 1926 2328 Qui

87 2360 187 2392 purgo
223 2360 262 2381 vc
300 2350 350 2389 (az
378 2349 435 2389 p.).
501 2349 537 2388 4)
564 2348 763 2379 carthiticum
788 2357 842 2389 '15¹²
884 2347 1084 2377 cataritieum
1109 2347 1150 2379 N.
1190 2349 1374 2378 catarticum
1401 2357 1468 2377 vca.
1496 2366 1537 2368 e*
1564 2349 1614 2378 uel
1652 2358 1713 2379 om.
1750 2359 1777 2390 γ.
1825 2348 1929 2379 Aliter

86 2419 112 2451 γ.
131 2408 200 2439 rell.
220 2418 281 2438 om.
331 2408 365 2447 5)
392 2417 449 2445 pro
466 2407 522 2436 bil.
544 2415 665 2445 purgor
688 2415 715 2447 γ.
742 2405 812 2434 rell.
840 2414 900 2434 om.
927 2413 1055 2442 purgor.
1073 2422 1112 2424 --
1130 2405 1185 2442 qui
1211 2414 1305 2434 cut-07·
1332 2406 1424 2443 (euro
1449 2405 1485 2444 v)
1512 2405 1622 2435 Sensus
1647 2410 1704 2435 est:
1730 2415 1802 2436 cum
1828 2406 1926 2436 seiam

86 2475 156 2496 vca.
183 2474 254 2495 cum
278 2463 401 2494 scientia
424 2467 456 2493 ut
480 2463 532 2493 hoc
556 2462 641 2492 dicat
662 2471 679 2491 a
705 2462 840 2491 democr.
868 2470 892 2490 r.
942 2461 977 2499 6)
1005 2469 1078 2491 uero
1101 2470 1127 2503 γ.
1154 2461 1224 2490 rell.
1252 2470 1351 2491 ueros.
1380 2479 1421 2482 Μ
1445 2460 1592 2491 iudicari.
1619 2460 1686 2502 ·s‚O.
1713 2463 1782 2491 rell.
1807 2463 1924 2492 iudiea-

86 2527 139 2553 ωε.
154 2522 202 2552 N:
229 2522 392 2552 iudicatos
417 2530 466 2550 eos
490 2520 556 2559 qui.
606 2520 640 2558 7)
666 2519 800 2549 coleram
826 2517 916 2554 N,1·v.
942 2517 1048 2548 colera
1064 2516 1177 2555 recipio
1194 2522 1257 2556 pot.
1276 2527 1301 2560 γ.
1354 2518 1388 2556 9)
1415 2518 1540 2548 sidem.
1562 2527 1665 2548 essem
1683 2527 1752 2557 cap.
1770 2518 1818 2548 fh.
1870 2519 1926 2557 12)

87 2580 194 2611 Aliter
217 2589 244 2622 γ.
272 2580 341 2609 rell.
367 2578 437 2609 Vel.
464 2579 510 2607 nil
537 2582 558 2607 t.
580 2581 630 2607 est
655 2585 765 2606 uerum
782 2586 810 2618 γ.
826 2576 894 2605 rell.
914 2583 1024 2605 uerum
1042 2585 1072 2604 n.
1092 2580 1115 2604 t.
1135 2579 1194 2605 est.
1247 2575 1302 2613 15)
1328 2574 1472 2604 exsortlca
1489 2575 1528 2604 al.
1549 2584 1660 2605 exsors
1679 2576 1749 2613 ipsa
1765 2585 1783 2617 γ
1801 2575 1835 2614 (1
1855 2576 1926 2615 m.).

88 2636 278 2667 —offitium
303 2636 345 2666 ad
370 2635 554 2666 secandum.
580 2634 619 2663 ad
645 2642 726 2672 quae
752 2642 814 2663 non
840 2632 939 2661 habet
965 2631 1105 2662 offitium
1131 2632 1262 2662 secandi
1287 2641 1312 2673 γ.
1339 2632 1408 2661 rell.
1434 2641 1548 2662 munus
1567 2636 1599 2661 et
1617 2631 1669 2661 off.
1696 2632 1838 2669 secandi,
1864 2640 1925 2662 om.

88 2695 129 2724 ad
153 2703 215 2724 sec.
241 2694 283 2724 ad
308 2701 389 2733 quae
414 2701 446 2722 n.
472 2692 502 2721 h.
530 2690 583 2721 oss.
651 2690 707 2729 16)
732 2690 809 2720 trib.
834 2687 962 2719 emortua
987 2692 1023 2718 ut
1047 2692 1184 2719 exortem
1219 2689 1248 2717 d.
1286 2688 1422 2718 honores
1458 2698 1486 2730 γ,
1524 2692 1561 2718 ut
1597 2689 1727 2726 plurimi
1763 2689 1840 2719 libri
1877 2698 1926 2727 ap.

87 2750 182 2790 Verg.
219 2750 359 2789 (Ribb.).
394 2748 579 2779 Medicaeus
604 2756 634 2777 es
658 2750 736 2776 mut.
763 2747 795 2776 in
821 2755 874 2776 em.
902 2750 1063 2777 exsortem
1089 2746 1187 2776 habet
1212 2745 1297 2775 Med.
1325 2746 1394 2775 rell.
1432 2749 1582 2776 ewortem.
1651 2744 1705 2784 18)
1734 2745 1844 2783 copiae
1869 2754 1928 2776 scr.

87 2817 115 2850 γ.
133 2808 227 2846 eopia
244 2816 303 2837 ser.
321 2806 394 2843 th.
420 2805 490 2835 Hoc
508 2804 609 2835 schol.
630 2808 661 2834 et
678 2813 818 2842 sequens
837 2804 962 2833 ‘Facere
977 2820 1014 2824 —-
1030 2811 1104 2841 opus
1121 2804 1182 2833 εει]
1201 2813 1262 2834 om.
1291 2803 1320 2832 N
1340 2802 1424 2832 Med.
1444 2801 1574 2840 G,rvca.
1625 2802 1684 2841 22)
1702 2802 1841 2840 primum
1858 2801 1927 2843 γ,Ο.

87 2865 158 2895 rell.
177 2864 347 2903 principio.
362 2880 403 2883 —-
419 2871 497 2901 opus
516 2860 687 2900 estfacere
711 2870 737 2902 γ.
788 2860 845 2899 24)
870 2860 944 2890 Rem
960 2876 999 2881 —-
1015 2860 1210 2898 sapientiam
1237 2870 1296 2890 om.
1324 2859 1352 2888 N
1377 2859 1462 2888 Med.
1489 2859 1616 2895 N‚rvca.
1667 2858 1722 2898 25)
1738 2876 1780 2880 —
1795 2859 1876 2889 dicit
1900 2864 1932 2888 ut

87 2920 201 2960 sapias.
227 2920 313 2951 docet
336 2930 386 2959 po.
413 2929 444 2949 n.
471 2919 588 2948 debere
614 2927 687 2956 exp.
714 2926 740 2959 γ.
768 2917 836 2946 rell.
863 2917 943 2946 dicit
966 2926 1029 2947 non
1055 2917 1117 2946 del.
1143 2926 1193 2955 po.
1222 2925 1296 2955 exp.
1337 2920 1444 2954 poetas
1468 2916 1507 2945 N.
1571 2916 1629 2955 27)
1657 2924 1697 2945 ex
1732 2915 1780 2945 rei
1813 2916 1930 2946 ratione

88 2989 114 3009 r.
141 2978 211 3009 rell.
249 2987 291 3008 ex
316 2987 351 3007 re
376 2981 407 3007 et
433 2986 477 3007 or.
528 2977 585 3015 28)
612 2975 682 3005 Hoc
708 2983 783 3013 ergo
809 2974 890 3004 dicit
914 2983 940 3015 γ.
977 2974 1069 3004 Dicit
1094 2984 1166 3013 ergo
1191 2974 1250 3004 hoc
1274 2970 1433 3012 th(G?).
1460 2972 1550 3002 Dicit
1578 2982 1653 3011 ergo
1679 2974 1764 3011 quod
1789 2972 1819 3002 N
1843 2972 1928 3002 Med.

89 3035 249 3073 G‚vca.—-
272 3043 335 3065 rem
361 3035 523 3065 inuentam
546 3042 573 3075 γ.
603 3032 671 3063 rell.
697 3032 830 3062 inuenta
853 3040 897 3060 re.
923 3040 957 3061 re
982 3040 1042 3061 om.
1069 3032 1098 3061 N
1123 3031 1207 3061 Med.
1231 3029 1308 3060 sicut
1333 3038 1408 3068 ergo
1438 3030 1522 3068 quod
1562 3030 1695 3059 inuenta
1733 3034 1802 3060 tunc
1837 3029 1929 3059 uerba

90 3102 154 3123 non
179 3093 294 3122 desunt
321 3102 346 3121 c.
373 3092 404 3120 h.
431 3090 516 3129 quod
541 3090 629 3119 dicas
655 3099 680 3118 r.
717 3088 923 3126 (homoeotel.
942 3087 1063 3127 uerba).

1604 3153 1654 3176 40*
