2148 3412
817 127 865 160 1N
890 127 997 160 ART.
1022 127 1154 160 Pon'r.
1815 116 1895 158 581

69 251 121 293 lis
152 264 246 292 cum
267 256 374 292 torto
395 265 510 299 naso,
532 264 657 304 quam
680 251 863 293 scribere
885 266 1049 307 poema,
1081 251 1147 293 cui
1169 251 1330 306 aliquid
1352 251 1467 294 deest
1485 251 1649 309 [desit].
1707 263 1895 293 ALITER:

73 323 296 377 Quomodo
326 324 436 374 nolo,
468 339 535 365 me
566 331 685 380 parte
717 325 898 380 quadam
945 326 1133 382 corporis
1178 325 1467 368 foedissimum
1511 340 1602 368 esse
1647 332 1685 367 et
1730 325 1899 367 relicuis

71 397 352 453 splendidum,
385 397 458 439 sed
489 398 625 453 magis
656 405 755 454 opto
785 415 868 440 una
899 400 1065 456 integra
1095 414 1184 441 esse
1216 399 1368 455 specie,
1401 400 1458 441 ita
1480 400 1614 442 enitor
1635 399 1748 442 omni
1780 408 1898 455 parte

72 478 196 527 poeta
225 471 375 522 uideri,
408 471 523 512 nulla
555 471 598 512 in
629 479 748 528 parte
780 472 832 515 ab
864 473 947 514 alia
977 474 1234 529 discrepans.

185 545 251 586 35.
286 545 527 601 Conponere.
590 543 850 601 Conparare‚
884 554 926 588 ut
958 546 1108 603 (Vei-g.
1141 547 1191 588 E.
1211 547 1244 598 Ι,
1264 549 1357 602 23):
1404 550 1460 590 sic
1498 549 1644 605 parnis
1677 562 1897 604 conponere

73 633 222 674 ινηαφια
253 619 438 660 solebam.

185 693 251 734 36.
270 694 335 734 37.
368 694 458 735 Non
482 695 605 748 maye's
627 709 707 735 esse
729 695 861 741 uelim,
894 696 1231 751 quam—capillo.
1293 695 1341 737 Si
1371 710 1451 747 me,
1483 696 1631 751 inquit,
1663 696 1762 737 huic
1782 695 1901 738 fabro

73 767 262 809 conferre
294 766 477 817 uoluero,
510 781 581 808 ero
612 767 788 808 dimidia
819 769 1008 823 corporis
1038 776 1157 824 parte
1187 768 1400 818 ridendus,
1432 776 1477 810 ut
1497 776 1660 825 partem
1681 769 1902 811 ridendam

73 839 264 891 habeam,
297 839 489 895 quamuis
506 839 742 882 laudandus
773 841 1111 897 spectandusque
1143 842 1221 884 sim
1252 842 1295 883 in
1327 843 1432 892 alia3
1465 845 1572 886 laune
1593 858 1658 885 me
1680 858 1770 886 esse
1791 843 1901 893 nolo,

75 914 118 955 id
149 921 229 956 est:
261 912 360 956 huic
391 913 539 955 similis
571 928 660 956 esse
692 929 851 965 recuso,
885 915 996 970 quod
1026 917 1238 971 perfectus
1268 931 1353 958 non
1383 923 1455 958 est.

187 989 252 1029 37.
285 988 567 1045 Spectandum.
628 988 914 1031 Pmbandum.
950 989 1266 1046 [Laudandum‚
1299 991 1342 1032 id
1363 998 1437 1042 est,
1469 991 1712 1042 uidendum,
1743 999 1788 1032 ut
1818 1006 1903 1032 una

74 1077 174 1118 pars
203 1061 393 1118 pulchra,
427 1063 509 1104 alia
541 1063 741 1105 deformis
771 1063 836 1112 sit,
867 1063 980 1118 quod
1011 1064 1218 1122 dedecet]

187 1137 254 1178 38.
285 1137 351 1178 39.
385 1137 534 1179 Sumite
564 1146 657 1180 mat.
690 1146 810 1181 uestr.
842 1141 911 1194 qai
944 1153 1023 1180 scr.
1066 1154 1147 1195 aeq.
1195 1140 1365 1181 Viribus.
1438 1139 1489 1180 Id
1533 1146 1613 1181 est:
1660 1138 1904 1194 Antequam

76 1210 255 1265 incipias
301 1211 497 1260 scribere,
542 1211 652 1262 uide,
700 1212 734 1253 si
778 1212 1008 1262 meteria1n‚
1056 1227 1181 1267 quam
1228 1212 1505 1269 adgrediaris,
1551 1213 1687 1269 possis
1731 1212 1905 1268 inplere.

80 1283 316 1341 [Praecipit
345 1285 492 1340 poetis,
533 1292 576 1327 ut
607 1301 700 1327 eam
731 1286 949 1327 materiam
981 1286 1152 1342 eligant,
1199 1301 1306 1341 quae
1351 1287 1462 1329 uires
1507 1287 1715 1343 (sensum)
1762 1301 1904 1329 eorum

77 1374 160 1401 non
191 1359 398 1416 excedat]

193 1434 278 1491 [39.
309 1442 476 1476 uersate.
509 1432 820 1491 Considerate]

189 1508 256 1549 40.
292 1507 514 1565 [h.]mnerz'..
545 1507 684 1550 Vires.
745 1510 815 1550 cui
843 1510 943 1550 lecta
971 1515 1151 1565 potenter
1187 1523 1216 1548 e.
1248 1522 1283 1548 r.
1359 1505 1444 1560 Qui
1489 1507 1709 1563 possibilia
1754 1507 1907 1565 eligit[,

78 1581 335 1638 possibiliter
371 1581 582 1638 inplebit]
656 1580 899 1623 Notandum
935 1581 1092 1622 dictum
1117 1590 1309 1638 potenter,
1357 1582 1587 1623 secundum
1619 1582 1730 1637 quod
1761 1589 1908 1637 potest.

78 1654 128 1696 Id
160 1664 233 1705 est,
265 1656 336 1710 qui
367 1655 485 1712 eligit
516 1655 748 1706 materiam,
780 1670 907 1710 quam
939 1655 1069 1710 possit
1099 1654 1273 1710 inplere,
1304 1655 1401 1697 huic
1422 1670 1500 1697 nec
1520 1655 1797 1706 inuenfiones,
1829 1670 1908 1698 nec

80 1729 319 1785 eloquentia
349 1730 494 1771 deesse
525 1737 712 1785 possunt.

192 1806 258 1845 41.
290 1805 371 1848 Nec
400 1804 601 1858 facundia
632 1805 783 1846 deseret
812 1805 848 1845 h.
879 1819 917 1845 a.
951 1803 1106 1846 lucidus
1138 1805 1250 1846 ordo.
1328 1803 1379 1845 Id
1410 1811 1485 1855 est,
1530 1804 1764 1860 dispositio,
1810 1804 1911 1860 quia

81 1893 229 1921 reuera
259 1879 361 1920 ordo
392 1878 631 1920 manifestat
660 1892 793 1927 omne,
831 1877 943 1933 quod
973 1877 1137 1919 dicitur.
1198 1877 1430 1933 Epitheton
1461 1885 1520 1920 est
1543 1878 1605 1934 (τὸ
1625 1879 1788 1934 -τῷῖὒ
1811 1879 1911 1920 ordo

83 1954 166 2009 (τὸ)
198 1954 369 2003 lucidus,
402 1952 501 2007 quia
531 1951 715 1993 lucidam
746 1951 849 1994 ordo
880 1951 980 1993 facit
1010 1951 1255 1993 orationem.

194 2029 260 2069 42.
297 2027 465 2069 Ordinis
496 2026 533 2067 Ιι.
568 2027 712 2068 uirtus.
774 2024 894 2067 Ordo
926 2025 1037 2067 enim
1068 2025 1287 2081 pulchram
1330 2025 1654 2081 (pulchriorem)
1685 2026 1785 2068 facit
1817 2040 1911 2067 ora·
1937 2037 1974 2051 ·>'

178 2185 210 2223 1)
238 2185 321 2213 deest
343 2183 411 2225 «μθ.
439 2184 511 2212 rell.
548 2182 636 2212 desit.
663 2182 768 2212 Aliter
792 2182 841 2223 TN
864 2182 948 2211 Med.
976 2182 1044 2211 rell.
1071 2191 1130 2211 om.
1181 2183 1215 2220 2)
1242 2183 1314 2212 nolo
1338 2192 1387 2212 me
1414 2187 1504 2221 parte
1529 2182 1631 2221 aliqua
1658 2200 1697 2204 —
1725 2183 1913 2221 discrepans

1 2272 4 2276 ,
26 2238 27 2277 J
85 2242 124 2272 N.
153 2241 317 2277 Quomodo
343 2251 369 2282 γ.
390 2241 459 2270 rell.
488 2250 547 2270 om.
600 2240 634 2278 3)
662 2240 818 2278 integrum
841 2239 938 2277 Med„
964 2249 1011 2269 rv.
1040 2256 1078 2260 --
1107 2239 1194 2268 omni
1220 2248 1269 2268 me
1295 2242 1439 2276 poemate
1464 2249 1522 2276 par
1546 2240 1651 2269 uideri
1676 2249 1701 2281 γ.
1728 2239 1799 2269 rell.
1827 2240 1913 2269 omni

26 2305 29 2327 2
85 2303 175 2338 parte
201 2303 297 2337 poeta
322 2298 389 2327 uid.
454 2298 489 2336 4)
518 2298 556 2326 ab
583 2307 644 2326 om.
671 2297 711 2326 N.
736 2296 835 2333 Med„
861 2305 946 2326 rvca.
1011 2296 1045 2334 5)
1074 2305 1265 2334 comparare,
1301 2299 1338 2324 ut
1363 2313 1403 2316 κ
1432 2296 1572 2325 solebam
1596 2304 1623 2336 γ.
1650 2295 1694 2324 C:
1732 2305 1913 2335 componere.

27 2363 29 2391 ζ
86 2357 296 2387 conscribere.
335 2355 498 2394 significat
537 2354 635 2383 etiam
671 2362 860 2391 comparare,
898 2355 952 2382 ut:
989 2351 1032 2381 sic
1067 2351 1203 2382 solebam.
1229 2352 1299 2382 rell.
1325 2362 1386 2381 om.
1413 2353 1493 2382 conf.
1521 2351 1608 2382 Seru.
1635 2351 1675 2381 A.
1702 2351 1726 2390 Ι,
1755 2353 1829 2381 374.
1879 2353 1914 2391 8)

0 2455 1 2465 γ
28 2410 29 2414 ’
88 2423 139 2445 ero
164 2424 223 2444 om.
250 2424 276 2456 γ.
326 2414 361 2452 9)
388 2413 420 2442 in
451 2412 515 2441 alia
541 2421 602 2441 om.
629 2420 655 2452 γ.
684 2428 722 2431 „ss
751 2411 835 2439 hunc
859 2419 903 2438 me
929 2418 1000 2438 esse
1025 2410 1099 2439 nolo
1123 2418 1149 2451 γ.
1177 2409 1246 2439 rell.
1272 2419 1331 2439 om.
1358 2418 1410 2439 me.
1462 2409 1517 2449 10)
1542 2408 1627 2448 quod.
1652 2408 1721 2438 rell.
1747 2408 1806 2447 qui.
1860 2406 1916 2445 11)

26 2479 30 2509 ,1
88 2472 293 2503 Probandum
319 2480 345 2511 γ.
372 2470 442 2500 rell.
470 2479 530 2499 om.
568 2468 780 2498 Laudandum
806 2485 848 2487 —
875 2466 1009 2496 dedecet
1047 2476 1106 2496 om.
1132 2475 1158 2507 γ.
1227 2467 1281 2505 13)
1307 2467 1343 2495 Id
1369 2470 1427 2495 est.
1465 2469 1637 2504 antequam
1664 2483 1704 2486 ψ
1732 2465 1864 2502 implere
1889 2473 1915 2505 γ.

88 2529 157 2559 rell.
183 2532 272 2567 post:
297 2528 461 2565 Praecipit
489 2544 528 2547 ἐ
555 2525 704 2563 excedat,
730 2533 810 2563 quae
836 2533 895 2553 om.
921 2533 948 2565 γ,
974 2523 1091 2552 habent
1116 2523 1211 2552 haec:
1238 2523 1270 2552 id
1297 2526 1357 2560 est,
1383 2527 1554 2561 antequam
1581 2523 1745 2552 materiam
1772 2522 1831 2551 inc.
1858 2530 1916 2550 scr.

42 2582 44 2584 ’
89 2586 174 2622 uide,
203 2586 230 2615 si
255 2584 403 2623 inceptam
427 2584 532 2622 possis
559 2583 699 2621 implere.
727 2580 810 2611 conf.
839 2579 885 2609 C:
910 2580 974 2610 Hoc
1000 2584 1060 2617 est,
1086 2584 1256 2618 antequam
1284 2581 1345 2609 inc.
1373 2589 1430 2609 scr.
1448 2597 1491 2600 ——
1509 2579 1701 2618 aggrederis,
1728 2579 1832 2617 possis
1858 2579 1918 2608 im-

3 2664 7 2671 .
29 2660 33 2677 =
90 2643 185 2680 plere.
212 2641 382 2672 Scholion:
419 2641 592 2678 ‘Praecipit
618 2657 657 2661 -
684 2640 821 2678 eligant,
859 2647 939 2676 quae
964 2639 1050 2667 uires
1073 2647 1211 2668 sensuam
1234 2637 1353 2667 illoram
1378 2646 1439 2666 non
1465 2637 1612 2666 excedat’
1650 2637 1769 2674 legitur
1794 2637 1827 2665 in
1854 2635 1916 2678 Βφ.

2 2714 4 2716 ·
29 2705 34 2741 J
94 2700 150 2740 17)
175 2697 388 2729 Considerate
412 2708 471 2728 om.
499 2707 523 2738 γ.
588 2698 643 2737 18)
668 2697 804 2726 humeri.
830 2695 921 2724 Vires
947 2705 973 2737 γ.
1000 2696 1068 2724 rell.
1095 2704 1154 2724 om.
1193 2693 1275 2724 conf.
1303 2693 1345 2723 C:
1374 2693 1509 2723 ‘hamera
1536 2694 1717 2729 translatio,
1744 2702 1800 2730 pro
1826 2693 1918 2730 inge-

28 2755 34 2763 *
91 2757 162 2786 nio:
189 2756 335 2786 humeros
361 2755 566 2792 supponimus
592 2754 632 2783 ad
659 2763 753 2784 onera
778 2753 959 2792 gestanda.⁷
987 2752 1075 2790 eligit
1097 2751 1175 2793 ⁴5NX
1200 2751 1283 2781 Med.
1311 2749 1420 2789 (GPQ)
1447 2751 1544 2788 elegit
1569 2760 1599 2779 v.
1621 2750 1755 2788 elegerit
1780 2760 1804 2779 r.
1831 2749 1920 2787 eliget

33 2831 34 2834 =
93 2812 177 2843 cafh.
246 2811 302 2851 19)
327 2812 524 2850 possibiliter
550 2811 629 2849 inpl.
657 2821 717 2841 om.
743 2820 769 2851 γ.
809 2810 882 2839 Not.
908 2809 952 2838 di.
978 2819 1028 2847 po.
1056 2818 1082 2850 γ.
1109 2809 1178 2838 rell.
1217 2809 1275 2838 No.
1302 2817 1350 2847 po.
1378 2808 1420 2836 di.
1446 2808 1632 2837 Notandum
1657 2824 1698 2828 —
1725 2810 1830 2844 potest
1856 2815 1916 2836 om.

93 2868 283 2908 NXG,rvca.
334 2870 390 2908 20)
418 2869 616 2898 inuentiones
640 2877 666 2909 γ.
694 2867 831 2897 inuentio
856 2866 939 2896 Med.
966 2865 1040 2901 th.
1105 2866 1162 2904 23)
1190 2866 1301 2903 Epith.
1326 2869 1374 2894 est
1400 2873 1436 2894 το
1463 2864 1540 2893 ordo
1565 2873 1602 2894 το
1628 2864 1754 2892 lucidus
1778 2873 1804 2905 γ.
1832 2862 1919 2893 Ordo

94 2927 156 2957 luc.
183 2922 327 2957 ἐπίθετον
353 2925 539 2964 (epitheton
566 2926 595 2964 r)
621 2924 744 2956 rvcafh.
783 2923 909 2954 lucidus.
934 2927 1034 2962 aptum
1072 2923 1250 2961 epitheton.
1288 2923 1361 2960 quia
1398 2921 1475 2950 ordo
1512 2920 1534 2949 f.
1561 2930 1606 2950 or.
1633 2920 1772 2949 lucidam
1798 2920 1919 2957 perspi-

96 2993 250 3022 cuamque
287 2982 322 3013 C.
361 2984 434 3012 hinc
467 2984 513 3018 Q:
555 2982 636 3013 Ordo
661 2981 776 3011 lucidus
800 2985 910 3019 aptum
935 2976 1031 3018 ἐπιθ.,
1069 2981 1144 3019 quia
1169 2980 1246 3009 ordo
1271 2989 1299 3008 a.
1327 2979 1420 3008 luc-id.
1447 2988 1493 3007 or.
1544 2977 1601 3016 24)
1629 2987 1658 3016 q.
1686 2978 1746 3007 luc.
1772 2987 1798 3007 o.
1827 2977 1848 3006 f.
1875 2986 1917 3006 or.

93 3049 121 3083 γ.
147 3035 291 3071 §mileto-a
316 3050 375 3070 om.
402 3040 442 3070 N.
470 3040 553 3078 quod
579 3040 698 3069 dieitur
725 3042 820 3068 emto.
849 3037 966 3067 CONE
994 3037 1071 3076 (sic)
1098 3047 1114 3066 o
1132 3037 1209 3075 quia
1235 3037 1310 3066 ordo
1336 3036 1371 3065 X.
1400 3035 1512 3073 vulgo:
1539 3034 1613 3064 ordo
1637 3034 1761 3071 lucidus,
1789 3034 1921 3072 (lemma

96 3098 128 3127 in
153 3097 202 3136 ca)
229 3094 324 3134 tatii„
355 3098 429 3135 quia
455 3098 529 3127 ordo
555 3098 575 3125 s.
603 3097 623 3126 l.
652 3106 695 3126 or.
722 3095 766 3125 X:
795 3096 854 3125 luc.
881 3094 903 3126 f.
930 3105 973 3125 or.
1025 3095 1082 3134 25)
1110 3094 1197 3124 Ordo
1230 3111 1262 3114 ν
1291 3093 1467 3122 orationem
1494 3102 1553 3122 om.
1580 3101 1635 3134 '1⁹¹'-
1660 3091 1866 3129 pulchriorem
1892 3089 1920 3118 X

96 3153 178 3184 Med.
205 3154 306 3183 Docet
334 3166 361 3192 q.
390 3164 414 3183 s.
441 3154 523 3191 disp.
550 3163 609 3183 om.
636 3152 745 3189 X,vca.

1930 926 1970 957 10

1934 1295 1972 1327 15

1933 1665 1975 1696 20
