2148 3412
228 117 311 158 418
862 119 970 152 ACR.
996 118 1057 151 ET
1082 117 1252 150 PORPH.
1278 116 1426 149 COMM.

340 251 376 291 5.
410 249 612 303 oleamque
629 245 902 288 momorderit.
964 240 1197 297 Carpserit‚
1229 239 1433 281 minorem
1460 238 1626 288 fecerit-3
1658 237 1902 278 minuuntur
1932 236 2057 288 enim,

227 338 338 381 quae
368 321 626 364 mordentur.

344 395 401 452 [7.
434 396 513 437 Sed
544 395 637 450 quia
667 400 794 434 mente
816 393 950 433 minus
972 389 1149 432 ualidus.
1208 386 1542 429 Inconstantiam
1564 392 1605 427 et
1633 384 1764 426 animi
1794 383 1989 427 morbum
2018 383 2062 426 in

230 469 357 513 Celso
389 475 504 510 taxat
535 467 611 509 sub
643 480 826 522 persona
857 460 965 521 sua]

163 557 181 586 5
343 557 463 599 quam
495 554 662 598 corpore
694 548 785 582 toto.
844 537 947 580 Ideo
980 536 1051 588 ait,
1097 542 1141 578 ut
1172 533 1366 591 quamuis
1396 539 1560 589 partem
1594 531 1844 575 ualidiorem
1874 531 2064 574 ostendat
2106 526 2108 528 ’

231 633 358 674 quam
390 616 578 658 animum
609 629 744 656 suum.

346 692 382 732 8.
416 690 522 747 quod
554 690 659 731 leuet
688 701 868 743 aegrum.
942 684 1049 728 Vult
1078 683 1233 734 dicere,
1275 681 1389 737 quod
1429 679 1741 736 philosophiam
1780 678 1944 735 inplere
1982 693 2066 721 non
2108 706 2113 730 ς

231 764 378 821 possit.

347 838 490 895 [Quod
522 838 626 879 leuet
657 834 857 891 [myrum]
927 831 1212 888 Allegoricos,
1258 829 1303 871 id
1333 836 1407 879 est,
1454 828 1567 884 quod
1598 827 1786 869 animum
1816 832 1986 869 reuocet.
2015 825 2068 868 ab
2109 854 2116 866 ι

170 923 211 955 10
237 912 464 955 erroribus.

349 987 386 1027 9.
418 985 592 1026 medicis.
654 980 742 1034 Qui
772 980 913 1022 animo
943 977 1104 1021 mederi
1138 977 1285 1019 uolunt
1314 975 1596 1032 philosophia.

353 1060 416 1100 10.
451 1071 591 1100 arcere
622 1064 800 1098 veterno.
860 1052 1017 1095 Morbo
1049 1051 1234 1107 quodam
1265 1049 1352 1093 otii.
1411 1049 1508 1091 Hoc
1529 1049 1604 1090 ait:
1637 1063 1720 1090 non
1742 1048 1973 1104 patiuntur,
2004 1062 2071 1090 me
2110 1068 2113 1104 3

237 1133 496 1175 desidiosum
528 1144 631 1172 esse.

352 1208 416 1247 17.
452 1206 500 1247 Ut
531 1212 574 1246 tu
603 1204 826 1257 fortunam.
903 1200 1040 1254 Quasi
1071 1199 1248 1240 diceret:
1295 1197 1330 1239 si
1360 1197 1403 1238 in
1434 1196 1559 1238 rebus
1589 1196 1710 1237 laetis
1744 1210 1829 1237 non
1870 1194 2072 1246 efferaris,
2111 1223 2114 1228 -

171 1292 210 1323 15
236 1281 361 1325 facile
382 1279 465 1321 eris
487 1277 682 1320 omnibus
703 1282 861 1332 gratus.
921 1273 1019 1316 Hoc
1049 1280 1126 1315 est:
1161 1272 1195 1314 si
1225 1271 1404 1314 felicitas
1434 1270 1660 1312 inmutabit
1689 1276 1742 1320 te,
1788 1285 1864 1312 nos
1893 1269 1938 1311 in
1968 1269 2073 1310 ami·
2112 1257 2115 1260 ‚

239 1355 338 1398 citia
367 1362 439 1396 tua
468 1367 554 1395 non
584 1350 845 1397 durabimus.

479 1548 489 1560 ,
869 1494 1083 1538 Scholia
1114 1494 1344 1537 codicum
1373 1492 1445 1547 ab:

352 1574 518 1630 Dirigit
533 1573 644 1614 hanc
661 1571 883 1628 epistulam
901 1569 1022 1626 quasi
1042 1584 1119 1625 per
1140 1568 1277 1624 ipsam
1293 1567 1463 1609 Musam
1480 1564 1754 1608 Albinouano
1772 1563 1912 1616 Celso,
1935 1565 2078 1607 comiti

172 1661 214 1693 20
241 1657 281 1691 et
311 1648 476 1691 scribae
506 1646 689 1688 Neronis
719 1645 866 1687 Drusi.
926 1643 978 1685 In
1009 1658 1091 1698 qua
1122 1642 1238 1693 dicit,
1281 1657 1324 1684 se
1355 1648 1471 1682 tanta
1501 1640 1765 1696 aegritudine
1798 1640 1929 1681 animi
1958 1639 2076 1681 labo-

240 1738 348 1774 rare,
379 1728 425 1764 ut
456 1722 499 1763 in
530 1721 646 1762 nullo
677 1735 835 1770 eorum,
868 1732 977 1773 quae
1008 1722 1123 1759 recta
1153 1723 1261 1766 sunt,
1298 1715 1539 1757 delectetur.
1600 1713 1723 1767 Quae
1743 1714 1884 1770 passio
1904 1720 2078 1756 uocatur

242 1797 462 1852 letharqica
493 1795 583 1837 siue
615 1794 694 1850 (et)
737 1793 894 1836 accidia
935 1791 1028 1847 (sic.
1058 1791 1085 1832 l.
1118 1790 1304 1846 ἀκηδία),
1349 1805 1457 1846 quae
1497 1789 1710 1832 hominem
1752 1787 2078 1831 somniculosum

242 1878 283 1914 et
313 1870 567 1914 obliuiosum
598 1868 738 1911 reddit
768 1882 863 1910 cum
894 1865 1039 1908 dolore
1069 1864 1233 1920 capitis.

361 2062 393 2101 1)
422 2060 586 2099 Carpserit
610 2059 658 2101 γῐ).
686 2058 756 2088 rell.
775 2067 835 2088 om.
867 2056 909 2088 C:
935 2055 1140 2086 momorderit.
1168 2055 1358 2093 corruperit.
1385 2053 1468 2085 Cum
1493 2054 1551 2085 hoc
1577 2055 1701 2085 scholio
1726 2055 1797 2084 exit
1823 2053 1947 2084 Comm.
1973 2054 2004 2084 h.
2031 2063 2080 2092 ep.

245 2120 279 2149 in
305 2128 350 2148 ca.
399 2118 435 2157 3)
463 2117 562 2147 schol.
588 2126 648 2146 om.
674 2114 827 2158 7b,Cvca.
893 2114 928 2152 5)
955 2114 1015 2144 hoc
1042 2112 1144 2143 schol.
1173 2115 1204 2142 et
1230 2116 1384 2150 quattuor
1409 2121 1498 2151 seqq.
1524 2113 1565 2141 ad
1589 2122 1620 2141 u.
1641 2113 1669 2141 8.
1691 2113 1718 2141 9.
1740 2113 1791 2141 10.
1817 2112 1945 2142 inuerso
1970 2111 2082 2141 ordine

243 2175 463 2214 Porphyrioni
489 2174 638 2204 tribuunt
664 2171 709 2202 fh.
736 2172 858 2202 habent
882 2168 1042 2213 7b(G‘.>Q).
1061 2168 1198 2200 conf.C:
1226 2170 1301 2199 ‘cota
1329 2170 1400 2200 ideo
1426 2170 1473 2199 ait
1497 2173 1563 2207 toto,
1588 2174 1624 2199 ut
1641 2187 1675 2190 »ψ
1697 2169 1862 2205 animum',
1890 2179 1950 2198 om.
1977 2177 2080 2199 suum.

247 2233 280 2272 7)
307 2232 406 2262 schol.
434 2231 555 2260 habent
580 2231 653 2271 *fluv
679 2228 780 2268 (Quid
805 2228 908 2267 leuet)
936 2225 1054 2266 (GPQ).
1082 2226 1128 2256 fh.
1154 2227 1187 2256 in
1211 2226 1330 2265 Porph.
1357 2227 1427 2256 rell.
1455 2236 1515 2256 om.
1566 2227 1601 2266 9)
1628 2226 1728 2256 schol.
1756 2227 1790 2255 in
1814 2225 1894 2260 be.
1920 2226 1976 2267 yb:
2003 2225 2082 2254 alle-

246 2288 346 2328 goria,
374 2288 458 2327 quod
484 2288 624 2317 animum
650 2286 688 2315 ab
714 2295 774 2315 err.
802 2288 940 2315 reuocet.
978 2284 1148 2322 Allegoria
1173 2285 1257 2322 quod
1291 2285 1431 2313 animam
1461 2293 1526 2313 reu.
1565 2284 1604 2313 ab
1642 2292 1701 2313 err.
1738 2292 1769 2313 v.
1807 2282 1890 2312 conf.
1918 2281 1960 2312 C:
2000 2282 2084 2312 ‘leuet

245 2356 379 2386 aeyrum.
405 2345 529 2375 releuet
562 2343 810 2382 aegritudinem,
847 2342 1046 2380 allegoricos,
1085 2342 1169 2380 quod
1194 2342 1290 2371 anim.
1316 2342 1355 2370 ab
1382 2350 1441 2370 err.
1479 2345 1506 2369 et
1527 2339 1609 2370 uitiis
1634 2340 1782 2370 reuocet.'
1819 2340 1887 2370 rell.
1914 2349 1975 2370 om.
2027 2339 2082 2378 11)
2115 2319 2119 2328 '

247 2403 348 2433 schol.
374 2403 496 2432 habent
520 2401 596 2436 th.
623 2400 705 2430 conf.
736 2401 773 2441 *fb
800 2399 892 2429 infra.
921 2398 962 2428 C:
991 2398 1134 2429 ‘medicis
1160 2399 1341 2437 magistris,
1370 2398 1496 2427 scilicet
1512 2397 1725 2435 Pliiloso27712's,
1751 2397 1805 2435 qui
1830 2397 1938 2426 animo
1963 2395 2083 2425 mederi

246 2461 371 2490 uolunt.
400 2460 499 2489 habet
524 2459 658 2488 lemma:
692 2456 824 2487 Valiclzcs.
852 2457 905 2494 qui
933 2457 1041 2486 auimo
1067 2456 1189 2485 mederi
1214 2455 1339 2485 uolunt.
1366 2454 1498 2484 Volunt.
1528 2455 1589 2484 hoc
1606 2459 1655 2484 est
1673 2454 1901 2492 philosophia.'
1929 2457 1985 2483 toto
2010 2452 2083 2482 ideo

247 2519 293 2548 ait
318 2522 354 2547 ut
379 2526 482 2546 suum.
550 2514 605 2555 12)
632 2514 738 2544 Schol.
765 2514 886 2543 habent
924 2512 960 2542 fh
985 2514 1024 2542 ad
1050 2513 1164 2551 Porph.
1193 2516 1224 2542 et
1249 2512 1277 2547 Q
1301 2513 1340 2541 ad
1365 2511 1439 2541 Acr.
1477 2511 1587 2541 Morbo
1612 2522 1641 2550 q.
1669 2512 1727 2541 otii
1755 2511 1829 2550 (ocii
1852 2508 1899 2549 b).
1938 2510 1998 2539 hoc
2032 2511 2082 2538 est.
2124 2524 2127 2525 ν

248 2584 304 2604 cur
329 2574 401 2612 (aut
413 2574 449 2612 v)
476 2582 520 2602 me
545 2582 609 2602 non
635 2572 803 2610 patiuntur
829 2571 895 2599 deS.
921 2579 990 2599 esse
1015 2571 1052 2611 *fb
1079 2569 1264 2607 (patiuntur
1290 2568 1369 2607 non)
1398 2569 1466 2598 rell.
1495 2578 1555 2598 om.
1608 2568 1662 2606 14)
1689 2568 1790 2598 schol.
1819 2567 1919 2602 Quasi
1945 2584 1987 2587 —
2012 2574 2084 2604 gra-

249 2636 301 2662 tus
327 2630 404 2666 th.
432 2630 501 2660 rell.
528 2640 588 2660 om.
614 2629 684 2659 Hoc
708 2646 749 2649 -—
777 2628 963 2657 durauimus
990 2627 1028 2662 Q.
1077 2627 1147 2657 Hoc
1171 2644 1212 2647 μ-
1238 2625 1419 2655 manebimus
1443 2625 1478 2655 fh
1504 2626 1545 2655 ad
1562 2625 1681 2664 Porph.
1733 2624 1789 2663 15)
1816 2623 1975 2654 mucaztcrit
1998 2627 2030 2653 te
2052 2623 2083 2652 b.
2116 2648 2119 2669 ἶ

250 2698 307 2718 nos
333 2692 362 2718 et
384 2689 417 2717 in
442 2688 471 2717 b.
498 2692 554 2716 tua
580 2687 670 2716 amic.
696 2686 743 2727 γὶ).
811 2683 867 2724 15)
893 2683 964 2714 foel.
991 2694 1022 2713 v.
1088 2683 1144 2722 16>
1173 2682 1357 2713 durabimus
1382 2684 1464 2724 ⁵ybs.
1491 2681 1574 2712 conf.
1601 2681 1643 2712 C:
1683 2682 1762 2711 *Hoc
1787 2698 1826 2702 —·
1853 2680 2082 2716 immutabitur,
2116 2677 2119 2719 ζ

250 2755 308 2775 nos
335 2746 366 2774 in
393 2749 447 2774 tua
473 2754 533 2774 am.
562 2753 625 2773 non
651 2742 825 2772 durbimus.
853 2742 929 2780 quia
953 2742 1007 2779 qui
1032 2742 1066 2770 in
1091 2741 1186 2770 rebus
1211 2741 1308 2770 laetis
1334 2740 1476 2776 effertur,
1506 2740 1654 2769 omnibus
1680 2739 1717 2769 fit
1742 2740 1900 2776 ingratus.
1925 2738 2022 2768 aliter.
2047 2739 2086 2767 ut
2116 2728 2119 2752 ¹

249 2806 295 2838 tu,
333 2803 450 2840 inquit,
487 2801 706 2837 Albinouane,
743 2800 936 2830 felicitatem
960 2802 1060 2836 tuam,
1098 2802 1130 2828 et
1160 2807 1343 2835 processum
1373 2798 1407 2827 in
1431 2797 1610 2827 amicitiam
1648 2795 1789 2832 Claudii,
1826 2805 1890 2826 non
1927 2793 2084 2825 insolenti

251 2860 368 2896 animo,
407 2868 510 2897 neque
536 2858 735 2897 superbienti
761 2857 885 2892 tuleris,
924 2856 1102 2886 amicitiam
1128 2859 1218 2885 tuam
1243 2855 1394 2893 feremus,
1421 2859 1452 2884 et
1478 2854 1701 2884 seruabimus!
1733 2853 1818 2882 Huic
1843 2852 2011 2882 consimile
2037 2854 2086 2881 est
2116 2846 2120 2871 ³⁴

252 2917 351 2946 schol.
383 2917 416 2946 in
441 2916 512 2958 Βφι
552 2915 598 2944 ‘ut
624 2919 658 2944 tu
684 2932 725 2934 —
752 2914 872 2943 claudii
900 2923 964 2942 non
990 2913 1163 2942 insolenter
1188 2922 1224 2942 ac
1248 2911 1373 2951 superbe
1398 2912 1570 2950 (superbae
1596 2911 1634 2954 φ)
1664 2910 1789 2940 tuleris.
1825 2909 1868 2939 ita
1899 2918 1953 2939 nos
1976 2916 2086 2948 quoque

252 2983 311 3002 non
329 2973 464 3003 insolenti
481 2972 579 3002 (mimo
596 2981 688 3011 neque
705 2970 885 3010 superbienti
900 2970 1077 3000 amicitiam
1095 2979 1165 3010 εῖν-90
1190 2973 1215 2999 te
1232 2969 1453 3000 seruabimus.'
1504 2963 1560 3007 2'0)
1580 2977 1618 2997 an
1636 2968 1732 3006 egrit.
1751 2967 1782 2997 b.
1832 2966 1888 3005 21)
1908 2966 2086 2996 delectatur
2115 2966 2120 3007 l

253 3032 284 3060 l).
336 3030 393 3069 22)
420 3031 576 3067 letargica
602 3031 672 3059 siue
690 3029 811 3059 accidia
830 3028 908 3067 (sic)
926 3029 975 3069 γῐ).
1001 3027 1081 3057 conf.
1096 3027 1164 3070 Bep:
1191 3027 1318 3066 Dirigit
1338 3045 1369 3048 —0
1389 3029 1522 3056 uocatur
1546 3024 1697 3065 litaryium
1722 3025 1792 3055 siue
1810 3027 1842 3054 et
1858 3023 1981 3053 accedia
2005 3030 2086 3061 quae
2116 3010 2121 3059 l

254 3087 365 3116 homini
387 3096 520 3117 somnum
544 3086 654 3117 excutit
678 3091 710 3116 et
735 3103 775 3106 ψ
804 3085 936 3123 capitis.
962 3084 1011 3115 De
1036 3094 1068 3114 u.
1095 3083 1219 3125 lethary.
1247 3084 1329 3115 conf.
1356 3083 1474 3123 Porph.
1500 3082 1583 3114 Plin.
1608 3081 1730 3121 XXIII,
1752 3082 1786 3112 1:
1823 3080 1941 3111 morbus
1965 3080 2084 3110 lethar-
2117 3062 2120 3140 l

257 3144 359 3182 gicus.
387 3144 473 3174 Plin.
501 3143 614 3182 XXIV,
631 3145 660 3174 9.
687 3142 858 3181 lethargia.

2116 3141 2120 3242 l

2118 3263 2120 3304 Ι

2118 3347 2120 3385 Ι
