2148 3412
790 100 838 132 IN
864 101 973 133 ΛΒΤ.
999 100 1131 133 Pom.
1801 90 1881 130 623

163 225 258 266 273.
290 224 540 266 inurbanum
572 225 701 281 lepido
732 240 920 282 seponere
952 226 1067 267 dicto.
1130 224 1408 278 [Inui-banum
1439 241 1464 268 a
1492 225 1687 279 ioculari]
1723 225 1883 268 iocula-

48 298 150 340 riter
179 298 306 348 dicto,
336 297 405 339 uel
436 298 682 348 acrimonia,
713 298 758 339 id
789 306 863 348 est,
895 299 1120 354 prudentia
1150 306 1189 341 et
1219 300 1458 342 urbanitate
1489 315 1697 343 sensuum.

163 373 257 414 274.
289 372 420 427 dz'yt'tis
452 372 648 414 callemus
679 381 716 414 et
745 387 857 414 aure.
890 388 1003 415 aure.
1032 372 1119 414 Pro
1150 388 1252 415 sono
1283 375 1434 429 posuit.
1501 375 1711 423 Callemus,
1742 374 1786 415 id
1808 381 1883 425 est,

50 446 226 496 scimus,
263 445 470 487 nouimus.
544 444 726 488 Duobus
770 446 907 488 modis
954 454 1134 488 metrum
1172 447 1456 503 adsequimur,
1505 455 1575 490 aut
1616 448 1774 505 digitis,
1816 455 1886 490 aut

49 534 162 561 aure.
225 521 366 575 Dz'qt'tz's
396 525 535 560 autem
566 526 686 574 parte
717 520 953 575 rhythmica
989 527 1028 562 et
1065 521 1251 563 numeris
1283 519 1354 577 (C.
1385 521 1463 572 IV,
1495 523 1532 572 6,
1565 523 1658 575 35):
1699 523 1885 564 Lesbium

49 602 208 636 seruate
232 594 376 650 pedem
405 594 601 649 meique*)
630 594 791 650 pollicis
821 595 955 636 ietmn.
1016 596 1164 650 Dz'yz‘tz's
1203 602 1343 637 autem
1380 605 1414 637 el
1452 611 1562 645 aure,
1608 597 1707 651 quia
1747 611 1885 646 sonus,

51 667 175 709 metri
206 666 373 722 pollicis
404 666 582 721 strepitu
613 675 653 708 et
683 667 797 709 auris
828 668 1100 724 perceptione
1131 668 1305 724 probari
1342 669 1459 720 sole-t,
1500 670 1613 711 unde
1652 677 1692 712 et
1730 670 1887 725 dactyli

50 741 180 797 pedes
211 740 383 794 quidam
415 740 517 782 dicti
549 747 664 790 sunt3
698 748 738 782 et
767 741 849 796 ipsi
879 742 1008 796 pedes
1034 742 1133 784 inde
1155 743 1358 798 adpellati
1378 750 1486 794 sunt,
1519 743 1718 799 quoniam
1739 759 1888 786 sonum

51 821 278 857 metrorum
326 814 448 870 pulsu
494 814 616 869 pedis
652 815 784 857 nostri
828 815 1090 858 adiuuamus.
1151 817 1349 872 Ignotum.
1386 815 1503 859 Ante
1539 818 1743 873 ignotum.
1783 827 1886 873 traq.

49 904 137 945 qen.
169 891 252 931 inu.
285 889 392 930 Cam.
452 888 584 930 Modo
615 889 730 940 dicit,
762 905 786 931 a
818 904 900 944 quo
930 890 983 931 sit
1013 890 1185 932 inuenta
1215 890 1450 947 tragoedia.

164 964 260 1005 276.
293 972 328 1005 et
355 964 554 1020 plaustris
586 965 741 1006 nexisse
767 973 954 1020 poemata
990 965 1164 1021 Thespis.
1212 964 1321 1006 Tam
1351 965 1483 1006 multa
1513 965 1746 1021 scripsisse,
1780 980 1888 1020 quae

51 1044 194 1093 posset
224 1037 425 1093 plaustris
463 1037 684 1079 aduehere.
745 1037 860 1079 Ante
898 1038 1009 1079 enim
1050 1038 1167 1080 chori
1205 1038 1248 1079 in
1287 1038 1485 1094 plaustris
1522 1039 1735 1081 constituti
1775 1039 1888 1081 circa

51 1111 167 1154 uicos
197 1111 440 1167 tragoedias
470 1111 680 1153 dicebant.

164 1187 260 1226 277.
297 1186 410 1236 Quae
442 1193 641 1227 canerent.
681 1184 778 1227 Hoc
799 1186 853 1227 ad
875 1186 1048 1227 chorum
1080 1186 1250 1237 rettulit,
1284 1186 1454 1242 qoniam
1473 1187 1719 1243 tragoediae
1741 1187 1890 1229 choros

51 1258 319 1316 habe[ba]nt.
380 1268 630 1316 ayerentque.
690 1258 788 1301 Hoc
830 1259 990 1301 rettulit
1028 1260 1084 1301 ad
1127 1268 1302 1302 actores.
1357 1262 1549 1316 peruncti
1584 1262 1761 1316 faecibus
1803 1276 1890 1303 ora.

52 1331 266 1382 Delibuti3
299 1333 486 1375 nondum
518 1333 631 1375 enim
661 1348 761 1375 usus
791 1333 986 1375 inuentus
1017 1341 1106 1375 erat
1136 1348 1425 1389 personarum.

167 1408 262 1449 278.
286 1408 501 1465 pallaeque
532 1417 716 1464 ‘repertor
747 1410 946 1451 honestae.
998 1409 1200 1451 Honestate
1232 1408 1293 1461 [id
1323 1408 1420 1465 est]‚
1452 1408 1668 1464 pulchrae,
1700 1408 1891 1456 decorae,

55 1481 255 1538 quoniam
285 1482 400 1537 palla
430 1482 513 1523 nisi
542 1497 627 1524 non
658 1482 844 1524 honestis
876 1482 1067 1538 personis
1097 1482 1233 1523 datur.

167 1557 262 1597 279.
300 1565 337 1598 et
371 1556 545 1598 modicis.
607 1555 784 1598 Modum
826 1556 1090 1607 habentibus,
1128 1556 1444 1599 sufficientibus.
1504 1558 1698 1599 instravit
1727 1558 1893 1614 pulpita

56 1631 184 1686 tiym's.
245 1628 459 1681 Ostendit,
490 1644 638 1672 scenas
669 1638 792 1672 antea
821 1646 906 1673 non
935 1631 1063 1673 fuisse
1095 1631 1291 1686 grandes.

169 1705 264 1746 280.
296 1704 415 1760 loqui.
449 1702 624 1746 Sonare.
683 1707 845 1762 m'lz'que.
877 1704 1117 1747 Incederes.

169 1779 263 1820 281.
295 1778 412 1820 Suco.
443 1786 558 1820 uetus
587 1779 659 1820 his.
718 1779 925 1835 Thespidi
957 1787 997 1821 et
1027 1778 1256 1834 Aeschylo.

171 1853 266 1894 281.
300 1853 394 1894 282.
425 1867 506 1894 non
537 1854 622 1895 sine
652 1854 781 1895 multa
816 1854 964 1895 Laude.
1025 1851 1236 1905 Quamuis
1275 1859 1419 1908 aperte
1456 1853 1738 1895 maledicebat
1774 1862 1895 1895 uetus

58 1926 289 1977 comoedia,
330 1934 469 1967 tamen
501 1927 654 1968 meruit
684 1927 865 1977 laudem.
909 1928 1010 1983 quia
1040 1927 1289 1969 nominatim
1321 1927 1647 1983 adpellabantur
1678 1928 1895 1983 principes

58 1999 239 2042 ciuitatis
281 2015 305 2041 a
342 2000 752 2056 comoediographis‚
803 2002 876 2042 alii
923 2002 977 2042 ad
1016 2002 1230 2049 honorem,
1272 2001 1345 2042 alii
1383 2002 1437 2042 ad
1475 2001 1685 2042 iniuriam.
1745 2003 1816 2043 sed
1851 2004 1894 2043 in
1921 2015 1937 2041 *-

58 2075 201 2117 uitium
233 2075 411 2117 libertas.
462 2075 702 2117 Licentiam
734 2075 947 2117 habebant
978 2076 1162 2126 saturici,
1195 2090 1332 2117 mores
1364 2075 1665 2130 cuiuscumque
1696 2074 1894 2126 scribere,

60 2156 285 2204 antequam
316 2149 382 2190 lex
414 2165 439 2191 a
470 2158 616 2192 senatu
646 2150 732 2191 lata
762 2150 928 2199 fuisset3
967 2165 1069 2205 ergo
1100 2150 1144 2190 in
1174 2150 1528 2205 uituperationem
1560 2149 1712 2191 chorus
1744 2149 1895 2204 erupit,

60 2223 186 2278 quod,
218 2223 412 2265 libertate
444 2224 623 2275 sublata,
654 2224 898 2280 uituperare
929 2224 1064 2265 desiit.
1115 2223 1290 2265 Aliter
1322 2223 1456 2281 [Vel]:
1489 2232 1635 2279 postea
1664 2223 1897 2279 uituperari

62 2297 199 2353 coepit
229 2297 322 2354 ipsa
343 2299 577 2355 tragoedia,
610 2299 709 2353 quia
728 2298 861 2340 libere
883 2298 1163 2339 maledicebat
1184 2304 1223 2338 et
1245 2297 1583 2353 reprehendebat
1603 2312 1740 2339 mores
1760 2297 1896 2339 homi-

61 2386 175 2422 num,
208 2379 248 2413 et
277 2372 356 2414 hac
388 2373 439 2414 de
462 2388 588 2414 causa
609 2373 703 2428 lege
724 2372 938 2427 prohibita
959 2380 1018 2414 est
1049 2372 1358 2426 ὄνοματοποιία,
1390 2386 1497 2427 quae
1519 2371 1767 2412 nominatim
1788 2370 1897 2411 male

2 2503 5 2516 ὅ
62 2444 326 2500 loquebatur,
357 2445 401 2487 id
433 2454 507 2497 est,
539 2446 832 2488 maledicebat.
883 2447 997 2488 [etus
1028 2454 1165 2487 autem
1197 2446 1304 2487 dixit
1335 2446 1388 2487 ad
1421 2445 1765 2501 conparationem
1796 2444 1899 2494 eius,

204 2671 236 2710 1)
262 2671 462 2702 Inurbanum
487 2681 505 2701 a
530 2673 590 2702 ioc.
619 2682 680 2702 om.
706 2681 733 2714 γ.
761 2672 780 2701 i.
808 2672 994 2701 ioculariter
1020 2670 1097 2709 (sic)
1124 2681 1152 2713 γ.
1181 2671 1250 2700 rell.
1270 2680 1331 2701 om.
1381 2671 1416 2709 2)
1444 2670 1495 2699 uel
1519 2679 1545 2710 γ.
1572 2670 1643 2699 rell.
1670 2679 1730 2699 om.
1780 2669 1815 2706 3)
1842 2670 1902 2699 Pro

65 2736 141 2758 sono
159 2729 268 2767 posuit
284 2739 311 2770 γ.
361 2730 396 2768 5)
416 2738 477 2767 pro
502 2728 693 2758 arithmetica
710 2738 735 2770 γ.
756 2729 823 2758 rell.
842 2733 933 2767 parte
950 2728 1138 2768 rhythmica
1156 2727 1352 2766 (rithmica).
1413 2728 1447 2766 6)
1474 2727 1540 2765 dig.
1568 2731 1619 2756 aut
1642 2736 1718 2756 aure
1743 2736 1767 2755 r.
1793 2730 1902 2756 autem

8 2807 10 2819 s
66 2794 127 2814 om.
144 2784 190 2814 fh.
241 2786 276 2824 8)
302 2786 379 2815 inde
398 2796 458 2815 om.
478 2786 605 2823 G‚rvca.
634 2791 731 2815 tamen
755 2795 826 2824 app.
854 2796 877 2814 r.
928 2786 962 2824 9)
989 2786 1130 2824 Iynotum.
1158 2789 1233 2815 ante
1259 2785 1326 2822 ign.
1354 2794 1378 2825 γ.
1405 2784 1476 2813 rell.
1503 2793 1563 2813 0111.
1590 2784 1673 2813 conf.
1690 2782 1733 2812 C:
1761 2783 1814 2812 hic
1832 2784 1902 2821 agit

68 2841 108 2871 de
132 2843 319 2872 inuentione
337 2844 535 2882 tragoediae.
588 2843 643 2881 15)
671 2843 793 2872 habent
810 2852 837 2884 γ.
857 2843 926 2872 rell.
946 2843 1121 2872 habebant.
1173 2843 1228 2881 16)
1254 2841 1403 2870 Delibuti
1427 2839 1479 2881 γΟ.
1499 2840 1569 2870 rell.
1589 2850 1648 2869 om.
1668 2840 1698 2869 ἰη
1716 2844 1784 2870 erat
1801 2849 1827 2881 γ.
1855 2840 1903 2869 in-

10 2897 11 2931 ἶ
68 2903 186 2930 uentus
214 2899 249 2929 C.
276 2900 344 2929 rell.
372 2905 449 2930 erat.
502 2901 556 2939 17)
583 2900 730 2929 Honestae
755 2900 812 2928 alt.
840 2909 901 2929 om.
928 2898 997 2929 NG.
1025 2916 1062 2920 —-
1084 2899 1117 2928 id
1144 2903 1192 2928 est
1217 2908 1278 2928 om.
1305 2897 1362 2939 ⁴(G.
1390 2898 1522 2927 decorae
1548 2906 1608 2926 om.
1634 2896 1673 2925 N.
1731 2896 1789 2935 22)
1815 2897 1902 2926 thes-

69 2957 159 2995 piadi
184 2961 216 2988 et
233 2957 373 2987 aschellz‘o
393 2957 471 2996 (sic)
498 2967 523 2999 γ.
543 2957 611 2987 rell.
632 2967 694 2986 om.
744 2956 802 2994 25)
829 2956 871 2985 cccl
893 2957 968 2987 hon.
995 2957 1036 2985 al.
1062 2956 1104 2986 ad
1128 2957 1183 2985 ini.
1209 2955 1257 2996 γΝ
1282 2954 1365 2984 Med.
1381 2953 1478 2991 G,1·Q.
1504 2954 1561 2983 alii
1579 2954 1655 2983 hon.
1683 2953 1723 2983 al.
1751 2954 1903 2982 iniuriam

12 3007 15 3036 ἶ
69 3023 99 3043 v.
118 3014 188 3043 rell.
206 3013 238 3043 in
255 3015 316 3044 bis.
366 3015 423 3053 28)
452 3014 534 3053 quod
555 3023 583 3055 γ.
609 3014 678 3043 rell.
706 3013 769 3051 qui.
787 3030 826 3033 —-
843 3013 925 3042 desit
947 3022 974 3054 γ.
1024 3013 1082 3052 29)
1110 3017 1141 3042 et
1166 3013 1289 3050 repreh.
1318 3021 1377 3040 om.
1403 3011 1449 3039 fh.
1476 3013 1507 3039 et
1532 3019 1615 3047 repr.
1631 3010 1904 3040 —maledicebat

13 3069 15 3116 ζ
71 3081 130 3101 om.
168 3083 192 3102 r.
230 3082 271 3102 ex
298 3073 566 3103 homoeoteleuto.
617 3072 674 3108 30)
702 3071 893 3108 prohibitam
916 3072 961 3100 fh.
988 3065 1240 3101 EHONUMA'I'O
1267 3064 1303 3098 eA
1322 3063 1364 3097 eI'
1381 3062 1604 3107 (memmae)
1621 3076 1648 3107 γ.
1676 3067 1789 3096 lacuna
1814 3072 1904 3105 patet

14 3131 17 3163 ὲ
72 3128 104 3158 in
127 3129 158 3159 N
174 3129 260 3159 Med.
287 3130 324 3160 G.
351 3126 607 3170 ὀνοματοποιεῖν
634 3127 716 3157 cafh.
747 3123 977 3168 ὀνοματοποιία
995 3127 1030 3163 Q.
1081 3127 1115 3166 >³)
1142 3124 1255 3164 pedem
1282 3126 1375 3164 eique
1398 3134 1426 3167 γ.
1453 3129 1480 3154 ec
1502 3123 1570 3154 nixi
1593 3123 1670 3159 th.
1697 3125 1769 3155 rell.
1796 3134 1856 3155 om.

1916 901 1954 932 10

1919 1269 1956 1300 15

1924 2381 1965 2411 30
