2148 3412
790 99 840 132 IN
864 100 1009 133 EPIST.
1035 101 1080 140 11,
1106 104 1135 133 2.
1799 93 1877 134 561

161 224 226 265 75.
261 224 350 265 Hac
381 224 540 265 rabiosa
568 225 677 279 suffit
707 225 831 265 cauis.
891 223 1014 265 Haec
1046 231 1152 275 sunt,
1187 225 1338 280 quibus
1370 226 1554 268 ostendit
1579 242 1707 284 puras
1723 228 1879 284 plateas

0 350 1 355 ¹
47 312 129 339 non
161 311 264 346 esse,
296 296 340 337 in
372 295 523 351 quibus
555 297 746 352 cogitans
776 303 901 352 poeta
930 298 1042 339 uelut
1071 313 1242 341 securus
1272 300 1452 342 incedat.

159 371 223 411 76.
256 371 282 410 Ι
306 384 426 411 uum.
501 368 754 425 Opportune
786 385 862 425 per
892 371 1114 427 epitropen
1145 373 1340 424 ostendit,
1372 374 1464 416 fieri
1496 374 1685 417 carmina
1716 374 1877 417 Romae

47 459 130 486 non
160 457 298 499 POSSO·

0 531 2 539 r

164 519 228 558 77.
261 517 514 574 Scriptorum
546 517 692 559 chorus
722 519 859 559 omnis.
919 517 991 559 Ad
1022 519 1215 574 superius
1246 527 1541 576 argumentum
1572 521 1650 564 hoc
1681 522 1876 578 pertinet,

0 597 1 601 ’
44 605 126 646 quo
156 590 320 646 probat,
350 590 394 631 in
424 590 661 646 frequentia
691 590 808 632 urbis
838 597 1005 646 poetam
1038 591 1223 634 scribere
1254 608 1338 635 non
1368 609 1502 648 posse.

157 665 222 706 78.
252 664 342 706 Rite
385 664 505 706 cliens
543 664 706 707 Bacchi.
764 663 862 705 Non
903 664 1070 715 mirum,
1119 665 1268 721 inquit,
1315 668 1350 708 si
1391 674 1515 723 poeta
1563 683 1710 710 nemus
1750 677 1875 719 amat,

43 738 154 794 quod
191 743 303 779 amat
337 735 482 786 Liber,
514 737 698 780 musicus
737 737 854 786 deus,
893 738 936 779 in
968 738 1085 781 cuius
1126 739 1256 782 tutela
1293 746 1441 795 poetae
1481 756 1626 783 omnes
1664 744 1876 784 constituti

0 805 1 808 Ἴ
42 818 148 855 sunt.

154 885 219 927 80.
252 892 287 927 et
326 892 509 927 contacta
547 886 658 940 sequi
692 885 872 940 uastique.
948 884 1130 942 Legitur
1167 893 1207 928 et
1246 894 1467 936 contracta,
1513 895 1633 930 caute
1671 888 1874 944 inpressa,

40 964 85 1000 ut
112 973 162 1000 ea
192 958 404 1014 sequendo
436 958 659 1014 contigerit
689 958 887 1000 imitator.

153 1033 219 1074 81.
250 1033 473 1088 Inqenium,
505 1033 581 1074 sibi
614 1033 720 1088 quod
757 1046 913 1074 uacuas
955 1033 1175 1090 desumpsit
1204 1034 1391 1076 Athenas.
1455 1033 1540 1086 Qui
1571 1033 1765 1084 Athenis,
1797 1037 1872 1078 in-

42 1106 143 1163 quit,
182 1105 312 1147 multo
350 1112 539 1160 tempore
570 1106 835 1154 studuerunt,
876 1112 916 1147 et
945 1106 1050 1147 muti
1081 1113 1121 1148 et
1150 1106 1320 1149 ridiculi
1352 1108 1548 1149 euadunt.
1624 1108 1713 1151 Nec
1745 1111 1871 1161 enim,

40 1180 75 1222 si
94 1179 255 1222 Romae
276 1179 394 1229 uelis,
418 1179 581 1233 aliquid
597 1178 759 1221 discere
786 1185 918 1234 potes,
950 1179 1024 1220 ubi
1044 1180 1206 1221 nullum
1227 1181 1358 1222 otium
1380 1188 1452 1222 est.
1524 1182 1674 1224 Vaeuas
1698 1183 1873 1241 [autem]

40 1255 215 1297 Athenas
252 1259 392 1294 utrum
432 1252 598 1301 otiosas,
640 1268 694 1293 an
730 1267 807 1308 per
844 1253 1102 1308 hypallagen
1142 1253 1234 1308 ipse
1273 1269 1446 1304 uacuus,
1487 1263 1532 1296 ut
1571 1255 1779 1299 Salustius
1817 1257 1874 1298 ait

0 1329 1 1375 i
41 1326 188 1384 (Histt.
208 1327 360 1383 fragm.
381 1327 526 1367 incert.
549 1328 586 1367 2.
609 1324 787 1381 Kritz.):
822 1329 874 1368 At
903 1327 1111 1369 Sertorius
1146 1342 1302 1370 uacuus
1333 1329 1455 1370 hieme
1487 1330 1617 1385 copias
1648 1344 1810 1385 ccuqere.

150 1402 215 1443 82.
248 1402 314 1443 83.
345 1402 593 1456 insenuitque
617 1400 760 1442 Libris.
819 1399 1008 1442 Insenuit
1029 1400 1186 1457 legitur
1206 1408 1246 1443 et
1266 1403 1459 1451 insonum
1483 1402 1557 1444 sed
1577 1402 1612 1444 si
1633 1405 1711 1446 ins
1724 1407 1873 1453 enuit,

0 1511 1 1528 ἶ
38 1474 233 1530 inpalluit
270 1482 312 1516 et
345 1474 578 1516 inmortuus
609 1480 671 1515 est
701 1473 911 1529 significat
921 1490 931 1523 3
974 1475 1008 1516 si
1039 1477 1237 1518 insonuit:
1276 1476 1501 1532 instrepuit
1531 1483 1657 1532 atque
1689 1478 1875 1520 exercuit

0 1543 1 1595 J
37 1563 184 1591 uocem
214 1548 486 1604 intellegitur.

151 1624 274 1671 curis,
305 1630 440 1664 statua
471 1622 707 1664 taciturnius
739 1623 831 1663 exit.
889 1620 1118 1678 Ingenium
1149 1622 1320 1665 scilicet.
1382 1622 1453 1665 An
1485 1632 1661 1667 statuam
1684 1622 1871 1682 (Curiie)

0 1709 1 1762 j
38 1711 114 1754 pro
150 1698 167 1752 Η
204 1696 479 1753 [re]qualibet
510 1695 627 1744 dixit,
674 1710 728 1736 an
749 1695 857 1745 ideo,
905 1709 998 1737 cum
1031 1696 1189 1752 duplex
1220 1697 1272 1738 sit
1303 1698 1518 1754 (sensusP)
1550 1699 1798 1754 plumbeus?
1840 1702 1857 1754 ll

0 1796 1 1800 =
37 1770 146 1813 Nam
179 1768 400 1814 CVRIVS
439 1770 492 1812 ob
523 1769 790 1812 seueritatem
820 1769 1175 1811 taciturnissimus
1207 1770 1299 1811 fuit.

149 1979 184 2018 2)
211 1980 244 2009 in
269 1996 311 1999 —
338 1978 467 2008 incedat
492 1986 552 2007 om.
578 1975 642 2019 Βφ.
707 1977 741 2015 3)
769 1975 901 2006 Lemma
923 1975 937 2004 I
964 1985 1050 2006 nunc
1075 1985 1136 2006 om.
1166 1977 1258 2015 vafh,
1296 1980 1468 2016 pergentes
1498 1978 1588 2009 Nunc
1612 1988 1684 2017 opp.
1711 1980 1782 2010 κατ’
1809 1976 1874 2010 ἐπι-

36 2034 154 2080 τροπὴν
179 2037 224 2066 fh.
251 2036 320 2066 rell.
346 2044 403 2074 per
429 2035 589 2073 etitropen
616 2032 675 2072 (—
701 2043 770 2072 pem
793 2032 840 2073 v).
866 2037 963 2072 oport.
989 2033 1033 2063 M.
1098 2033 1133 2072 6)
1162 2033 1244 2072 quod
1266 2034 1356 2064 vafh.
1382 2035 1451 2064 rell.
1479 2044 1551 2074 quo.
1584 2035 1687 2074 probet
1710 2035 1748 2066 R.
1776 2038 1874 2066 infre-

38 2094 170 2133 quentia
194 2093 261 2123 M2.
287 2110 329 2114 —
355 2101 448 2130 posse
476 2094 504 2121 et
528 2091 601 2121 ideo
627 2091 743 2121 debere
768 2091 879 2120 sedere
904 2091 936 2120 in
962 2090 1176 2120 solitudinem.
1203 2094 1284 2120 amat
1308 2090 1429 2133 Juemus.
1468 2095 1625 2122 secretam
1662 2093 1874 2124 solitudinem

0 2185 1 2189 Ἰ
39 2150 101 2193 Βφ.
152 2150 185 2188 7)
213 2150 240 2179 si
265 2153 372 2188 poetas
397 2152 503 2178 amant
524 2157 595 2187 quos
620 2150 708 2177 amat
735 2148 818 2177 liber
841 2147 885 2176 M.
913 2147 940 2177 si
966 2150 1074 2185 poetas
1099 2152 1184 2178 amat
1207 2157 1282 2187 quos
1306 2148 1342 2178 R.
1382 2149 1408 2178 si
1441 2153 1532 2187 poeta
1557 2152 1642 2179 amat
1678 2159 1749 2188 quos
1775 2151 1804 2179 2.
1842 2154 1875 2181 et

0 2197 1 2247 l
38 2208 83 2237 sic
109 2216 151 2237 ex
176 2210 284 2245 poetas
309 2210 414 2235 amant
437 2215 518 2235 corr.
546 2204 584 2235 G.
611 2205 637 2234 si
664 2209 756 2242 poeta
779 2213 881 2234 nemus
907 2207 1004 2242 amat,
1039 2205 1124 2243 quod
1149 2210 1236 2235 amat
1259 2204 1340 2241 an.
1367 2205 1393 2234 si
1420 2209 1515 2244 poeta
1538 2215 1641 2235 nemus
1666 2210 1761 2243 amat,
1788 2208 1872 2245 quod

0 2251 1 2308 J
37 2264 137 2294 eadem
162 2274 223 2294 am.
248 2264 295 2293 fh.
323 2262 350 2298 Q
375 2263 560 2301 proposuit:
589 2263 627 2291 ‘si
653 2266 745 2300 pocta
770 2271 805 2290 ea
830 2264 916 2290 amat
941 2271 1022 2300 quae
1048 2270 1072 2291 s.
1099 2262 1125 2291 si
1152 2265 1248 2300 poeta
1273 2271 1309 2291 ea
1333 2266 1440 2291 amant
1462 2263 1552 2301 quae’
1580 2261 1658 2301 (¹2²1).
1708 2260 1744 2301 8)
1770 2266 1870 2292 const.

0 2351 2 2369 ³.
38 2325 111 2352 sunt
136 2321 208 2351 MR.
234 2321 302 2351 rell.
331 2323 406 2350 sunt.
432 2324 532 2349 const.
586 2319 641 2358 10)
667 2322 821 2348 contactas
839 2317 898 2356 (Σ
915 2322 1066 2349 contacta
1091 2319 1133 2357 s.)
1153 2329 1183 2348 u.
1209 2329 1239 2348 u.
1265 2319 1309 2348 M.
1337 2321 1484 2349 contacta
1502 2318 1585 2358 (bis)
1604 2318 1675 2356 (ἦν.
1708 2323 1872 2349 contracta

0 2380 2 2393 '
38 2378 118 2418 (bis)
144 2380 210 2408 afh.
235 2378 381 2408 Alteram
406 2377 576 2407 lectionem
601 2380 757 2406 contracta
781 2375 815 2404 M
840 2375 874 2405 in
901 2376 1025 2406 scholio
1051 2377 1159 2406 habet.
1211 2376 1267 2415 12)
1292 2377 1487 2414 consumpsit
1513 2375 1606 2413 G7va.
1632 2376 1731 2405 Errat
1756 2376 1872 2406 Editor

37 2435 207 2476 Pragensis
232 2437 359 2466 dicens:
387 2437 472 2473 ‘post
497 2436 571 2464 lem.
598 2436 713 2464 lacuna
738 2443 808 2463 esse
832 2434 963 2463 uidetur
988 2435 1033 2463 sic
1058 2433 1134 2464 fort.
1160 2433 1339 2472 explenda:
1376 2433 1468 2462 Dicit
1492 2442 1545 2462 cos
1572 2433 1624 2462 uel
1661 2433 1700 2461 de
1738 2433 1783 2461 eis
1820 2433 1871 2462 uel

37 2493 156 2533 Tangit
193 2503 244 2523 eos
281 2493 335 2522 uel
373 2492 479 2521 simile
505 2491 609 2529 quid';
648 2501 721 2521 nam
751 2491 826 2521 ordo
851 2490 1025 2520 manifeste
1050 2491 1102 2520 hic
1129 2494 1197 2521 est:
1237 2494 1269 2520 et
1295 2492 1376 2520 muti
1403 2493 1434 2519 et
1459 2490 1586 2519 ridiculi
1625 2490 1778 2527 madunt,
1817 2491 1871 2529 qui

36 2549 174 2581 Athenis
190 2568 229 2570 —
245 2550 450 2580 studuerunt.
477 2549 623 2579 Athenas
639 2543 851 2586 MG(001·r.).
902 2546 958 2587 13)
984 2547 1168 2577 studuerint
1193 2547 1230 2577 R.
1256 2547 1349 2577 multi
1363 2546 1468 2576 MRG.
1521 2547 1577 2586 14)
1605 2547 1758 2576 disserere
1783 2548 1870 2576 vaih.

37 2611 127 2646 potes
152 2617 212 2637 om.
239 2605 332 2636 MRG
357 2606 420 2644 (po.
449 2607 483 2635 in
509 2604 638 2643 marg)
658 2622 699 2625 —
717 2608 823 2634 autem
849 2605 894 2634 fh.
922 2607 1025 2634 utrum
1050 2605 1169 2634 otiosas
1183 2604 1226 2634 M.
1260 2608 1425 2643 utrumque
1451 2607 1494 2633 ot.
1524 2602 1561 2633 G.
1588 2603 1742 2641 utrimque
1769 2609 1811 2633 ot.
1842 2604 1870 2633 2.

39 2665 92 2704 18)
117 2664 288 2694 inmoratus
305 2663 346 2693 M.
366 2663 435 2693 rell.
453 2662 649 2692 immoratus.
669 2661 834 2691 Baxterus
853 2671 912 2691 em.
929 2662 1117 2691 immortuus.
1136 2660 1311 2696 XXXXIV,
1338 2660 1453 2690 Iustin.
1473 2661 1525 2696 44Υ
1548 2661 1604 2689 22;
1633 2661 1815 2689 tormentis.
1832 2660 1871 2689 cs.

39 2719 80 2751 C:
107 2721 309 2759 insenuitque.
338 2720 511 2758 impalluit,
538 2720 565 2749 si
591 2728 693 2748 senex
718 2718 864 2748 effectus.
913 2719 970 2757 20)
997 2718 1094 2748 curiis
1119 2722 1240 2749 statuat
1259 2718 1337 2757 (sic)
1358 2721 1378 2747 t.
1405 2718 1484 2746 exit.
1513 2717 1579 2755 ing.
1605 2716 1678 2746 MR.
1729 2716 1786 2755 21)
1815 2726 1871 2754 pro

38 2778 190 2816 qualibet,
217 2787 278 2808 om.
305 2786 350 2814 re,
375 2776 533 2814 MRG,va.
561 2794 601 2797 m
627 2786 681 2805 cur
705 2775 766 2805 MR
791 2776 867 2814 dup.
893 2776 935 2805 sit
961 2776 1128 2813 plumbeus
1153 2774 1277 2805 MR2G.
1302 2774 1372 2804 rell.
1401 2774 1591 2811 plumbeum.
1623 2791 1650 2793 >ff
1690 2774 1771 2804 conf.
1802 2774 1870 2816 Βφε

37 2838 145 2865 statua.
172 2844 227 2873 pro
253 2834 396 2873 qualibet
419 2837 528 2863 statua.
555 2831 798 2862 DESVMPSIT
830 2832 880 2871 (in
905 2833 977 2862 lem.
1005 2836 1036 2863 et
1061 2833 1095 2862 in
1119 2833 1247 2871 marg.)
1287 2831 1499 2869 consumpsit.
1536 2829 1696 2869 inssenium.
1734 2831 1872 2860 alicuius

39 2896 159 2931 poetae.
184 2901 307 2921 uacuas.
335 2892 455 2921 otiosas
482 2894 514 2920 et
539 2890 656 2920 studiis
684 2890 820 2919 deditas.
847 2889 944 2919 libris.
972 2899 996 2919 s.
1024 2890 1068 2919 in.
1095 2889 1163 2919 exit.
1189 2892 1284 2927 poeta
1310 2889 1343 2917 in
1380 2888 1553 2925 publicum.
1592 2888 1686 2916 libris
1725 2890 1756 2916 et
1793 2887 1874 2916 cuo-ii

40 2948 74 2988 (2
91 2960 134 2980 m.
160 2958 237 2979 corr.
265 2947 376 2987 curis).
405 2947 508 2977 eea-ius
533 2948 571 2976 ob
599 2947 807 2976 seueritatem
832 2947 1111 2976 taciturnissimus
1136 2946 1199 2976 fuit
1223 2946 1404 2983 multasque
1428 2947 1552 2974 statuas
1570 2953 1765 2974 marmoreas
1784 2944 1871 2973 fecit'

37 3006 98 3050 Βφ.
146 3006 236 3036 Idem
262 3005 361 3035 schol.
387 3005 509 3043 legitur
536 3004 632 3034 etiam
659 3005 692 3033 in
718 3004 809 3032 Harl.
837 3003 951 3041 (2688.
978 3013 1060 3033 saec.
1086 3003 1146 3043 IX)
1185 3007 1217 3033 et
1243 3001 1358 3031 Graeu.
1386 3001 1516 3039 (2725).
1566 3000 1641 3039 Ipsa
1665 3001 1760 3031 lectio
1790 2999 1875 3030 Curii

40 3063 121 3102 (curi
146 3064 187 3102 R)
215 3064 311 3093 ctiam
337 3063 371 3091 in
397 3062 470 3091 aliis
496 3065 577 3091 uett.
605 3061 698 3092 codd.
727 3063 780 3089 aut
805 3069 893 3098 pure,
920 3063 956 3090 ut
982 3061 1015 3089 in
1041 3060 1148 3096 Fran„
1187 3064 1242 3089 aut
1268 3068 1339 3088 cum
1375 3058 1508 3095 rasuris,
1546 3060 1580 3087 ut
1607 3058 1641 3086 in
1666 3058 1691 3087 E
1719 3061 1751 3087 et
1775 3057 1870 3086 Bern.

37 3119 67 3150 A
93 3120 139 3158 (in
165 3122 298 3158 utroque
323 3119 379 3149 alt.
407 3120 417 3149 i
442 3119 476 3147 in
501 3118 626 3157 smut.)
653 3117 800 3148 occurrit.
828 3116 1013 3149 Absurdam
1040 3126 1109 3147 eam
1135 3115 1265 3146 uocauit
1292 3114 1444 3144 Orellius.
1472 3117 1507 3144 ut
1534 3115 1667 3145 alteram
1693 3113 1869 3145 ‘Mei-curii.

174 3197 333 3223 HAUTHAL,
351 3196 418 3217 ACR.
434 3196 473 3217 ET
490 3195 603 3217 PORPH.
621 3195 650 3218 11.
1567 3181 1599 3205 36

1905 899 1942 930 10

1902 1266 1942 1298 15
