2148 3412
155 510 171 537 τι
220 496 397 552 physica
427 495 608 550 scripsit.
669 495 824 536 misera.
877 491 1119 534 Secundum
1151 490 1458 532 Democritum.
1516 491 1780 544 fortunatius.
1837 489 2047 547 [Beatius]
2104 488 2106 490 ’

159 875 196 905 10

160 1245 197 1275 15

223 71 303 111 626
859 75 963 107 Aer..
990 75 1049 106 ET
1075 74 1240 106 ronrfl.
1266 74 1413 106 COMM.

223 203 442 260 ingenium
475 199 653 258 [autem]
687 213 769 240 non
801 198 935 241 solum
967 197 1121 240 sufficit
1150 198 1204 239 ad
1235 197 1460 253 poeticam,
1492 211 1570 240 nec
1601 212 1681 239 ars.
1732 196 1868 239 Verbi
1888 196 2046 254 gratia:

223 278 432 329 Quattuor
462 281 557 316 sunt
588 287 746 330 genera
776 279 1016 328 poetarum:
1058 270 1135 313 Est
1166 270 1287 321 altus,
1326 277 1387 313 est
1418 271 1593 322 medius,
1633 277 1695 313 est
1730 271 1879 321 tenuis,
1919 278 1981 312 est
2009 277 2050 312 et

221 349 538 406 grandiloquus.
579 346 739 388 Tenuis
770 353 808 387 et
840 345 1004 387 medius
1035 351 1123 385 arte
1144 345 1259 392 fiunt,
1293 344 1402 385 altus
1436 343 1653 401 [magnus]
1677 350 1717 385 et
1745 344 2050 400 grandiloquus

222 432 381 464 natura.
441 421 524 463 Iste
549 420 688 477 [uero]
712 426 771 462 est
794 418 1065 461 Democritus
1087 432 1110 458 a
1131 431 1214 472 quo
1236 424 1348 459 secta
1369 423 1430 458 est
1451 423 1541 458 orta
1560 416 1787 472 Epicurea,
1819 417 1891 472 qui
1921 417 2051 458 multa

220 569 381 612 melius.
444 568 507 625 [ut
538 566 608 623 (B.
640 567 673 617 I,
704 568 799 623 46):
837 568 1056 608 Fortunale
1086 564 1239 620 senem]
1304 563 1422 620 [arte.
1455 562 1619 605 Studio.
1679 562 1950 605 Democritus
1980 564 2051 614 ait,

220 643 315 699 plus
345 641 486 684 ualere
518 641 737 697 ingenium
769 654 895 695 quam
926 638 1157 694 peritiam]

334 717 429 757 296.
461 715 651 757 excludit.
710 713 895 769 Repellit
925 727 950 753 a
979 725 1154 753 numero
1186 717 1422 765 poetarum:
1468 713 1625 766 [negat‚
1657 724 1747 752 esse
1778 716 1935 765 poetas,
1971 710 2054 753 nisi

221 790 294 845 qui
324 788 568 840 insaniunt]
629 802 762 829 sanos.
822 786 872 827 Id
900 792 981 827 est:
1014 783 1168 839 Negat,
1200 798 1270 826 eos
1302 790 1446 838 poetas
1476 797 1578 833 esse,
1610 783 1683 838 qui
1713 798 1797 825 non
1827 783 2054 826 insaniunt.
2117 827 2121 837 ἁ

337 863 432 904 297.
465 862 566 904 bona
591 876 693 918 pars
722 875 802 902 non
832 861 981 914 unquis
1006 872 1157 915 ponere
1189 866 1318 899 curat.
1359 855 1456 898 Non
1486 856 1576 898 uult
1605 863 1751 911 poetas
1781 857 2054 913 philosopho·
2115 905 2120 916 ι

222 952 315 978 rum
346 949 460 978 more
492 934 701 976 incedere.
760 932 889 975 Notat
919 932 987 973 hic
1018 931 1237 987 inperitos,
1271 931 1342 986 qui
1373 937 1534 986 putant,
1576 938 1721 986 poetas
1752 931 1932 986 optimos
1962 945 2053 974 esse

222 1025 310 1059 eos,
355 1010 428 1065 qui
466 1016 558 1051 sunt
600 1007 783 1049 demisso
821 1006 975 1062 capillo
1015 1013 1055 1047 et
1095 1004 1240 1047 barba.
1304 1004 1507 1061 [Barbam
1549 1005 1593 1046 in
1634 1005 1841 1061 singulari
1880 1020 2055 1048 numero

221 1091 421 1133 mentum,
453 1083 496 1124 in
528 1081 683 1137 plurali
713 1080 899 1122 hircinas
930 1079 1142 1131 dicimus]

336 1158 430 1199 299.
461 1157 728 1199 Nanciscelnr
749 1156 865 1196 enim.
904 1153 955 1194 Id
976 1161 1055 1195 est:
1088 1151 1293 1194 obtinebit
1315 1166 1466 1193 nomen
1489 1157 1651 1207 poetae,
1684 1151 1718 1194 si
1740 1151 1888 1193 insano
1907 1152 2057 1195 similis

223 1232 348 1274 fuerit
381 1230 502 1287 [fiat]
556 1231 743 1286 pretium.
775 1227 1055 1283 Dignitatem.

336 1304 431 1345 300.
464 1303 510 1344 Si
538 1303 665 1344 tribus
696 1302 915 1358 Anticyris.
965 1301 1163 1356 Anticyra
1194 1306 1256 1342 est
1288 1299 1480 1357 [dicitur]
1514 1299 1663 1348 insula,
1694 1299 1738 1341 in
1770 1313 1852 1355 qua
1881 1299 2058 1342 multum

223 1378 410 1419 nascitur
440 1375 614 1417 ellebori
646 1382 685 1416 et
723 1375 897 1416 cicutae.
958 1373 1056 1415 Hoc
1099 1388 1200 1429 ergo
1240 1373 1466 1429 diasyrtice
1503 1373 1606 1415 dicit
1634 1373 1860 1415 Horatius:
1902 1373 1938 1416 si
1973 1389 2058 1416 non

223 1450 447 1493 totonderit
480 1457 618 1505 caput,
663 1448 932 1490 nanciscetur
962 1461 1116 1489 nomen
1147 1454 1309 1502 poetae,
1356 1447 1468 1501 quod
1500 1453 1626 1502 caput.
1656 1461 1740 1488 non
1771 1453 1942 1489 sanatur
1971 1447 2054 1489 tri-

224 1524 301 1566 bus
332 1523 440 1564 datis
470 1522 678 1564 elleboris.
748 1523 869 1564 Item:
906 1521 1106 1578 Anticyra
1136 1520 1273 1562 insula
1303 1526 1376 1568 est,
1410 1520 1453 1560 in
1484 1534 1568 1574 qua
1598 1520 1828 1562 elleborum
1858 1521 2057 1573 nascitur,

157 1616 164 1625 ·
225 1612 307 1652 quo
338 1605 538 1639 sanantur
569 1595 747 1637 inualidi
779 1602 817 1636 et
849 1595 1000 1636 insani.
1067 1594 1210 1636 Tribus
1241 1608 1343 1649 ergo
1375 1592 1659 1650 (AnticyriSP)
1705 1600 1827 1649 potus
1872 1595 2058 1651 accipia-

224 1679 303 1719 tur,
334 1672 460 1725 aut,*)
492 1670 622 1712 multo
653 1669 850 1711 elleboro.

337 1745 433 1785 301.
473 1745 644 1785 Tonsori
671 1744 820 1784 Licino.
880 1739 1129 1783 LICINVS
1175 1754 1327 1783 nomen
1375 1741 1568 1783 tonsoris.
1630 1741 1808 1785 Licinus
1852 1749 1951 1785 tunc
1994 1743 2059 1785 di-

226 1818 400 1860 cebatur
430 1825 573 1858 tonsor
605 1814 987 1874 [opulentissimus]
1019 1815 1228 1870 opinatus,
1261 1828 1386 1869 quem
1416 1821 1562 1869 postea
1593 1815 1737 1857 dicunt
1757 1817 1917 1859 factum
1937 1831 2059 1859 sena-

226 1898 358 1933 torem
389 1906 413 1932 a
437 1889 634 1940 Caesare,
667 1890 766 1945 quia
797 1889 1016 1931 dicebatur
1046 1888 1223 1929 nimium
1255 1888 1393 1930 odisse
1414 1887 1678 1943 Pompeium.
1716 1889 1772 1931 Et
1803 1897 1865 1932 est
1895 1905 2058 1934 sensus:

185 1979 195 1985 ·
228 1963 276 2007 Si
307 1980 391 2006 non
423 1963 662 2006 conmiserit
703 1969 830 2018 caput
866 1962 1124 2004 tondendum
1155 1961 1324 2012 Licino,
1365 1976 1489 2017 quem
1528 1970 1613 2005 tres
1642 1961 1875 2020 Anticyrae
1913 1979 2060 2008 curare

227 2053 310 2080 non
341 2047 528 2093 possunt,
562 2038 667 2079 adeo
698 2038 905 2079 insanum.
950 2037 1118 2089 [Tribus
1149 2043 1287 2077 autem
1310 2035 1516 2091 Anticyris
1547 2037 1806 2092 accipiamus
1827 2053 1905 2094 pro
1925 2039 2056 2082 multo

343 2177 376 2216 1)
403 2180 511 2207 autem
536 2187 596 2207 om.
622 2185 648 2218 γ.
667 2194 692 2198 Ἀ
721 2177 762 2206 ad
787 2175 941 2215 poeto‘iam
965 2184 1027 2212 ars,
1054 2184 1114 2205 om.
1152 2183 1206 2204 nec
1232 2175 1271 2204 N.
1297 2175 1337 2204 ad
1356 2178 1476 2213 poetam
1492 2184 1560 2205 vca.
1587 2175 1658 2205 rell.
1683 2176 1724 2205 ad
1750 2177 1901 2215 poeticam
1924 2187 1978 2209 nec
1995 2188 2058 2209 ars.

226 2243 285 2264 non
311 2243 362 2264 ars
388 2243 472 2263 rvca.
523 2234 558 2272 2)
585 2237 616 2263 et
641 2242 667 2275 γ.
694 2233 764 2262 rell.
790 2242 848 2262 om.
876 2232 1080 2270 grandilocus
1104 2241 1130 2273 γ.
1180 2229 1216 2270 3)
1241 2231 1364 2261 Tenues
1381 2235 1412 2261 et
1430 2231 1526 2261 medii
1541 2236 1607 2262 arte
1624 2237 1692 2262 sant
1706 2234 1747 2263 N.
1796 2233 1832 2272 4)
1860 2244 1936 2264 uero
1954 2244 2014 2265 om.
2033 2245 2060 2278 γ.

226 2307 270 2312 --
288 2294 337 2320 est
354 2290 445 2320 Dem.
463 2300 490 2332 γ.
509 2290 578 2320 rell.
597 2290 689 2319 Dem.
709 2293 768 2319 est.
787 2307 827 2309 ᾉ
847 2293 935 2319 secta
953 2293 1003 2319 est
1022 2292 1091 2318 orta
1109 2282 1310 2318 EPIKUIPOI
1326 2298 1353 2330 γ.
1380 2292 1467 2318 secta
1485 2292 1553 2318 orta
1572 2292 1620 2319 est
1638 2289 1797 2328 Epicurea
1821 2291 1861 2320 N.
1888 2291 1956 2321 rell.
1975 2295 2060 2322 secta
2112 2303 2125 2318 ιι

228 2351 336 2376 exorta
361 2351 409 2377 est
436 2347 605 2385 Epicurea.
632 2346 711 2376 Voci
738 2346 896 2384 Epicurea
923 2351 1004 2385 spat.
1030 2355 1100 2375 uae.
1126 2345 1184 2374 rel.
1211 2348 1261 2374 est
1286 2344 1317 2373 in
1342 2344 1438 2382 Med.‚
1472 2355 1486 2374 r
1504 2345 1538 2383 (a
1555 2355 1617 2384 quo
1635 2350 1722 2376 secta
1741 2351 1810 2376 orta
1824 2370 1946 2379 ......
1949 2349 1974 2388 ).
2025 2349 2060 2388 5)
2121 2367 2126 2376 .

228 2403 367 2433 Secund.
393 2404 540 2434 Democr.
567 2412 595 2444 γ,
617 2403 687 2432 rell.
707 2412 767 2433 om.
794 2403 927 2432 Beatius
946 2412 1006 2432 om.
1024 2412 1050 2444 γ.
1082 2403 1157 2431 uide
1176 2411 1282 2440 supra.
1302 2406 1337 2431 ut
1356 2420 1393 2422 —
1411 2411 1511 2432 senex
1529 2412 1589 2432 om.
1607 2412 1634 2445 γ.
1664 2404 1779 2435 melius
1797 2415 1856 2435 om.
1875 2405 2000 2435 NMed.
2020 2404 2060 2443 G,

228 2469 312 2490 rvca.
362 2460 396 2497 6)
424 2464 492 2489 arte
563 2460 715 2498 peritiam
740 2468 799 2488 om.
819 2458 874 2500 7G.
902 2458 942 2488 cf.
958 2458 999 2488 C:
1025 2468 1110 2498 sicpp.
1135 2468 1188 2488 suo
1212 2457 1334 2495 iudicio,
1362 2468 1428 2497 rep.
1447 2469 1464 2488 a
1483 2469 1533 2498 po.
1554 2469 1695 2490 numero.
1746 2460 1781 2500 8)
1807 2466 1905 2500 negat
1920 2479 1958 2483 —
1974 2463 2061 2492 insa-

228 2518 322 2546 niunt
349 2526 409 2546 om.
435 2526 460 2559 γ.
488 2517 605 2547 Totum
631 2517 731 2547 schol.
757 2525 818 2545 om.
847 2516 875 2544 N
900 2515 984 2545 Med.
1013 2514 1141 2553 G‚rvea.
1193 2516 1227 2554 9)
1253 2524 1358 2545 sanos.
1387 2515 1406 2544 i.
1433 2520 1567 2554 negatos
1594 2516 1630 2555 (l.
1650 2521 1747 2556 negat
1764 2519 1826 2557 eos)
1839 2537 1874 2539 --—
1893 2519 2061 2549 insaniunt

227 2582 252 2614 γ.
271 2573 340 2603 rell.
359 2582 419 2603 om.
473 2574 528 2613 10)
554 2573 627 2603 Non
652 2573 723 2603 uult
748 2582 799 2610 po.
826 2581 853 2612 γ.
872 2572 941 2601 rell.
960 2572 1016 2601 Po.
1035 2581 1099 2602 non
1115 2573 1195 2602 uult.
1249 2572 1303 2611 11)
1330 2573 1409 2610 phil.
1435 2582 1521 2602 more
1537 2582 1563 2614 γ.
1583 2573 1651 2603 rell.
1670 2583 1754 2604 more
1772 2576 1849 2613 phil.
1901 2576 1956 2614 12)
1982 2575 2061 2605 Bar-

228 2630 300 2659 bam
316 2647 355 2651 —-
368 2630 504 2660 dicimus
523 2640 582 2660 om.
601 2639 627 2672 γ.
680 2630 735 2668 13)
761 2633 886 2658 ment-am
903 2627 973 2658 NG.
992 2629 1061 2659 rell.
1088 2630 1263 2659 hominum.
1289 2630 1455 2668 hyrcinam
1473 2630 1512 2659 N.
1564 2630 1618 2668 14)
1646 2631 1666 2660 i.
1682 2645 1726 2659 z
1741 2632 1772 2661 id
1799 2636 1848 2661 est
1864 2641 1890 2672 γ.
1910 2632 1978 2661 rell.
1997 2642 2058 2662 om.

233 2688 287 2726 15)
313 2687 410 2718 fuerit
435 2697 461 2729 γ.
489 2688 557 2717 rell.
586 2688 650 2717 fiat.
715 2687 771 2725 16)
798 2686 947 2716 Anticira
972 2691 1014 2716 est
1036 2697 1062 2729 γ.
1083 2689 1151 2717 rell.
1171 2687 1334 2727 Anticyra
1358 2685 1476 2716 dicitur.
1502 2696 1519 2728 γ
1544 2687 1674 2725 insuper
1690 2688 1787 2718 habet
1805 2689 1963 2727 glossam:
1982 2688 2059 2718 anti-

229 2743 319 2781 cyris.
339 2745 446 2773 insula
464 2748 514 2774 est
539 2745 686 2774 antieira.
752 2743 807 2782 17)
833 2743 920 2773 elleh.
947 2742 1099 2784 ·5NG(Q).
1125 2744 1198 2774 eleb.
1231 2754 1260 2773 v.
1293 2744 1402 2773 belleb.
1436 2743 1534 2781 Med„
1560 2742 1660 2776 rcaffi.
1686 2762 1727 2765 -—
1753 2745 1916 2775 diasirtite
1938 2755 1965 2787 γ.
1992 2745 2060 2775 dia-

231 2799 315 2829 sirtie
328 2800 367 2829 N.
395 2801 575 2831 (liasiritice
601 2799 639 2830 G.
666 2800 831 2830 diasritice
856 2810 880 2829 r.
910 2800 1087 2839 diasyrtice
1111 2800 1209 2838 Med,
1237 2800 1274 2835 Q.
1305 2801 1471 2830 diasirtice
1495 2810 1564 2830 vca.
1591 2797 1797 2844 ὃιασυρτικῶς
1821 2801 1865 2831 fh.
1917 2802 1973 2842 18)
1998 2811 2061 2833 non

231 2865 289 2884 om.
315 2866 335 2883 v
362 2855 570 2896 (totunderit)
597 2867 643 2887 ca.
711 2857 766 2896 19)
793 2857 880 2886 datis
906 2856 988 2886 horis
1013 2866 1058 2886 ea.
1126 2857 1184 2894 22)
1212 2857 1333 2887 Nomen
1358 2858 1496 2887 tonsoris
1524 2858 1634 2896 glossa
1660 2858 1691 2887 in
1716 2867 1742 2900 γ.
1769 2858 1850 2889 conf.
1867 2857 1909 2888 C:
1935 2859 2060 2889 ‘nomen

231 2912 373 2940 tonsoris
391 2913 513 2943 famati'
534 2918 595 2944 etc.
624 2914 691 2943 rell.
718 2923 779 2943 om.
794 2930 835 2934 —
850 2916 927 2943 tunc
951 2922 978 2955 γ.
1004 2913 1075 2942 rell.
1102 2922 1163 2942 om.
1213 2914 1270 2952 23)
1297 2916 1441 2953 opinatus
1464 2924 1489 2956 γ.
1508 2913 1734 2952 opinatissimus
1758 2914 1842 2944 Med.
1870 2913 1933 2952 G‚v
1957 2914 2061 2954 (opta-

231 2970 447 3007 natissimus).
466 2972 534 3001 rell.
554 2972 812 3010 opulentissimus
833 2971 945 3010 (opull.
971 2970 1019 3010 v).
1045 2989 1086 2992 —«
1112 2981 1173 3001 esse
1198 2971 1317 3002 factum
1336 2973 1376 3002 N.
1426 2972 1482 3010 25)
1509 2980 1576 3009 cap.
1602 2971 1693 3000 tond.
1718 2971 1776 3012 γΝ.
1794 2971 1863 3000 rell.
1882 2971 1972 3001 tond.
1991 2980 2060 3009 cap.

231 3025 307 3065 qaod
330 3030 394 3055 tres
420 3035 465 3055 ca.
528 3029 585 3066 26)
612 3038 659 3058 cu.
687 3038 748 3059 non
775 3038 826 3067 po.
853 3038 879 3070 γ.
906 3028 974 3058 rell.
1013 3037 1076 3057 non
1102 3038 1151 3066 po.
1179 3038 1226 3057 cu.
1258 3046 1301 3049 -—
1326 3028 1497 3058 Tribus—
1513 3028 1650 3058 elleboro
1675 3036 1734 3057 om.
1760 3037 1786 3069 γ.
1812 3027 1898 3058 Med.
1925 3026 2058 3066 NG(Q),

232 3091 315 3111 rvca.
343 3082 414 3111 uide
442 3092 547 3121 supra.
597 3084 631 3123 *)
657 3088 713 3115 ut:
740 3086 842 3115 multo
868 3085 1009 3115 elleboro
1034 3084 1272 3114 Hirschfelder.

2130 2618 2135 2636 -«
2120 2576 2138 2605 :a
2118 2467 2137 2570 -nL-e.
2131 2451 2135 2460 <

2129 2149 2139 2217 ὲ
