2148 3412
145 562 162 591 5

151 928 188 958 10

155 1294 191 1324 15

208 120 260 161 68
841 122 946 156 Aen.
972 123 1032 155 ET
1057 121 1224 154 ronrH.
1251 120 1399 153 COMM.

321 254 387 295 33.
419 260 460 293 a!
491 252 563 293 tihi
590 251 757 292 amicus.
817 247 868 289 Id
899 252 979 289 est:
1012 259 1135 288 uerus
1167 244 1341 286 amicus.
1387 242 1754 286 Pronuntiandum
1789 247 1928 283 autem
1959 246 2034 292 est,

208 334 253 369 ut
283 325 534 382 significatio
565 324 653 365 eius
685 321 955 377 exprimatur.

322 401 388 441 35.
419 400 485 439 36.
516 412 614 438 num
644 411 723 452 qua
755 396 826 437 tibi
852 396 923 436 uit.
953 394 1144 435 inseverit
1183 392 1409 445 (insederit)
1451 392 1546 432 olim
1586 391 1761 433 Natura.
1819 389 1928 430 Num
1959 402 2037 443 qua

210 489 287 529 pro
318 488 417 514 nuni
449 471 603 526 aliqua,
635 477 679 510 ut
710 469 743 510 si
775 468 950 509 diceret:
988 482 1088 508 num
1120 480 1226 520 quae
1250 463 1502 521 [inseueritj.
1563 464 1763 504 Inseuerit
1792 468 1931 502 autem
1960 475 2038 515 pro

211 547 430 589 ins-uoueri!
460 560 512 594 se,
544 550 614 584 aut
643 542 768 583 insita
798 541 933 583 fuerit.
994 539 1091 580 Hac
1119 538 1257 594 figura
1287 545 1327 579 et
1355 537 1460 578 illud
1492 536 1645 578 dieitur
1662 536 1800 591 (Verq.
1818 534 1871 576 A.
1892 533 1950 585 II,
1973 535 2039 589 8):

205 621 446 677 praecipitat
476 632 560 658 ποατ
590 623 629 657 et
669 614 742 669 (A.
774 614 808 664 Ι,
842 615 964 668 104):
1007 627 1171 669 proram
1213 613 1372 654 auertit.
1434 609 1592 652 Sensus
1633 617 1772 651 autem
1815 608 1936 666 [est]:
1978 607 2041 650 Te

212 694 349 749 ipsum
394 691 575 745 denique
620 688 828 745 perspice,
874 701 926 728 ne
956 687 1113 728 habeas
1158 685 1299 740 aliqua
1343 684 1446 726 uitia
1490 691 1561 725 aut
1604 683 1794 739 ingenita
1837 682 1927 732 tibi,
1972 688 2044 723 aut

212 767 323 808 mala
355 763 656 807 consuetudine
688 761 890 817 quaesita.

326 840 392 880 36.
423 840 490 880 37.
521 851 694 892 namque
726 835 838 890 Neql.
869 848 933 875 rur.
960 834 1052 889 filix
1080 834 1232 875 innasc.
1265 834 1383 887 (cyris.
1443 831 1672 872 Manifesta
1703 829 1920 886 allegoria.

327 913 393 954 38.
427 912 534 953 Illuc
560 918 881 967 praeuerlamm‘.
940 906 1044 948 Pro:
1077 907 1177 948 illuc
1206 913 1481 955 transeamus,
1514 905 1620 946 sicut
1650 903 1804 946 dieitur
1834 903 1972 958 (Verq.
1989 900 2044 944 A.

214 986 249 1036 I,
281 987 402 1041 317):
434 986 718 1040 uolucremque
745 983 844 1037 fuya
869 982 1150 1038 praeuercitur
1182 981 1372 1021 Hebrum.

327 1061 395 1101 40.
425 1060 555 1100 ueluti
582 1058 696 1099 Ball).
720 1057 898 1113 polypus
932 1057 1079 1109 Aquae.
1138 1053 1365 1094 Luciliana
1394 1051 1632 1094 urbanitate
1665 1065 1765 1093 usus
1795 1050 1839 1091 in
1869 1049 2048 1092 transitu

216 1132 539 1175 amaritudinem
571 1129 791 1186 adspersit.

328 1207 395 1247 41.
427 1207 493 1246 42.
524 1205 668 1246 uellem
696 1205 739 1244 in
769 1203 883 1244 amic.
914 1204 970 1243 sic
1001 1215 1246 1243 erraremus.
1306 1199 1498 1249 Utinam,
1529 1198 1678 1254 inquit,
1720 1198 1832 1239 hune
1862 1210 2048 1239 errorem

219 1280 331 1321 eirea
362 1278 519 1320 amieos
548 1284 712 1319 nostros
743 1283 983 1332 pateremur
1012 1274 1117 1315 uitia
1147 1273 1314 1315 illorum
1344 1288 1429 1315 non
1459 1273 1764 1329 intellegentes.
1826 1269 1914 1324 Qui
1934 1285 2051 1312 error

219 1353 324 1394 adeo
354 1352 608 1400 laudaretur,
640 1357 684 1395 ut
714 1350 848 1391 uirtus
878 1348 1017 1403 potius
1049 1362 1175 1402 quam
1206 1346 1355 1387 uitium
1388 1347 1609 1388 diceretur.

331 1427 398 1465 44.
428 1426 496 1466 45.
527 1424 765 1465 Strabonem
796 1437 886 1479 app.
924 1423 1087 1463 Paetum
1112 1429 1244 1477 paler.
1306 1420 1466 1470 Strabo,
1508 1419 1579 1474 qui
1610 1419 1783 1461 detortis
1814 1426 1876 1461 est
1905 1418 2050 1469 oculis,

220 1499 386 1548 dicitur,
421 1506 567 1554 paetus
597 1497 745 1537 leuiter
775 1494 1006 1537 declinatis.
1067 1493 1123 1534 Et
1154 1494 1234 1535 hoo
1265 1500 1403 1534 autem
1449 1500 1488 1534 et
1533 1492 1610 1543 his,
1659 1507 1766 1548 quae
1811 1498 2051 1548 sequantur,

221 1571 466 1621 ostenditur,
499 1586 523 1611 a
553 1570 798 1625 parentibus
818 1569 999 1610 filiorum
1021 1568 1125 1609 uitia
1156 1574 1226 1608 aut
1246 1581 1330 1607 non
1352 1566 1554 1622 intellegi,
1585 1573 1657 1607 aut
1687 1565 1901 1608 intellecta
1922 1565 2047 1608 dissi-

155 1659 196 1689 20
222 1645 387 1687 mulari.
449 1643 575 1697 Quod
607 1643 815 1699 praecipit
846 1642 959 1684 cirea
989 1641 1147 1683 amieos
1179 1655 1345 1696 quoque
1375 1640 1616 1682 faciendum
1648 1654 1748 1682 esse.

335 1719 436 1760 male
461 1731 623 1774 paruus
656 1716 702 1758 Se?
729 1717 799 1758 cm'
822 1716 932 1772 filius
965 1723 1031 1757 est.
1090 1714 1203 1756 Mire
1235 1714 1341 1756 dixit
1371 1715 1475 1756 male
1499 1729 1683 1770 parumn
1712 1713 1859 1756 uolens
1888 1712 2053 1756 intelle-

223 1806 323 1847 gere
353 1790 637 1832 macilentum.

364 1996 396 2033 1)
422 1995 467 2024 Ac
492 1996 524 2024 M
550 1996 701 2034 (Halm).
729 1996 791 2026 tibi
818 1997 934 2025 amicos
959 1995 1021 2034 (v),
1050 1995 1082 2024 id
1108 1998 1169 2032 est,
1195 2003 1287 2024 ueros
1313 1995 1428 2024 amicos
1452 1992 1556 2023 MRG.
1582 1994 1652 2023 rell.
1686 2004 1746 2024 om.
1773 1996 1794 2024 i.
1826 2002 1891 2024 uer.
1923 1995 2055 2027 amicos.

226 2070 267 2073 ——
293 2056 401 2081 autem
426 2061 485 2081 om.
511 2052 557 2082 fh.
584 2058 632 2082 est
659 2062 718 2082 om.
745 2053 779 2082 P..
819 2058 867 2082 est
893 2057 1000 2082 autem
1027 2052 1057 2081 2.
1085 2051 1235 2089 significa
1259 2050 1302 2080 M.
1367 2050 1402 2088 3)
1430 2050 1513 2080 Num
1549 2059 1627 2089 equa
1652 2050 1686 2079 M
1712 2050 1862 2091 (Halm).
1901 2051 2058 2083 insederit
2118 2066 2138 2077 w

224 2109 295 2147 MR,
321 2113 356 2138 ut
382 2109 531 2138 nonnulli
556 2113 636 2138 uett.
663 2110 754 2139 codd.
781 2109 872 2145 Hor.‚
897 2118 976 2147 pure
1001 2108 1052 2151 Βφ
1077 2117 1147 2137 oum
1172 2108 1296 2145 glossa:
1322 2106 1412 2136 insita
1425 2106 1538 2146 suerit,
1564 2116 1640 2136 corr.
1667 2117 1694 2136 a.
1715 2108 1733 2136 2
1750 2117 1792 2137 m.
1810 2107 1835 2137 E
1855 2103 2056 2148 (insederit).

225 2165 320 2195 Bern.
346 2165 394 2194 A:
428 2165 582 2195 insederit
606 2166 658 2195 nel
685 2165 814 2194 inseruit
839 2164 916 2203 (sie)
944 2165 1000 2194 alii
1027 2164 1208 2201 insueuerit,
1247 2173 1325 2201 pure
1349 2167 1385 2193 ut
1410 2163 1450 2199 D,
1477 2164 1534 2192 alii
1562 2173 1602 2193 ex
1628 2173 1718 2201 corr„
1754 2169 1791 2195 ut
1814 2174 1848 2206 γε
1885 2166 2057 2196 insueuerit
2118 2151 2119 2161 γ

226 2221 260 2259 (2
287 2232 328 2251 m.
355 2230 502 2259 Sllpl'apo.
528 2221 562 2259 u)
590 2231 660 2250 cum
685 2222 806 2259 glossis
831 2220 1006 2260 inymmerit.
1021 2219 1148 2259 fecerit.
1197 2220 1233 2259 4)
1260 2220 1345 2249 Num
1369 2219 1442 2258 qaid
1463 2219 1507 2249 M.
1533 2220 1627 2250 Prius
1651 2220 1795 2250 inseuerit
1811 2231 1870 2251 om.
1891 2222 1924 2251 M
1942 2226 1974 2252 et
1990 2221 2056 2260 afh,

226 2278 281 2316 qui
307 2279 353 2307 sie
378 2278 517 2307 habent:
554 2287 629 2307 num
654 2288 713 2317 qua
738 2278 905 2315 inseuerit,
932 2281 988 2307 aut
1012 2286 1069 2314 pro
1094 2277 1193 2306 insita
1218 2275 1328 2306 fuerit.
1356 2285 1392 2306 v:
1432 2285 1507 2306 num
1531 2286 1607 2315 quae
1638 2278 1794 2308 inseuerit
1829 2282 1881 2307 aut
1915 2288 1971 2316 pro
2007 2279 2058 2308 in-

226 2335 362 2364 sueuerit
388 2339 443 2363 aut
470 2335 530 2364 ins.
556 2334 666 2364 fuerit.
691 2333 794 2364 M2G:
822 2334 982 2363 Inseuerit
1006 2337 1102 2363 autem
1126 2343 1183 2371 pro
1209 2333 1383 2362 insweuerit
1410 2342 1443 2362 se
1469 2339 1523 2363 aut
1550 2334 1611 2364 ins.
1637 2333 1745 2364 fuerit.
1771 2334 1814 2364 R:
1844 2335 1931 2374 nunc—1
1956 2336 2057 2365 insue-

227 2392 310 2420 uerit
336 2400 392 2429 pro
419 2392 547 2420 insuerit
574 2400 607 2420 se
633 2395 689 2420 aut
716 2391 776 2420 ins.
803 2391 846 2419 su.
872 2389 963 2420 Conf.
990 2389 1066 2419 Hor.
1092 2389 1123 2419 S.
1149 2389 1173 2427 Ι,
1199 2390 1229 2426 4,
1260 2390 1340 2419 105:
1376 2389 1504 2419 insuerat
1533 2394 1624 2428 pater
1655 2391 1794 2428 optimus
1830 2391 1884 2421 hoc
1919 2401 1974 2421 me.
2023 2388 2058 2433 5)

227 2448 329 2478 Locus
346 2448 442 2486 Verg.
470 2452 533 2477 est:
559 2451 589 2477 et
615 2448 677 2476 iam
702 2457 761 2476 ποει-
785 2448 894 2476 umida
918 2447 1005 2476 eaelo
1021 2445 1208 2484 Praecipitat
1232 2450 1290 2475 ete.
1317 2445 1398 2475 conf.
1424 2446 1568 2476 Priscian
1584 2449 1657 2478 796.
1684 2446 1808 2477 Charis.
1826 2449 1902 2477 241.
1928 2452 1961 2477 et
1985 2447 2058 2478 Ser-

229 2506 300 2534 uius
333 2505 351 2532 4
385 2505 464 2534 loeis
496 2514 546 2542 ap.
572 2504 664 2533 Ribb.
698 2505 751 2542 qui
776 2504 894 2542 Porph.
920 2505 1025 2533 locum
1050 2512 1152 2540 neque
1178 2503 1230 2532 hic
1254 2503 1352 2532 habet
1378 2512 1480 2541 neque
1506 2504 1546 2533 ad
1570 2504 1594 2540 I,
1624 2504 1698 2541 104,
1723 2505 1778 2534 ubi
1803 2505 1926 2542 recepit
1950 2514 2057 2543 prora.

229 2570 352 2599 proram
376 2561 450 2597 MR,
476 2565 511 2590 ut
535 2560 652 2590 Medic.
679 2560 748 2589 rell.
776 2570 882 2598 prora,
908 2564 944 2589 ut
968 2559 1119 2589 Ribbeck.
1153 2560 1305 2588 seductus
1331 2569 1349 2587 a
1373 2558 1505 2589 Seruio:
1544 2560 1611 2590 ‘alic'
1632 2569 1727 2598 prora
1750 2561 1817 2599 legi
1841 2561 1986 2598 tradunt,
2022 2564 2059 2590 ut.

229 2618 272 2647 sit
296 2617 406 2646 auertit
429 2627 485 2655 pro
510 2617 711 2646 a(luertitm·.‘
761 2617 795 2655 6)
821 2616 1013 2654 Praecipitat
1036 2616 1069 2644 M
1095 2615 1216 2654 (Halm.
1243 2615 1280 2651 Q.
1308 2616 1327 2644 1.
1354 2616 1375 2644 l.
1401 2616 1601 2655 Praeeipz'at).
1617 2634 1657 2637 κ-
1674 2621 1723 2647 est
1747 2616 1882 2656 RGffl).
1909 2618 1978 2647 rell.
1997 2627 2058 2648 om.

230 2673 264 2711 9)
291 2673 370 2703 felix
387 2673 431 2702 M.
449 2673 528 2711 fglix
546 2672 573 2702 G
591 2683 670 2703 corr.
685 2690 726 2693 W*
740 2672 809 2702 Alii
836 2674 958 2702 habent
983 2672 1063 2707 filaus,
1090 2681 1167 2710 pure
1193 2675 1226 2700 ut
1253 2671 1349 2701 Bern.
1368 2672 1407 2709 A,
1433 2682 1512 2703 corr.
1530 2677 1566 2702 ut
1583 2673 1607 2702 P
1625 2683 1650 2702 o.
1669 2674 1711 2711 gl.
1729 2673 1828 2703 herba
1845 2675 2058 2711 incommoda,

229 2729 341 2759 Ambr.
395 2721 449 2768 10)
469 2733 691 2767 pernertamus
714 2729 748 2758 M
774 2729 922 2768 (Halm).
949 2729 985 2758 R.
1005 2728 1033 2764 Q
1057 2726 1166 2765 refert,
1193 2732 1223 2757 et
1243 2727 1270 2757 G
1290 2733 1320 2758 et
1338 2729 1371 2757 M
1396 2730 1514 2759 habere
1539 2730 1796 2762 Praeuertamus.
1851 2730 1905 2769 11)
1918 2733 2057 2768 preuert.

231 2786 309 2825 (sic)
336 2787 441 2816 ebrum
466 2786 500 2815 M
526 2785 676 2825 (Halm).
727 2786 782 2824 12)
810 2786 914 2823 Izagne
939 2785 971 2814 M
997 2785 1136 2823 (bagnae
1149 2784 1208 2826 Κγ.
1233 2785 1363 2822 plurimi
1382 2790 1461 2816 uett.
1479 2786 1601 2826 aynae).
1654 2785 1708 2824 17)
1736 2789 1841 2824 petum
1859 2786 1892 2815 M
1910 2786 1962 2825 (ut
1978 2786 2058 2826 bD).

232 2846 342 2880 paetus
368 2843 398 2871 in
425 2843 555 2873 scholio.
582 2861 621 2863 —›
649 2842 763 2872 Strabo
790 2843 908 2872 dicitur
934 2843 987 2880 qui
1014 2846 1061 2871 est
1087 2842 1151 2870 det.
1178 2851 1223 2871 oc.
1251 2843 1279 2870 2.
1308 2842 1440 2872 detortis
1472 2843 1526 2880 qui
1560 2846 1609 2871 est
1639 2842 1745 2879 ΜΒΝ.
1778 2843 1832 2880 qui
1866 2847 1915 2872 est
1946 2844 2008 2873 det.
2040 2853 2059 2873 a

231 2899 302 2927 rell.
328 2899 381 2936 qui
407 2900 469 2928 (let.
498 2903 554 2928 est.
622 2900 676 2937 18)
703 2900 816 2929 leuiter
841 2899 974 2935 MA2,v.
1000 2899 1068 2927 rell.
1099 2899 1222 2928 leniter.
1253 2898 1415 2929 <inclinatis
1448 2897 1566 2937 (G?)Q.
1599 2899 1776 2929 declinatus
1807 2898 1844 2928 R.
1878 2899 2057 2929 declinatis.

231 2955 313 2984 Haec
339 2954 421 2992 (Hoc
446 2952 479 2994 a)
507 2960 613 2985 autem
638 2965 674 2984 ea·
698 2956 749 2985 his
776 2964 855 2993 quae
881 2955 945 2984 afh.
973 2955 1052 2984 decl.
1078 2958 1105 2983 et
1128 2955 1185 2984 hoc
1210 2958 1315 2984 autem
1339 2959 1367 2984 et
1389 2956 1437 2984 his
1463 2964 1542 2994 quae
1566 2954 1609 2993 M,
1635 2965 1664 2984 v.
1693 2959 1724 2985 et
1749 2956 1809 2985 hoe
1833 2959 1941 2986 autem
1967 2960 1998 2986 et
2021 2955 2060 2985 iis

233 3020 312 3049 quae
338 3008 441 3050 G(Q').
471 3029 510 3031 —-
538 3016 714 3049 sequnntur
738 3011 889 3049 R-2‚vafh.
918 3016 1092 3049 sequantur
1124 3009 1280 3050 M(G?‹;›).
1312 3012 1492 3042 ostenditur
1523 3012 1556 3041 M
1589 3011 1690 3050 (negl.
1717 3012 1772 3050 Q),
1807 3011 1896 3042 vafh.
1922 3011 2060 3042 ostendit

232 3065 432 3105 AR2(G‘?‹J.›).
498 3067 555 3107 20)
582 3069 742 3107 praecepit
770 3068 806 3098 R.
872 3066 930 3107 21)
956 3066 1008 3097 Sic
1032 3067 1066 3096 M
1091 3067 1163 3106 (pro
1189 3065 1262 3107 siE).
