2148 3412
812 144 860 175 IN
886 143 1029 176 Erlsr.
1056 144 1082 183 Ι,
1112 148 1161 176 17.
1447 121 1450 124 ’
1817 133 1898 172 471

76 267 215 323 quitur
243 274 282 308 et
314 266 437 316 canit,
468 266 512 306 id
542 273 616 316 est,
648 266 835 320 sequitur
865 267 970 308 alter
1000 282 1049 309 ac
1080 267 1203 322 petit3
1245 274 1285 309 et
1314 266 1422 309 bene
1453 265 1704 308 cantilenam
1736 265 1902 306 mendi-

79 355 222 383 corum
253 339 372 380 dixit.

186 413 252 453 49.
285 413 450 454 ‹lmz'duo
476 413 666 468 findetur.
726 412 964 468 Tapinosis.
997 412 1208 454 Nimirum
1230 413 1410 455 saturice
1433 414 1592 468 quadra
1611 414 1732 468 panis
1752 412 1902 466 inquit,

76 500 181 541 quae
212 485 284 526 uni
315 485 409 526 cibo
441 485 533 526 dari
563 492 738 539 poterat,
770 486 988 541 frangetur
1017 501 1067 528 ac
1097 486 1309 527 diuidetur
1339 485 1514 536 duobus,
1551 487 1630 527 hoc
1661 492 1734 536 est,
1781 484 1903 526 diuiti

76 559 327 614 inportunus
358 558 440 600 eris
472 565 512 599 et
542 558 728 609 docebis,
760 559 870 600 unde
901 559 983 609 fiet,
1014 568 1059 600 ut.
1088 559 1227 607 etiam,
1260 559 1294 600 si
1327 560 1428 614 quid
1459 559 1639 601 solidum
1660 561 1807 608 fuerat,
1840 573 1902 599 ce-
1952 569 1970 597 :3

79 631 151 673 dat
180 631 354 677 duobus.

185 706 251 746 50.
285 705 364 747 Sed
394 707 536 747 tacitas
559 706 681 762 pasci
697 708 734 747 si
743 713 887 761 posset.
947 705 1059 747 Eum
1081 706 1305 762 significat,
1337 705 1422 760 qui,
1456 706 1491 747 si
1522 713 1699 760 saperet,
1746 712 1906 760 peteret

74 793 99 820 a
128 777 258 819 diuite
288 778 452 829 tacitus,
503 793 638 833 neque
669 778 749 820 sibi
780 778 990 820 aemulum
1027 785 1289 834 conpararet,
1336 793 1472 833 neque
1510 779 1648 819 minus
1685 778 1906 833 acciperet.

75 850 185 893 Nam
215 866 365 893 coruus
397 866 491 893 cum
522 852 684 894 accedit
716 852 769 892 ad
801 852 954 902 cibum,
988 852 1163 907 strepitu
1184 852 1301 894 uocis
1322 852 1427 893 alias
1448 866 1547 893 aues
1569 852 1742 893 arcessit
1753 868 1762 900 3
1795 851 1907 892 unde

77 926 134 975 fit,
165 930 211 966 ut
241 925 351 967 solus
382 925 500 979 pasci
532 940 617 966 non
648 925 791 980 possit.
851 925 908 966 Et
939 925 1102 968 subtilis
1132 926 1290 982 figura:
1323 926 1381 966 ita
1411 925 1585 966 diuitem
1618 926 1703 979 peti
1725 925 1778 966 ab
1801 924 1905 966 ami-

77 999 149 1049 cis,
180 1005 225 1039 ut
255 1013 279 1039 a
310 998 447 1040 coruis
477 998 696 1040 cadauera.
777 996 867 1039 Alii
898 1004 1047 1054 putant
1076 1014 1101 1040 a
1132 1014 1258 1041 coruo
1289 1005 1330 1040 et.
1366 998 1492 1054 uulpe
1530 999 1608 1041 hoc
1646 998 1907 1048 translatum,

82 1071 155 1114 sed
183 1071 305 1113 male.

190 1146 255 1187 52.
288 1145 557 1187 Brundisium
578 1160 716 1188 comes.
776 1145 908 1195 Idem,
941 1145 1090 1199 inquit,
1122 1145 1235 1199 quod
1265 1145 1464 1188 meretrix
1500 1145 1601 1186 facit
1622 1146 1798 1187 amatori
1821 1161 1908 1194 suo,

78 1232 202 1273 quem
233 1218 438 1260 simulatis
469 1219 664 1274 dampnis
695 1219 961 1274 plorabunda
997 1218 1160 1274 spoliat,
1206 1218 1307 1259 facit
1342 1218 1467 1259 etiam
1506 1218 1597 1273 regi
1638 1234 1712 1260 suo
1749 1219 1909 1260 amicus

78 1292 227 1342 minor,
258 1306 353 1333 cum
376 1292 577 1347 queritur,
615 1292 743 1334 semel
764 1292 807 1333 in
830 1292 992 1341 itinere,
1026 1306 1109 1346 quo
1131 1291 1311 1342 ducitur,
1333 1291 1492 1346 aliquid
1515 1306 1558 1333 se
1585 1292 1821 1346 perdidisse
1842 1292 1909 1333 uel

80 1365 258 1408 sensisse
289 1365 558 1407 incommodi.

191 1440 256 1481 55.
289 1439 394 1481 Nota
439 1441 564 1494 refert
612 1441 835 1481 meretricis
886 1441 1087 1482 acumina.
1166 1438 1251 1480 Hic
1296 1438 1413 1480 locus
1459 1438 1510 1479 de
1562 1439 1805 1481 Truculento
1850 1447 1911 1480 est

84 1513 220 1554 Plauti
244 1513 386 1567 fabula
418 1512 471 1569 (I,
505 1514 542 1562 1,
574 1513 662 1568 32),
708 1513 780 1554 ubi
811 1513 1058 1554 adulescens
1090 1512 1212 1554 dicit:
1262 1515 1345 1554 Aut
1371 1514 1491 1569 periit
1520 1527 1683 1562 aarum,
1715 1521 1784 1554 aut
1815 1527 1909 1555 con-

80 1587 204 1628 scissa
234 1594 292 1627 est
314 1586 476 1642 pallula
506 1593 546 1627 et
577 1593 769 1646 caetera.-

195 1661 391 1702 catellam.
455 1660 644 1702 Calenam
674 1659 935 1700 diminutiue.
997 1659 1146 1701 Calena
1176 1666 1315 1701 autem
1346 1659 1517 1714 proprie
1549 1660 1661 1701 dicta
1692 1666 1765 1710 est,
1798 1659 1911 1715 quod

83 1749 219 1776 canem
251 1741 408 1776 teneret.

193 1808 258 1849 56.
284 1808 570 1864 periscelidem.
631 1807 940 1849 Ornamentum
971 1805 1092 1861 pedis
1125 1805 1237 1847 circa
1269 1820 1404 1846 crura.

190 1881 327 1937 flent-is.
386 1880 499 1922 Mire
530 1896 614 1922 non
646 1882 812 1922 dicentis
843 1879 916 1920 scd
943 1880 1089 1935 flemis,
1121 1885 1166 1919 ut
1194 1878 1321 1919 fidem
1350 1878 1467 1920 falsis
1496 1878 1683 1919 lacrimis
1714 1880 1881 1920 faciant.

194 1955 259 1996 56.
293 1955 359 1996 57.
389 1956 454 1996 uti
478 1969 586 2004 mose,
619 1954 745 1998 Nulla
770 1954 880 2009 fides.
941 1952 1004 1994 Ita
1033 1953 1092 2003 fit,
1124 1952 1273 2007 inquit,
1305 1958 1350 1992 ut
1380 1958 1527 2006 postea
1558 1952 1683 1993 etiam
1715 1967 1817 1994 uera
1847 1952 1912 1993 di-

83 2027 192 2070 centi
222 2041 308 2070 non
336 2027 543 2070 habeatur
572 2027 688 2069 fides.

221 2240 256 2281 3)
281 2240 445 2270 Fundetur
470 2240 507 2270 R.
534 2240 710 2279 Tapinosis
736 2238 866 2269 nimiam
892 2239 1056 2269 saturicae.
1096 2238 1228 2273 Quadra
1251 2236 1314 2267 MR
1345 2235 1517 2276 (saturice)
1546 2237 1563 2266 2
1591 2236 1726 2275 (satyr.)
1765 2235 1826 2274 G,v
1853 2236 1916 2275 (ni-

86 2298 184 2327 mium
211 2298 368 2337 satyricae
393 2297 471 2336 qu.)
498 2292 691 2332 Ταπείνωσις
708 2296 765 2326 fh.
802 2294 839 2333 4)
865 2304 946 2334 quae
972 2296 1029 2324 uni
1054 2294 1107 2325 tibi
1128 2294 1205 2331 MA,
1236 2303 1296 2323 om.
1323 2294 1390 2323 uni.
1418 2302 1498 2332 quae
1523 2293 1575 2322 uni
1602 2293 1671 2321 dari
1696 2292 1733 2329 R,
1760 2302 1821 2322 om.
1844 2293 1916 2322 tibi.

86 2363 165 2392 quae
188 2355 244 2384 uni
270 2353 334 2384 cibo
358 2363 410 2384 va.
436 2353 489 2392 qai
511 2354 569 2383 uni
595 2353 659 2383 cibo
685 2354 714 2383 2.
740 2352 795 2391 qui
818 2353 872 2382 uni
897 2352 980 2382 cibus
1004 2351 1050 2382 fh.
1116 2350 1151 2390 5)
1176 2350 1368 2389 importunis
1393 2350 1438 2380 fh.
1463 2350 1532 2379 rell.
1569 2351 1765 2387 inportunas
1793 2367 1835 2369 ——
1861 2349 1919 2379 erit

86 2411 172 2440 vafh.
197 2411 268 2440 rell.
296 2410 366 2440 eris.
393 2411 481 2440 docet
504 2410 550 2440 fh.
576 2409 700 2440 docebit
724 2419 751 2438 a.
777 2409 847 2438 rell.
873 2408 1006 2438 docebis.
1034 2409 1087 2438 fiat
1110 2407 1201 2438 vafh.
1226 2407 1295 2437 rell.
1322 2407 1379 2436 fiet.
1406 2422 1442 2428 —>
1475 2406 1599 2436 etiamsi
1620 2405 1648 2435 si
1670 2406 1715 2435 fh.
1777 2406 1810 2444 7)
1838 2406 1919 2435 Nam

87 2477 152 2497 cum
176 2468 261 2505 sign.
286 2466 413 2497 MR2G.
440 2467 494 2505 qui
519 2466 547 2495 si
570 2475 600 2495 se
624 2469 782 2504 pateretur
806 2465 840 2494 M
866 2465 1048 2504 (perperam
1074 2464 1117 2500 Q:
1156 2465 1209 2503 qui
1234 2473 1265 2493 se
1284 2463 1430 2502 paretur)
1462 2463 1498 2492 R.
1524 2464 1578 2501 qui
1602 2466 1760 2501 separetur
1783 2462 1847 2492 alia
1871 2462 1918 2492 di—

86 2524 144 2554 uite
168 2525 295 2555 tacitam
322 2525 350 2554 2.
389 2525 456 2554 alia
480 2523 585 2553 diuicle
610 2524 747 2554 tacitum
772 2522 833 2552 MR
857 2521 1043 2560 (diuidere).
1103 2522 1138 2560 9)
1163 2530 1255 2551 rauce
1280 2521 1336 2551 ciet
1359 2531 1379 2549 v
1406 2520 1549 2559 (raucae)
1575 2519 1640 2548 afh.
1668 2519 1736 2548 rell.
1775 2520 1918 2549 arcessit.

91 2582 145 2621 10)
172 2582 216 2612 Et
241 2582 401 2612 subtiliter
416 2580 565 2621 siym‘fioat
579 2580 624 2610 fh.
651 2580 694 2609 Et
720 2579 853 2610 subtilis,
877 2579 1042 2618 significat
1059 2587 1098 2608 av
1117 2579 1262 2617 (subtilis
1281 2579 1381 2617 sign.)
1400 2578 1469 2608 rell.
1496 2577 1538 2606 Et
1557 2575 1808 2615 subtilis-figura.
1861 2576 1917 2615 11)

88 2647 107 2667 a
130 2647 219 2668 ceruo
242 2638 280 2668 R.
306 2641 338 2667 et
363 2648 383 2667 a
406 2638 503 2675 uulpe
529 2637 555 2666 R
581 2636 631 2675 (M
654 2640 738 2666 teste
762 2635 900 2674 Halm)
952 2635 1008 2673 13)
1035 2635 1243 2665 brundosium
1267 2634 1369 2664 MRA.
1422 2634 1477 2672 14)
1505 2632 1699 2671 plorabunde
1724 2632 1768 2662 M.
1788 2650 1829 2652 ss-
1847 2641 1919 2670 rege

88 2694 159 2725 MR.
212 2695 267 2733 15)
295 2695 459 2733 quaeritur
484 2694 527 2723 M.
554 2711 595 2714 »ἡ
623 2693 740 2722 dicitur
766 2694 795 2722 2.
822 2692 955 2730 aliquid.
984 2710 1025 2712 κν
1050 2701 1081 2721 se
1105 2692 1194 2729 perd.
1220 2691 1291 2720 MR.
1360 2689 1415 2730 17)
1443 2695 1492 2720 est.
1516 2690 1562 2719 Pl.
1588 2690 1660 2719 MR.
1687 2689 1755 2718 rell.
1781 2689 1829 2718 Pl.
1857 2693 1917 2718 est.

93 2752 147 2791 18)
174 2753 255 2790 petit
280 2761 393 2781 aurum
420 2750 491 2788 2‚C.
518 2760 649 2780 auarum
675 2749 759 2788 petiit
782 2748 828 2778 fh.
854 2749 922 2778 rell.
948 2758 1060 2777 aurum
1086 2747 1176 2786 perit.
1244 2748 1298 2787 19)
1324 2748 1481 2777 conscissa
1515 2746 1549 2775 M
1580 2745 1628 2783 (et
1660 2745 1790 2775 Halmio
1823 2750 1918 2775 teste.

90 2809 230 2838 concissa
255 2807 297 2847 Q)
325 2806 476 2845 2,vath.
504 2806 644 2837 concissa
668 2805 800 2844 RG(Q).
829 2808 878 2835 est
903 2805 977 2843 pall.
1004 2804 1099 2834 MR2.
1126 2805 1194 2833 rell.
1222 2805 1297 2843 pall.
1325 2807 1373 2834 est
1400 2808 1432 2834 et
1457 2807 1561 2833 cetera
1586 2801 1710 2835 MR2G,
1739 2806 1770 2831 et
1795 2806 1872 2831 caet.
1899 2812 1919 2830 v

92 2862 234 2903 (palula)
261 2874 289 2893 a.
318 2864 438 2902 pallula
464 2868 524 2900 est,
551 2867 606 2893 aut
631 2863 786 2892 amariola
812 2861 935 2891 Graeca
960 2862 1086 2899 aliquid
1112 2871 1234 2899 semper
1260 2865 1319 2893 est,
1346 2861 1428 2899 quod
1455 2863 1575 2898 pereat,
1603 2860 1781 2897 debeatque
1807 2868 1919 2888 amans

92 2925 195 2952 scorto
222 2931 278 2951 suo
304 2921 349 2950 fh.
376 2922 452 2958 pall.
479 2923 540 2957 est,
567 2923 621 2949 aut
648 2923 732 2949 emta
757 2918 886 2954 ancilla,
914 2922 969 2947 aut
995 2919 1126 2956 aliquod
1151 2927 1264 2947 nasum
1289 2920 1486 2955 argenteum,
1516 2916 1579 2945 eccs
1623 2915 1646 2943 (⁷)
1674 2914 1748 2953 (etc.
1775 2925 1836 2944 om.
1865 2915 1918 2954 Q).

94 2977 149 3016 20)
174 2977 303 3016 propria
326 2977 370 3009 M.
434 2977 492 3014 21)
518 2977 618 3005 timeat
640 2976 728 3006 vafh.
794 2973 851 3013 22)
878 2974 1118 3012 perischelidem
1144 2974 1188 3003 fh.
1216 2972 1423 3003 Periscelides
1447 2982 1505 3002 om.
1533 2973 1564 3001 2.
1631 2972 1688 3011 23)
1714 2975 1749 3001 ut
1772 2972 1850 3001 idem
1873 2971 1918 3001 fh.

92 3051 134 3054 -—
158 3033 280 3063 lacrim.
308 3033 399 3063 codd.
425 3032 576 3072 lachrym.
601 3032 690 3062 vafh.
716 3031 833 3060 faciant
848 3031 884 3060 R.
910 3030 1023 3060 fatiant
1045 3030 1088 3067 M,
1114 3033 1199 3059 teste
1223 3029 1364 3059 Halmio.
1391 3028 1458 3058 rell.
1486 3029 1590 3058 faciat.
1641 3027 1697 3065 24)
1723 3027 1792 3058 Hoc
1819 3028 1919 3057 schol.

94 3089 127 3118 in
142 3088 281 3128 MR2‚va
297 3089 432 3120 inferius
456 3089 594 3127 positum
620 3092 669 3118 est
693 3088 778 3118 inter
803 3097 832 3116 u.
858 3086 1084 3126 improbissimas
1109 3089 1139 3116 et
1160 3085 1267 3117 Osiris.
1295 3083 1540 3123 suppositicium
1566 3083 1750 3123 suspicatur
1768 3083 1808 3121 Q,
1835 3083 1919 3122 ‘quia

95 3144 204 3176 eadem
228 3145 293 3177 fere
316 3145 507 3176 recurrunt)
557 3144 614 3184 25)
639 3143 814 3174 habeantur
837 3153 867 3173 v.

1935 935 1974 965 10

1937 1668 1979 1699 20
