2148 3412
146 920 186 951 10

147 1287 188 1318 15

209 116 291 157 498
846 123 951 156 Aen.
977 123 1037 154 ET
1062 121 1227 155 ronru.
1253 122 1400 161 comt.

324 251 360 290 6.
396 248 601 289 Laudibus
633 261 721 301 ary.
752 248 804 288 ui.
881 245 1037 287 Facete
1067 245 1182 286 addit
1214 245 1462 295 Homerum,
1495 251 1709 301 tamquam
1741 245 1960 302 (quoniam
1987 273 2026 278 -

211 322 397 364 laudauit
431 320 479 363 C.
512 320 681 374 Herm.)
714 320 814 361 uina
844 328 882 361 et
914 320 957 360 in
986 319 1121 360 Iliade
1152 325 1190 360 et
1221 319 1264 359 in
1297 318 1492 374 Odyssea
1523 334 1648 375 saepe
1678 319 1925 361 laudauerit.

324 398 360 436 7.
397 396 549 435 Ennius
572 395 653 450 [pse
671 403 800 450 pater.
860 392 957 434 Hoc
988 399 1119 434 totum
1150 407 1245 433 011111
1275 392 1507 433 imitatione
1539 393 1720 447 quadam
1752 392 1905 433 dicitur
1935 391 2035 432 stul-

211 478 276 510 tae
298 467 592 524 persuasionis,
624 469 748 508 Pater
779 473 918 508 autem
948 465 1114 507 Ennius
1144 465 1252 515 ideo,
1299 465 1413 520 quod
1444 465 1535 521 ipse
1580 466 1741 521 primus
1785 464 2036 507 Latinorum

212 543 265 584 ad
296 541 454 583 heroici
485 555 631 582 uersus
662 540 939 581 imitationem
971 538 1264 594 adspirauerit.
2036 530 2039 533 ”

325 616 380 657 ad
412 629 540 656 arma.
600 612 671 654 Ad
702 613 833 654 libros
863 611 1110 662 Annalium,
1143 611 1443 666 quosEnnius
1474 611 1655 666 scripsit.

326 690 380 742 [8.
416 689 609 729 Prosiluit
640 688 818 728 dicenda.
879 686 940 728 Ut
970 686 1107 742 (Verq.
1141 683 1194 727 G.
1225 684 1306 735 ΙΙΙ,
1340 686 1404 740 6):
1442 686 1518 727 Cui
1543 701 1625 727 non
1655 686 1783 727 dictus
1815 683 1972 741 Hylas]

320 763 465 816 foram..
526 761 611 802 Per
640 762 777 816 foram
809 760 1043 802 causidicos
1074 766 1114 800 et
1143 758 1246 800 iuris
1278 758 1488 800 consultos
1519 758 1740 814 significat.

317 836 536 891 pzclealqae
567 836 740 877 Libonis.
799 833 884 874 Per
907 833 1051 889 >puteal
1084 839 1321 888 praetorem
1342 846 1391 873 ac
1413 831 1595 873 iudicem
1617 832 1839 887 signifieat.
1901 832 2041 872 Puteal

213 916 351 951 autem
388 910 542 950 Libonis
573 908 693 950 sedes
723 906 930 962 praetoris
960 906 1037 947 fuit
1067 920 1200 960 prope
1238 920 1381 947 areum
1411 904 1665 956 Fabianum,
1712 905 1882 955 dictum,
1928 904 2041 959 quod

214 998 237 1024 a
268 982 434 1024 Libone
464 982 552 1023 illic
582 981 766 1036 primum
797 979 982 1021 tribunal
1012 986 1050 1019 et
1082 978 1280 1020 subsellia
1311 978 1528 1020 conlocata
1558 985 1663 1020 sunt.
1697 974 1700 977 ’

328 1057 365 1097 9.
399 1056 604 1098 Mamlabo
635 1057 761 1096 siccis.
824 1052 989 1095 Sobriis
1019 1052 1195 1092 tradam.

328 1130 503 1171 adimam
536 1136 699 1170 cantare
729 1142 811 1169 seu.
885 1126 946 1168 Ut
989 1126 1178 1181 ineptum
1224 1131 1297 1176 est,
1344 1125 1492 1180 inquit,
1538 1124 1871 1167 iurisdictionem
1902 1140 1986 1167 non
2017 1140 2042 1167 a
2092 1134 2093 1138 ’

2092 855 2145 1079 ἓῖ

224 2338 279 2375 10)
306 2341 414 2366 autem
445 2347 504 2366 om.
530 2336 575 2366 fh.
643 2336 699 2374 11)
725 2335 838 2365 collata
864 2336 892 2364 2.
918 2337 986 2365 rell.
1025 2336 1188 2365 collocata.
1233 2338 1305 2364 sant
1330 2334 1428 2373 M(Q)
1467 2334 1560 2364 Auct.
1587 2344 1615 2372 p.
1643 2335 1716 2364 694.
1754 2335 1822 2364 rell.
1862 2335 1937 2365 sint.
1990 2336 2045 2375 12)
2107 2335 2115 2364 3

220 2395 309 2423 Amat
334 2395 415 2423 dabo
440 2393 511 2422 MR.
564 2394 619 2431 13)
647 2393 726 2422 iuris
761 2403 820 2422 om.
854 2392 980 2422 MR2G.
1011 2393 1181 2423 dictionem
1214 2391 1323 2430 MG‚v.
1356 2391 1512 2422 ditionem
1541 2391 1598 2420 R2.
1639 2391 1719 2421 iuris
1745 2392 1819 2421 dict.
1847 2391 1940 2427 ath.
1991 2392 2045 2432 15)
2109 2391 2113 2403 ³

215 1203 366 1245 sobriis
397 1203 502 1258 geri,
535 1202 596 1244 sic
625 1201 856 1243 absurdum
888 1206 961 1250 est,
994 1206 1164 1240 eantare
1194 1199 1369 1240 ieiunos.

330 1278 393 1317 10.
428 1277 515 1317 Hoc
545 1276 666 1317 simul
695 1276 815 1324 edixi,
858 1288 937 1315 non
968 1288 1061 1315 cess.
1086 1288 1154 1329 po.
1234 1271 1399 1325 Statim,
1444 1279 1489 1314 ut
1518 1273 1621 1321 hoc,
1654 1272 1802 1327 inquit,
1848 1272 2043 1315 omnibus

215 1350 393 1406 dixi[sse
424 1349 484 1390 uti
515 1349 629 1390 stulti
655 1355 751 1401 sunt
782 1348 985 1402 heropam
1017 1372 1069 1376 -—
1101 1345 1179 1387 sic!
1216 1346 1342 1403 —].'³¹⁶)

330 1425 394 1464 11.
426 1424 635 1466 Νοσῖιινηο
668 1431 761 1464 cert.
791 1436 897 1463 mero
921 1435 994 1477 pu.
1027 1420 1184 1462 cle'arno.
1257 1419 1353 1461 Hoc
1391 1426 1465 1470 est,
1497 1419 1587 1460 dies
1623 1425 1848 1475 noctesque
1886 1426 2043 1475 potare.

331 1498 394 1537 12.
432 1497 553 1547 Quid,
576 1497 716 1551 siquis
740 1497 857 1537 atella
879 1503 1006 1536 toruo.
1069 1492 1198 1546 Quid,
1230 1492 1265 1534 si
1296 1492 1461 1547 aliquis,
1493 1492 1642 1547 inquit,
1672 1500 1831 1534 uestem
1861 1494 2043 1536 uultum-

217 1585 296 1624 que
330 1568 506 1611 Catonis
537 1569 736 1619 imitetur,
768 1568 974 1623 numquid
1005 1567 1202 1609 continuo
1234 1566 1360 1607 etiam
1389 1566 1614 1607 uirtutibus
1646 1564 1753 1608 Cato
1785 1566 1862 1608 sit?

331 1645 395 1684 13.
417 1644 679 1698 Eoee'yzcaeqae
693 1644 896 1697 loqaesz'm.
910 1650 1002 1683 text.
1018 1641 1101 1683 Cal.
1132 1640 1414 1695 Metonymia:
1434 1640 1490 1689 id,
1505 1641 1922 1695 quodfit,proeo‚qui
1933 1642 2044 1683 facit.

332 1717 396 1758 15.
431 1717 555 1773 Rupit
586 1717 794 1757 Iarbitam.
853 1715 1108 1770 Exemplum
1131 1714 1246 1755 stulti
1268 1713 1489 1755 imitatoris
1510 1713 1772 1769 interposuit.
1830 1714 1941 1756 Nam
1977 1715 2045 1757 hic

216 1790 389 1838 Iarbita,
421 1789 598 1831 Maurus
629 1789 815 1845 regione,
845 1789 924 1829 fuit
956 1786 1134 1836 Cordus,
1167 1787 1251 1842 qui,
1297 1787 1395 1828 dum
1427 1787 1705 1843 Timagenem
1736 1788 1923 1830 imitatur
1952 1795 2047 1844 post

218 1863 461 1905 conuiuium
493 1870 532 1903 et
562 1863 670 1904 inter
699 1862 852 1917 pocula
873 1862 1190 1909 declamantem,
1226 1866 1399 1916 propter
1419 1861 1684 1903 insolentiam
1706 1862 1901 1911 faciendi,
1934 1862 2047 1917 quod

219 1937 461 1985 conabatur,
492 1936 583 1991 ipse
615 1936 807 1990 diruptus
838 1942 912 1985 est,
972 1935 1226 1990 Timagenes
1257 1934 1368 1974 enim
1399 1935 1550 1976 multos
1582 1935 1811 1977 conabatur
1846 1935 2046 1977 adhibere

219 2011 354 2052 socios
385 2018 423 2051 et
455 2024 610 2051 caenae
643 2016 682 2050 et
712 2009 1029 2050 declamationis
1061 2022 1172 2056 suae,
1220 2007 1402 2062 dumque
1447 2008 1500 2049 ab
1531 2008 1596 2049 his
1636 2009 1812 2050 multum
1848 2009 2045 2050 laudatur

334 2109 367 2147 1)
394 2109 501 2138 addito
524 2108 664 2139 Homero
689 2107 814 2145 MR2G,
843 2112 946 2138 ortum
971 2117 1012 2136 ex
1038 2108 1127 2136 addit
1155 2106 1222 2137 Om.
1248 2107 1318 2137 rell.
1355 2106 1441 2136 addit
1464 2107 1642 2137 Homerum.
1686 2108 1720 2145 ⁶2)
1745 2108 1819 2137 uina
1844 2108 1880 2137 R.
1907 2108 1976 2137 uini
1999 2108 2043 2138 M.

218 2166 289 2197 rell.
316 2166 429 2194 uinum.
454 2165 537 2194 etin
562 2165 599 2194 Il.
626 2164 818 2203 MR2G(Q>.
844 2165 914 2194 rell.
941 2175 1001 2195 om.
1040 2168 1082 2194 et.
1121 2164 1254 2204 odyssia
1289 2163 1332 2193 M.
1370 2165 1491 2193 odissia
1526 2164 1563 2201 R,
1601 2169 1637 2194 ut
1674 2173 1780 2202 supra.
1845 2166 1880 2205 2)
1906 2166 2048 2196 laudauit

218 2222 356 2259 MRG,v.
384 2223 452 2251 rell.
478 2222 669 2251 laudauerit.
730 2222 765 2259 3)
793 2221 911 2250 dicitur
935 2231 1004 2259 cum
1031 2222 1062 2254 2.
1122 2218 1156 2260 5)
1184 2220 1335 2258 aspirauit
1357 2221 1395 2250 R.
1422 2222 1491 2251 rell.
1518 2220 1753 2261 (adspirauerit
1776 2221 1824 2261 M)
1849 2222 2045 2260 aspirauerit.

221 2279 256 2318 6)
282 2280 339 2309 lib.
367 2279 550 2308 animalium
574 2289 603 2308 v.
670 2278 703 2316 7)
729 2278 885 2307 Prosiluit
912 2296 951 2299 νή
978 2279 1083 2318 Hylas
1120 2277 1168 2307 fh.
1207 2278 1276 2307 rell.
1315 2287 1375 2307 om.
1441 2278 1475 2317 8)
1503 2278 1563 2307 Per
1589 2296 1630 2299 -—
1655 2278 1816 2316 significat
1854 2288 1913 2308 om.
1955 2279 2045 2309 vafh.

222 2451 312 2480 edixi
346 2450 388 2480 M.
416 2451 484 2479 rell.
511 2449 618 2479 edixit.
646 2449 764 2479 Statim
794 2466 830 2470 —
858 2450 1008 2488 heropam
1033 2449 1189 2479 MRAQG.
1216 2448 1334 2479 Statim
1359 2452 1395 2478 ut.
1432 2449 1502 2486 hoc,
1540 2449 1657 2486 inquit,
1693 2447 1790 2477 uisum
1825 2452 1867 2478 est
1901 2449 2046 2478 omnibus

221 2508 350 2536 dixisse
374 2506 462 2535 vafh.
487 2506 584 2535 uisam
608 2509 651 2534 est
674 2506 811 2535 inseruit
836 2515 897 2534 rec.
922 2515 1034 2535 manus
1058 2506 1090 2536 in
1117 2507 1146 2536 2.
1174 2505 1304 2536 ‘Statim
1329 2509 1365 2535 ut
1390 2506 1460 2542 hoe,
1486 2505 1601 2543 inquit,
1628 2505 1776 2534 omnibus
1803 2505 1875 2535 dixi
1894 2527 2033 2534 .....
2038 2505 2045 2518 ⁷

221 2564 367 2602 (lacuna)
394 2562 432 2598 Q.
499 2561 555 2600 18)
582 2561 683 2600 aliqui
705 2562 748 2591 M.
810 2561 934 2601 19)s1t
962 2562 998 2598 Q.
1024 2563 1094 2592 rell.
1119 2564 1161 2592 sit
1188 2563 1281 2606 (Βφ).
1307 2562 1365 2591 erit
1387 2561 1461 2591 Aer.
1526 2562 1583 2600 20)
1610 2571 1645 2591 eo
1670 2562 1748 2600 quod
1770 2561 1828 2590 R2.
1856 2563 1869 2590 1
1898 2572 1939 2591 m.
1966 2571 2046 2591 corr.

222 2620 280 2659 21)
306 2620 406 2658 rupiti
436 2619 597 2648 siz-butham
632 2618 708 2657 (sic)
744 2619 778 2647 M
803 2618 913 2656 (ergm
952 2619 1127 2657 iarbatlzam,
1164 2620 1197 2649 in
1223 2619 1344 2649 scholio
1370 2623 1475 2648 tamen
1499 2618 1645 2648 barbatlza
1669 2622 1701 2648 et
1726 2618 1922 2657 bar-buthan).
1959 2619 2047 2656 rupit

220 2665 406 2717 Jv¹arhitham
434 2675 471 2705 G.
506 2675 678 2705 hii-abitum
703 2693 745 2696 *s
770 2675 908 2705 Iziarbita
934 2694 974 2696 ——
1000 2676 1186 2715 hyarbitam
1211 2686 1241 2707 v.
1279 2676 1436 2715 Hyarbita
1461 2675 1525 2704 afh.
1591 2676 1647 2713 22)
1672 2685 1801 2704 maurus
1836 2675 1965 2715 reyione.
2003 2684 2047 2704 me

222 2734 284 2763 fuit
321 2734 435 2763 cordus
472 2732 593 2771 quidam
629 2732 787 2771 imczfflbzem
822 2732 894 2761 MR.
930 2733 1060 2771 regione
1098 2743 1157 2762 om.
1195 2732 1282 2762 vafh.
1320 2732 1441 2762 Iarbita
1478 2732 1607 2761 Maurus
1645 2730 1808 2772 [regione]
1837 2731 1900 2761 fuit
1925 2731 2046 2762 Cordus

221 2791 369 2820 Dtintzer
394 2790 407 2819 I
433 2800 462 2828 p.
491 2790 564 2819 521.
604 2789 686 2818 conf.
712 2799 741 2827 p.
773 2789 845 2818 103.
883 2793 948 2819 not.
974 2789 1043 2818 XX.
1070 2793 1101 2818 et
1127 2799 1157 2827 p.
1185 2790 1259 2819 508.
1297 2789 1427 2819 Schmid
1452 2799 1482 2826 p.
1509 2789 1582 2818 429.
1619 2787 1784 2826 (Codrus).
1811 2788 1843 2817 S.
1872 2788 1989 2818 Obbar.
2014 2798 2043 2827 p.

224 2849 298 2877 505.
325 2847 439 2876 cordus
463 2846 525 2875 MR
552 2845 641 2875 Chis.
669 2845 748 2882 G‚C.
776 2845 897 2875 Codrus
924 2844 1034 2883 (Verg.
1060 2846 1099 2875 E.
1124 2846 1194 2881 VII,
1222 2846 1279 2885 26)
1315 2845 1488 2875 lVeichert.
1516 2855 1627 2874 comm.
1665 2844 1825 2874 Grimmae
1853 2845 1948 2874 1821.
1976 2844 2046 2884 (Ρο.

225 2904 309 2933 Latt.
335 2913 364 2940 p.
393 2903 484 2941 391).
514 2906 680 2941 utrumque
706 2913 766 2932 om.
794 2902 967 2945 2B30‚vash.
1017 2904 1074 2942 24)
1100 2912 1199 2940 paene
1226 2901 1319 2940 (pene
1345 2903 1379 2941 a)
1406 2903 1523 2940 disrup.
1550 2902 1614 2931 afh.
1640 2906 1679 2940 pe
1705 2901 1806 2939 dirup.
1832 2911 1861 2931 v.
1898 2901 1960 2939 ipse
1984 2902 2043 2931 dir.

2083 2653 2088 2734 1

223 2960 412 2995 mmmm.
448 2977 480 2981 μ
507 2961 565 2989 dir.
592 2963 642 2989 est
666 2959 768 2998 maym'
791 2963 876 2988 eremi
898 2959 989 2988 mult.
1014 2958 1086 2987 MR.
1114 2959 1238 2997 Timag.
1264 2969 1337 2989 uero
1367 2960 1396 2989 2.
1423 2959 1490 2988 rell.
1520 2958 1646 2996 Timag.
1673 2958 1765 2987 enim.
1796 2975 1827 2978 ψ
1858 2958 1974 2987 multos
1999 2967 2045 2987 co-
2102 2967 2109 2994 ¹.

225 3016 352 3045 nabataei·
377 3017 527 3046 adhibere
554 3016 672 3046 solitam
696 3015 826 3056 (solitos
845 3014 881 3045 G.
908 3016 1008 3045 socios
1027 3016 1061 3055 2)
1088 3019 1119 3044 et
1144 3025 1257 3045 caenae
1281 3015 1408 3047 MR2G.
1434 3014 1608 3052 conabatur,
1635 3015 1719 3053 quod
1745 3024 1828 3044 omn.
1854 3015 1930 3043 libri
1954 3018 2043 3044 tuen-

226 3077 288 3108 tur,
315 3082 374 3102 om.
403 3075 440 3108 Q,
478 3075 531 3112 qui
559 3074 706 3111 scripsit:
745 3073 818 3102 adh.
843 3072 955 3102 solitus.
1020 3073 1077 3112 25)
1104 3073 1344 3102 declamationis
1371 3074 1400 3102 2.
1428 3073 1658 3102 declamatione
1680 3071 1752 3101 MR.
1778 3070 1826 3100 lais
1852 3081 1934 3101 omn.
1960 3071 2045 3101 libri·

226 3129 285 3158 illis
315 3130 375 3158 inc.
404 3128 440 3165 Q.
500 3129 534 3169 *)
562 3128 595 3159 C.
622 3129 798 3159 Hermann.
825 3139 882 3160 em.
910 3129 1092 3168 ingeniose:
1121 3146 1162 3150 ——
1189 3128 1291 3160 ‘secuti
1315 3132 1354 3160 st.
1381 3132 1457 3159 sunt
1481 3127 1576 3160 uerba
1598 3129 1674 3158 mea’
1699 3126 1828 3168 (merum
1846 3127 2000 3168 potare?).

2103 3020 2109 3039 1

2139 410 2148 437 l
