2148 3412
851 140 900 170 IN
926 140 1069 172 EPIST.
1095 141 1119 179 1,
1151 145 1176 173 1.
1853 136 1934 177 363

220 258 284 299 58.
319 259 396 299 Sed
440 259 746 314 quadrinqemis
791 278 863 302 sex
908 273 1050 319 septem
1097 266 1204 306 milia
1254 267 1406 308 desunt.
1487 267 1602 320 Quia
1632 269 1734 311 Otho
1766 271 1936 312 Roscius

109 331 237 379 iussit,
269 345 352 371 non
384 330 537 372 debere
558 332 648 372 fieri
671 334 853 388 equitem
875 334 1126 387 Romanum,
1159 339 1239 379 nisi
1271 339 1443 381 haberet
1476 342 1787 399 quadringenta
1818 344 1934 385 milia

108 403 226 446 aeris.
286 403 483 458 (Roscius
514 405 663 447 melius
695 406 828 457 docet,
876 409 945 462 qui
978 409 1092 460 dicit,
1139 412 1431 468 undecumque
1462 414 1701 456 habendam
1738 432 1827 458 esse
1858 432 1933 472 pe-

107 477 282 519 cuniam.
342 476 413 517 An
445 478 732 533 philosophus,
767 480 838 534 qui
869 490 1021 531 monet,
1059 487 1438 540 contempnendam
1471 503 1559 529 esse
1591 489 1815 544 superbam
1848 493 1932 532 for-

106 551 289 603 tunam?)
348 550 445 592 Hoc
477 552 596 606 quasi
628 552 709 608 ipsi
741 554 896 595 dicunt.
958 558 1273 613 quadrinyemz's.
1309 559 1359 600 Id
1391 570 1463 611 est,
1497 562 1677 603 milibus.
1740 563 1836 606 Hoc
1867 565 1932 605 in-

107 623 373 679 terrogatiue.

213 706 357 754 septem
388 699 508 740 milia.
569 699 670 740 Alia
700 699 927 742 subiectio:
967 703 1040 743 sed
1072 703 1264 758 plebeius
1296 706 1391 755 eris,
1434 707 1467 748 si
1499 723 1523 748 a
1556 706 1730 751 CCCC.
1763 711 1932 753 milibus

104 770 177 814 VI.
209 779 279 812 aut
309 770 408 812 VII.
439 771 557 812 milia
588 773 728 815 minus
758 773 969 816 habueris.

213 845 277 886 59.
311 845 424 886 Plebs
455 848 543 887 eris.
605 845 701 888 Hoc
732 855 811 889 est:
844 847 886 888 in
919 851 1250 903 quattuordecim
1274 853 1493 896 ordinibus
1515 871 1598 897 non
1620 857 1798 908 sedebis,
1832 873 1930 901 con-

103 919 339 974 tempneris.

211 1001 251 1033 at
275 995 398 1049 pueri
425 994 506 1035 lud.
538 1008 614 1035 reoe
645 997 723 1036 eris
755 997 881 1037 αἰτιηί.
955 996 1052 1038 Hoc
1081 997 1299 1041 Horatius.
1375 1002 1563 1044 ludentes.
1595 1002 1645 1044 Id
1676 1012 1757 1046 est:
1804 1005 1929 1047 etiam

102 1066 218 1122 pueri
249 1065 404 1116 dicunt,
437 1082 644 1108 summum
667 1067 823 1110 bonum
846 1084 935 1111 esse
957 1071 1167 1113 uirtutem.
1228 1073 1267 1113 A
1282 1073 1422 1115 liter:
1456 1074 1598 1116 Etiam
1621 1078 1742 1132 pueri
1765 1078 1927 1120 dicunt:

101 1155 175 1182 rex
205 1149 271 1182 est.
332 1139 567 1195 Praecepta
597 1141 890 1197 philosophiae
922 1145 1043 1199 pueri
1074 1145 1324 1197 didicerunt,
1373 1162 1422 1188 ex
1469 1164 1550 1203 quo
1595 1158 1744 1205 grauat
1789 1152 1927 1207 legem

103 1211 292 1255 Othonis.

211 1288 275 1328 60.
307 1288 369 1329 hic
400 1303 555 1330 murus.
616 1288 779 1345 Magna
810 1290 975 1331 fiducia.

210 1376 369 1403 aeneus.
428 1361 479 1402 Id
510 1370 589 1403 est:
623 1364 741 1418 quasi
767 1378 910 1405 murus
942 1378 1096 1406 aeneus
1127 1373 1200 1406 est.

210 1444 300 1476 esto.
359 1434 444 1476 Pro
477 1445 543 1484 est,
574 1436 640 1477 uel
673 1438 732 1478 sit.
903 1427 909 1432 ’

210 1510 273 1550 61.
307 1511 483 1551 conscire
514 1510 600 1551 sibi.
661 1508 891 1552 Conscium
922 1525 1024 1552 esse.

210 1583 273 1623 62.
306 1583 467 1625 Roscia.
526 1582 619 1623 Lex
650 1583 879 1634 theatralis,
912 1599 1019 1639 quae
1052 1587 1234 1628 senatori
1267 1596 1422 1629 certam
1455 1605 1660 1632 summam
1682 1592 1927 1647 patrimonii

99 1655 248 1697 statuit.

209 1731 272 1771 63.
304 1730 446 1772 Νεηιά.
506 1730 623 1773 Laus
654 1741 926 1782 mortuorum,
958 1733 1032 1774 sed
1063 1733 1131 1775 hic
1164 1734 1368 1792 [quoque]
1403 1737 1624 1788 cantilena,
1656 1747 1699 1779 ut
1730 1739 1833 1781 alibi
1855 1738 1925 1794 (C.

98 1802 175 1854 ΠΙ,
206 1805 272 1852 28,
307 1806 398 1860 16);
431 1807 570 1846 merita
601 1820 686 1847 ‘noa²
718 1821 870 1863 quoque
899 1808 1018 1848 nenia
1053 1806 1260 1865 [dicitur]
1292 1809 1455 1851 ludicra
1487 1811 1708 1853 cantilena.

207 1953 238 1992 ·'s)
263 1954 383 1985 Versus
411 1956 452 1985 58
479 1955 556 1993 (Sed
579 1955 704 1995 quadr.)
729 1957 837 1986 uersui
864 1958 904 1986 57
940 1956 1010 1995 (Est
1035 1975 1075 1977 Α
1101 1959 1161 1987 Ast
1186 1958 1276 1988 Harl.
1305 1978 1345 1980 ff--r
1371 1960 1503 2000 animus)
1542 1966 1625 1991 recte
1651 1963 1853 2000 antepositus
1880 1968 1927 1993 est

100 2010 132 2040 in
155 2011 203 2052 γ’ῠ,
230 2016 266 2040 ut
290 2012 323 2041 in
348 2013 449 2042 multo
475 2013 623 2050 plurimis
650 2018 681 2043 et
707 2018 787 2043 uett.
816 2018 847 2043 et
871 2023 951 2043 rece.
979 2015 1144 2044 codicibus
1170 2015 1314 2046 Horatii.

210 2068 242 2107 1)
270 2069 321 2098 Set
346 2087 386 2090 ν-
412 2069 527 2099 desunt
552 2079 578 2111 γ,
604 2070 658 2099 sed
691 2087 702 2089 -
726 2071 844 2100 desunt
869 2070 1059 2113 EBeAFHI
1086 2075 1145 2101 etc.
1175 2072 1286 2102 Ambr.
1313 2073 1409 2103 Fran.
1436 2074 1529 2104 Barc.
1556 2074 1646 2104 Harl.
1674 2074 1789 2105 Graeu.
1813 2076 1924 2115 Magd.

97 2122 208 2162 Regin.
235 2124 455 2164 (Babingtom
483 2126 546 2156 Sed
570 2127 617 2156 M¹
650 2137 668 2156 a
693 2137 778 2156 man.
807 2136 868 2156 sec.
883 2127 1011 2165 Regin.)
1038 2128 1167 2166 aliique.
1193 2129 1305 2159 Altera
1330 2131 1427 2160 lectio
1454 2131 1498 2168 Si,
1529 2141 1622 2168 quam
1647 2132 1796 2161 nonnulli
1823 2134 1924 2170 codd,

97 2184 132 2210 ut
154 2180 202 2211 PS
226 2181 310 2211 Med.
338 2182 391 2220 (Q.
420 2184 470 2213 75.
498 2192 581 2213 saec.
607 2183 667 2222 XI)
694 2188 753 2213 etc.
792 2185 824 2213 in
850 2184 969 2213 rasuris
997 2185 1184 2223 ostendunt,
1223 2190 1253 2215 et
1281 2196 1322 2215 ex
1347 2187 1456 2225 glossa
1492 2192 1523 2217 et
1562 2197 1602 2217 ex
1639 2198 1804 2226 perperam
1841 2190 1925 2219 lecto

98 2239 268 2276 conpendio
294 2249 319 2277 s;
336 2254 381 2268 z
399 2244 447 2269 set
474 2246 544 2270 orta
571 2245 629 2275 est.
657 2242 751 2271 obuia
777 2241 874 2270 etiam
902 2242 935 2270 in
961 2244 1040 2270 uett..
1069 2242 1160 2271 codd.
1188 2247 1222 2272 ut
1250 2242 1368 2273 Bernn.
1393 2243 1524 2273 ABDE.
1561 2244 1648 2274 Idem
1673 2246 1761 2274 ualet
1787 2246 1824 2274 de
1851 2255 1925 2275 eon-

98 2293 193 2324 iunct.
217 2295 323 2325 desint.
340 2297 450 2326 Ambr.
476 2297 590 2327 habet:
619 2298 676 2327 (1οἒ
699 2297 748 2326 uel
770 2297 873 2327 desint.
904 2297 1035 2327 Lemma
1063 2298 1099 2327 Si
1113 2298 1219 2336 quadr.
1240 2309 1300 2328 om.
1320 2300 1390 2328 edd.
1411 2309 1460 2337 va,
1487 2310 1568 2339 quae
1593 2306 1709 2338 tamen,
1735 2305 1770 2330 ut
1790 2302 1833 2337 fh,
1860 2311 1924 2331 non

99 2350 198 2382 desint
230 2354 286 2382 sed
319 2354 435 2384 desunt
464 2355 495 2383 in
521 2354 658 2384 Horatio
692 2355 824 2385 habent.
851 2373 881 2375 -r
919 2354 1002 2390 Quia
1027 2354 1196 2393 (vathQ‘)
1291 2356 1452 2386 fortunam
1479 2367 1528 2387 om
1554 2367 1579 2398 γ.
1609 2375 1647 2378 ἢ
1678 2357 1754 2391 Quia
1778 2359 1826 2399 γῒ).
1853 2359 1922 2388 rell.

103 2408 252 2442 Quoniam.
278 2410 345 2440 otho
372 2412 493 2440 roscius
520 2421 545 2452 ⁴(-
584 2416 611 2441 εἰ
633 2411 772 2441 horosius
798 2412 826 2440 b.
853 2412 923 2440 rell.
950 2420 1010 2440 om.
1051 2411 1145 2441 Otho.
1173 2412 1256 2442 conf.
1283 2413 1379 2443 schol.
1405 2423 1434 2442 11.
1463 2414 1514 2442 62.
1552 2415 1667 2443 debere
1691 2413 1843 2455 7,vath.
1870 2415 1924 2444 de-

98 2465 167 2496 beri
197 2477 281 2505 posse
319 2467 348 2499 C.
411 2469 444 2507 2)
470 2469 533 2497 nisi
570 2477 634 2497 eum
669 2468 722 2507 qui
755 2467 845 2509 γ1),0.
881 2468 951 2497 rell.
991 2478 1050 2497 om.
1091 2478 1162 2498 eum
1199 2470 1262 2508 qui.
1296 2469 1385 2499 habet
1409 2471 1437 2499 b.
1467 2471 1557 2499 milia
1581 2469 1661 2499 aeris
1686 2470 1806 2505 vath.
1834 2472 1925 2500 milia

97 2523 258 2554 sestertium
283 2523 318 2554 0.
344 2525 445 2562 milia.⁷
480 2535 538 2554 om.
567 2525 650 2553 aeris
679 2529 709 2554 et
736 2529 812 2554 sest.
839 2525 888 2566 γὶ),
918 2524 1068 2554 Scholion
1094 2525 1221 2555 Roscius
1248 2544 1288 2546 A<
1314 2527 1487 2563 Fortunam,
1525 2527 1609 2565 quod
1636 2526 1666 2555 h.
1693 2526 1713 2554 1.
1739 2527 1924 2565 adiungunt

97 2578 212 2617 vath,
246 2582 388 2618 pertinet
413 2581 454 2611 ad
486 2591 516 2610 u.
546 2583 598 2610 65.
650 2583 682 2620 7)
708 2581 781 2610 Alia
808 2600 834 2601 j
852 2581 1004 2610 habueris
1030 2582 1077 2622 Tb.
1104 2582 1173 2611 rell.
1200 2592 1259 2612 om.
1288 2584 1442 2612 subiectos
1467 2584 1497 2612 b.
1527 2581 1724 2612 siaCCCC.
1752 2584 1782 2612 b.
1811 2581 1922 2612 CCCC

99 2645 159 2666 om.
184 2646 210 2678 γ.
270 2638 303 2677 8)
330 2638 383 2667 VI.
411 2642 465 2667 aut
492 2638 561 2667 VH.
588 2639 616 2667 b.
645 2648 704 2667 sex
730 2642 785 2667 aut
812 2642 932 2676 septem
956 2648 982 2680 γ.
1010 2638 1046 2667 b:
1083 2643 1192 2676 septem
1217 2639 1313 2668 milia.
1352 2639 1388 2668 Id
1424 2644 1491 2669 est:
1519 2649 1579 2668 non
1617 2640 1739 2668 habent
1764 2648 1922 2669 summam

99 2693 214 2731 equitis
238 2693 384 2731 Romani,
424 2696 576 2733 quoniam
601 2704 663 2724 11011
690 2695 809 2724 fiebant
842 2696 977 2733 equites,
1014 2695 1078 2724 uisi
1115 2696 1169 2733 qui
1208 2702 1330 2726 certum
1366 2697 1495 2726 modum
1532 2697 1688 2734 pecuniae
1732 2696 1925 2726 habuissent

97 2749 164 2778 rell.
189 2760 250 2780 om.
314 2751 348 2789 9)
375 2751 443 2781 Hoc
467 2753 516 2793 ·(b.
543 2752 612 2780 rell.
654 2752 701 2780 Id.
769 2752 823 2789 10)
860 2753 1089 2789 contempneris
1125 2761 1150 2793 γ.
1188 2754 1395 2783 contemneris
1432 2752 1503 2789 b‚C.
1539 2753 1608 2782 rell.
1647 2763 1706 2782 om.
1774 2754 1827 2792 11)
1855 2753 1924 2783 Hoc

99 2805 239 2836 horatius
275 2808 312 2849 *sb
351 2807 521 2846 (oracius).
561 2809 607 2837 ait
644 2807 799 2837 Horatius
838 2808 874 2837 C.
912 2809 982 2838 rell.
1023 2818 1083 2838 0111.
1111 2826 1151 2829 --
1177 2810 1214 2838 Id
1240 2815 1288 2839 est
1320 2828 1353 2831 „-
1381 2811 1534 2839 uirtutem
1570 2818 1597 2850 γ.
1634 2809 1703 2838 rell.
1730 2818 1790 2838 om.
1818 2827 1857 2830 *a
1884 2810 1922 2839 b:

99 2859 207 2892 Eciam
230 2865 319 2902 pueri
344 2865 452 2894 dicunt
479 2865 533 2902 qui
559 2869 644 2894 recte
668 2864 746 2893 facit
773 2874 832 2894 rex
858 2870 918 2894 est.
948 2865 1011 2894 Dic
1037 2865 1157 2904 (Dicit)
1184 2870 1353 2905 praecepto
1384 2884 1418 2887 -—
1447 2866 1671 2903 philosophiae
1709 2864 1798 2903 pueri
1839 2865 1923 2894 didi>

100 2924 208 2950 cerunt
233 2929 274 2950 ex
298 2931 358 2960 quo
385 2925 496 2959 grauat
522 2922 626 2959 legem
650 2925 677 2950 et
700 2921 819 2950 honoris
847 2921 939 2960 (sic).
1002 2924 1056 2961 12)
1081 2922 1131 2952 Al.
1159 2924 1257 2952 etiam
1288 2941 1323 2943 ⁴-
1351 2923 1475 2952 othonis
1500 2931 1526 2964 γ.
1553 2922 1623 2951 rell.
1652 2932 1712 2952 om.
1776 2921 1831 2960 15)
1858 2921 1922 2951 Ma.

100 2974 212 3006 fiducia
234 2987 260 3019 γ.
286 2978 354 3007 rell.
383 2988 442 3008 om.
495 2978 549 3016 16)
576 2978 612 3007 Id
628 2995 665 2998 ᾔ
687 2982 736 3007 est
761 2988 787 3019 γ.
813 2979 881 3007 rell.
908 2988 969 3008 om.
998 2978 1125 3009 Scilicet
1150 2981 1241 3018 quasi
1268 2981 1297 3009 b.
1350 2980 1404 3017 17)
1431 2979 1492 3009 Pro
1518 2980 1559 3008 sit
1585 2980 1633 3019 Tb.
1657 2979 1725 3008 rell.
1752 2988 1812 3009 om.
1864 2979 1920 3017 18)

101 3030 268 3064 Conscium
292 3043 363 3065 esse
386 3035 435 3076 Tb.
462 3036 532 3064 rell.
559 3044 618 3065 om.
644 3035 725 3065 conf.
741 3033 783 3064 C:
811 3035 941 3064 ‘nullius
968 3036 1097 3065 sceleris
1123 3037 1185 3066 sibi
1211 3046 1281 3066 esse
1307 3036 1490 3065 conscium.'
1517 3035 1660 3065 conscire
1685 3034 1741 3065 tibi
1765 3036 1804 3077 ‘fb
1832 3035 1921 3074 (bis).

100 3098 167 3120 cum
189 3100 256 3122 uar.
281 3092 355 3122 lect.
387 3095 400 3122 1
419 3102 479 3122 m.:
504 3092 552 3122 uel
574 3092 632 3122 sibi
654 3092 702 3134 γὸ.
754 3093 809 3132 19)
836 3091 905 3121 Lex
930 3094 1097 3123 “statuit
1121 3093 1169 3134 Tb.
1187 3093 1256 3122 rell.
1276 3102 1337 3122 om.
1364 3092 1402 3122 cf.
1423 3091 1534 3121 Cobet.
1552 3092 1585 3121 in
1603 3091 1833 3131 Mnemosynae
1849 3091 1920 3121 Vol.

100 3144 138 3175 X·
155 3155 183 3184 p·
203 3149 260 3179 341
283 3158 349 3188 seq.
400 3150 456 3188 21)
483 3159 608 3188 quoque
633 3159 693 3179 om.
720 3150 770 3191 Tb.
820 3148 877 3189 22)
903 3150 1020 3181 dicitur
1038 3160 1098 3181 om.
1115 3150 1164 3193 γ1).
1190 3149 1313 3179 ludicra
1330 3158 1356 3191 'a‘-
1383 3149 1506 3179 ludicra
1531 3148 1690 3179 cantilena.
1716 3148 1765 3179 uel
1787 3148 1864 3179 lenia
1888 3148 1919 3177 b.

1958 942 1997 973 10

1956 1310 1994 1340 15

1951 1676 1994 1707 20
