2148 3412
804 115 851 147 IN
878 115 1013 148 SERM.
1039 116 1082 147 11.
1113 121 1138 148 1.
1807 111 1886 150 193

57 240 235 281 Aliter.
294 236 364 279 De
408 252 452 280 se
482 239 576 294 ipso
613 239 690 280 ait:
738 238 892 281 Utrum
938 239 1016 281 sim
1047 239 1248 283 Lucanus
1293 257 1346 283 an
1376 240 1558 299 Apulus,
1604 258 1773 300 anceps.
1834 260 1887 286 (ιη

57 314 223 371 Apulus.
283 312 442 354 scilicet
472 312 563 354 sim.

168 387 233 428 35.
265 394 365 428 arat.
426 384 616 427 Habitat.

163 460 281 516 finem
311 460 394 500 sub.
427 470 508 501 mr.
569 458 709 515 Prope
739 459 866 501 finem
896 460 1113 516 utriusque
1151 461 1355 512 coloniae,
1401 471 1447 505 ut.
1477 463 1553 506 sub
1585 465 1736 514 lucem,
1769 465 1885 506 iuxta

56 534 199 576 lucem.

165 607 230 648 35.
262 621 357 648 nam
396 607 616 649 Venusinus
647 622 708 649 αν.
786 606 1022 649 Venusium
1053 607 1165 649 enim
1197 608 1402 664 oppidum
1433 619 1507 660 est,
1553 610 1625 652 ubi
1662 618 1784 653 natus
1825 622 1883 653 est

57 680 269 723 Horatius.

168 752 253 810 [36.
285 755 436 796 Missus
468 755 521 795 acl
551 755 624 796 hoe
652 756 794 811 pulsis,
828 770 867 796 u.
899 770 927 795 e.
959 764 1003 796 u!
1032 756 1099 809 fa„
1132 754 1225 796 sab.
1286 754 1532 799 Venusinus
1563 758 1743 813 populus
1783 759 1883 800 olim

53 827 266 870 Romanus
285 827 376 877 fuit,
409 827 482 869 sed
504 828 628 869 modo
661 828 786 869 trahit
817 842 971 869 nomen
992 843 1016 869 a
1038 828 1207 869 ciuitate
1230 828 1295 869 uel
1328 829 1499 884 oppido.
1550 832 1710 881 Missus,
1743 840 1785 873 ut
1818 848 1883 874 re-

55 901 205 943 bellem
235 899 439 955 Apuliam
470 900 539 941 nel
568 900 806 942 Lucaniam
839 901 1053 942 incurrere
1083 900 1289 943 Romanis
1318 903 1512 960 uetaret]

164 975 231 1016 37.
266 974 353 1024 Quo
375 989 423 1015 ne
441 988 516 1030 per
536 989 628 1016 uae.
679 976 768 1025 Quo
790 990 839 1016 ne
860 990 937 1030 pro
959 983 1015 1016 ut.
1077 972 1323 1017 Cultoribus
1355 976 1443 1018 siue
1466 977 1616 1020 incolis
1637 979 1764 1020 nullis
1794 979 1881 1021 ob—

53 1047 268 1097 stantibus,
313 1054 356 1088 ut
387 1062 439 1089 ne
471 1062 547 1103 per
576 1055 797 1089 uacantem
828 1048 967 1090 locum
1001 1047 1185 1090 Sabellis
1216 1049 1401 1104 expulsis
1449 1049 1618 1107 [incolis
1648 1052 1775 1094 nullis
1806 1052 1881 1094 ob-

54 1120 275 1178 stantibus]
308 1121 500 1176 peruium
532 1121 610 1162 iter
641 1129 746 1163 esset
779 1122 959 1163 Lucanis
990 1121 1043 1162 ad
1074 1120 1301 1164 Romanos.

162 1195 227 1236 39.
256 1195 470 1236 Incuteret.
529 1194 737 1236 Moueret.
797 1196 984 1236 uiolenta.
1016 1194 1240 1237 Bellicosa.

161 1269 228 1310 sed
257 1268 321 1310 hie
351 1270 479 1311 stilus.
540 1268 665 1310 Meus
695 1268 816 1309 ultro.
878 1267 974 1323 Ego
1004 1269 1214 1311 neminem
1247 1270 1355 1311 ultro
1392 1271 1565 1322 lacesso,
1598 1273 1672 1314 sed
1702 1274 1759 1314 ita
1791 1280 1883 1316 utor

50 1342 193 1399 lingua
222 1357 328 1392 mea,
361 1349 405 1383 utv
435 1342 592 1398 gladio,
624 1342 761 1398 magis
792 1342 845 1383 ad
877 1343 1095 1384 tutandum
1128 1357 1194 1383 me
1226 1358 1351 1397 quam
1384 1344 1513 1386 alium
1545 1345 1848 1388 lacessendum.

159 1416 269 1458 haud
295 1424 409 1472 petel.
469 1414 693 1457 Neminem
724 1415 912 1458 lacesset.

159 1491 226 1531 40.
262 1490 511 1546 Quemquam
542 1491 797 1531 animantem.
857 1488 1016 1530 Viuum
1047 1489 1260 1531 hominem
1292 1490 1517 1533 habentem
1548 1493 1745 1535 animam.

159 1563 224 1604 41.
256 1577 368 1619 quem
400 1577 475 1605 cur
505 1564 746 1618 deslrinqere
778 1578 908 1605 coner.
981 1563 1032 1605 Id
1064 1570 1142 1604 cst:
1192 1563 1331 1617 Quem
1364 1566 1552 1620 gladium
1602 1566 1688 1624 [uel
1720 1568 1880 1626 stilum]

51 1650 123 1678 cur
152 1637 376 1692 proferam,
409 1637 443 1679 si
472 1651 595 1678 nemo
626 1651 692 1678 me
724 1637 1029 1692 persequatur?

159 1712 225 1753 42.
257 1712 306 1752 ab
335 1712 465 1765 i'nsest.
499 1712 593 1752 latr.
653 1710 738 1752 Pro
770 1710 1002 1753 maledicis.

160 1801 181 1827 o
207 1790 337 1841 pater.
400 1782 601 1840 Optantis
632 1792 707 1835 est,
739 1792 783 1825 ut
813 1798 980 1839 quoque
1003 1784 1078 1841 (A.
1098 1784 1158 1835 X,
1179 1786 1300 1840 631):
1337 1795 1378 1827 ul
1410 1802 1430 1827 ο
1458 1789 1595 1843 potius
1619 1787 1765 1845 [falsa]
1794 1790 1881 1844 sor-

51 1860 190 1901 midine
218 1859 324 1914 falsa
359 1858 510 1900 Ludar.

158 1933 224 1974 43.
258 1934 391 1975 telum.
453 1930 608 1973 Stilum
640 1946 760 1973 suum
792 1931 910 1982 dixit,
942 1938 986 1972 ut
1018 1947 1100 1974 non
1135 1932 1188 1974 sit.
1219 1947 1358 1984 causa,
1392 1949 1467 1976 cur
1497 1941 1591 1976 utar
1621 1936 1699 1978 hoc
1731 1936 1839 1978 stilo.

158 2015 205 2048 ut
225 2015 376 2063 pereat.
434 2004 624 2047 Utinam.

158 2080 224 2122 45.
256 2082 326 2136 qui
350 2096 409 2122 me
441 2093 579 2121 comm.
642 2077 946 2129 Commouerit,
978 2078 1211 2121 lacessierit
1246 2081 1540 2139 [prouocarit].

163 2219 195 2258 1)
222 2218 320 2249 Aliter
343 2228 371 2261 γ.
399 2219 468 2249 rell.
494 2228 554 2248 om.
582 2236 622 2239 -ψ
649 2227 765 2256 anceps
790 2227 850 2247 om.
877 2227 903 2259 γ.
929 2227 1048 2257 anceps.
1076 2219 1218 2249 incertus
1232 2219 1293 2262 Βφ.
1344 2220 1379 2259 3)
1404 2224 1484 2250 arat.
1510 2220 1649 2252 Habitat
1672 2231 1699 2264 γ.
1725 2225 1793 2253 rell.
1819 2234 1880 2254 om.

51 2275 86 2314 4)
110 2276 379 2306 finem—lucem
403 2284 430 2318 γ.
455 2276 524 2306 rell.
551 2285 612 2305 om.
639 2273 796 2314 Czfinem
818 2274 880 2304 sub.
906 2284 1015 2313 prope,
1042 2277 1146 2306 iuxta.
1173 2286 1214 2305 cm
1238 2277 1353 2315 apulae.
1381 2287 1406 2307 S.
1433 2279 1493 2308 sim
1510 2288 1536 2320 γ.
1556 2279 1625 2308 rell.
1644 2288 1702 2308 om.
1753 2280 1787 2318 6)
1807 2289 1880 2310 uen.

50 2331 124 2362 enim
146 2342 172 2374 γ.
198 2333 267 2362 rell.
294 2343 354 2363 om.
374 2333 468 2362 enim.
485 2349 524 2353 ——
540 2336 588 2362 est
612 2342 694 2374 ssva.
720 2332 789 2361 rell.
807 2342 868 2362 om.
920 2330 955 2372 8)
980 2331 1101 2362 Missus
1115 2350 1156 2354 —
1171 2336 1298 2363 uetaret
1317 2343 1377 2363 om.
1394 2344 1421 2376 γ.
1474 2335 1529 2374 10)
1554 2334 1708 2365 Romanos
1723 2336 1770 2365 fh.
1823 2337 1879 2375 ll)

53 2387 119 2425 Quo
142 2398 181 2419 ne
205 2399 260 2428 pro
284 2394 319 2420 ut
342 2400 369 2432 γ.
395 2389 465 2419 rell.
483 2399 544 2419 om.
570 2387 659 2419 Cult.
688 2398 711 2418 s.
738 2389 799 2418 inc.
827 2388 907 2418 null.
933 2389 1016 2418 obst.
1042 2398 1069 2430 γ.
1096 2390 1165 2419 rell.
1193 2399 1253 2420 om.
1319 2390 1373 2429 12)
1401 2392 1463 2420 inc.
1489 2401 1542 2421 nu.
1570 2392 1652 2422 obst.
1679 2401 1739 2421 om.
1766 2402 1879 2434 ·(‚mva.

2 2469 4 2493 5
52 2446 110 2476 inc.
135 2456 185 2476 nu.
211 2447 293 2477 obst.
317 2447 464 2485 peruium
481 2455 541 2476 om.
561 2444 663 2484 G(Q).
718 2446 772 2484 14)
798 2445 862 2475 Ine.
887 2444 973 2475 Mon.
1000 2446 1062 2475 uio.
1089 2446 1151 2475 bel.
1169 2445 1235 2488 -s,C.
1254 2447 1320 2476 rell.
1340 2457 1401 2477 om.
1454 2448 1509 2487 15)
1534 2448 1626 2478 Meus
1650 2448 1734 2478 ultro
1759 2459 1784 2491 γ.
1812 2450 1881 2479 rell.

51 2511 109 2533 om.
124 2504 235 2533 ——ult.
260 2504 320 2533 lac.
346 2513 374 2545 γ.
391 2503 460 2532 rell.
486 2503 544 2532 lac.
571 2502 631 2532 ult.
684 2502 738 2541 17)
764 2502 849 2530 haud
863 2519 903 2522 >—
917 2501 1056 2531 lacesset
1073 2511 1099 2543 γ.
1118 2503 1186 2532 rell.
1204 2512 1264 2532 om.
1291 2503 1373 2534 conf.
1393 2503 1436 2534 C:
1465 2513 1522 2542 ego
1546 2505 1707 2534 neminem
1733 2505 1882 2536 lacessam.

3 2602 5 2607 .
50 2559 140 2596 ultro,
167 2561 222 2590 sed
240 2564 315 2590 utar
331 2560 443 2598 lingua
460 2568 531 2589 mea
548 2563 698 2598 tamquam
715 2559 836 2597 gladio,
862 2568 903 2588 m.
923 2567 952 2588 a.
971 2561 994 2587 t.
1013 2567 1064 2588 me
1081 2568 1112 2597 q.
1131 2559 1173 2588 al.
1190 2559 1386 2590 irritandum.
1442 2561 1494 2599 18)
1521 2561 1589 2591 Hoc
1615 2562 1713 2591 schol.
1740 2567 1773 2591 ut
1793 2572 1880 2601 seqq.

51 2625 149 2654 usque
174 2617 214 2646 ad
238 2627 269 2646 u.
295 2618 336 2646 47
366 2615 489 2646 Ceruius
515 2625 575 2645 om.
602 2614 727 2653 G,mva.
780 2615 834 2654 19)
860 2614 1053 2653 distringere
1078 2614 1155 2652 th‚
1181 2621 1217 2646 ut
1242 2618 1371 2655 plurimi
1397 2618 1487 2647 codd.
1506 2617 1582 2647 Hor.
1610 2617 1833 2660 EBchJOPR
1851 2623 1882 2649 et

53 2673 103 2703 23.
126 2673 215 2703 Barc.
241 2673 360 2703 Bernn.
379 2673 444 2703 DF.
472 2672 496 2702 C
524 2683 604 2703 corr.
633 2683 649 2702 e
674 2674 705 2701 in
732 2673 741 2701 i
767 2673 871 2710 prima
895 2681 1021 2701 manus.
1047 2672 1246 2712 destringere
1271 2674 1332 2716 γΜ.
1358 2673 1468 2703 Ambr.
1495 2677 1554 2703 etc.
1594 2683 1664 2704 cum
1689 2675 1732 2713 gl.
1759 2675 1882 2705 nudare

52 2728 140 2759 dcstr.
167 2731 316 2760 sollemne
341 2731 476 2760 uerbum
502 2731 587 2768 apud
614 2730 787 2768 scriptores
813 2729 980 2768 pedestres
1007 2727 1074 2759 Cic.
1102 2729 1153 2759 off.
1172 2729 1227 2766 ΙΙΙ,
1248 2731 1300 2760 31.
1326 2730 1397 2760 Mil.
1419 2731 1468 2760 13.
1496 2729 1671 2767 Liu.V111‚
1693 2731 1722 2760 7.
1748 2730 1879 2767 XXVII,

56 2787 103 2823 13,
128 2791 158 2817 et
183 2788 222 2817 ab
246 2789 317 2826 ipso
333 2788 412 2818 Hor.
431 2786 543 2822 0111.
565 2789 594 2824 1,
617 2789 654 2817 17
680 2787 874 2817 adhibitum.
907 2787 995 2817 Idem
1022 2796 1133 2816 sensus
1159 2797 1230 2816 cum
1255 2787 1351 2817 simili
1377 2787 1526 2816 lectionis
1552 2787 1766 2824 ambiguitate
1785 2787 1880 2818 Ouid.

53 2842 88 2872 T.
110 2843 151 2881 ΙΙ,
178 2845 241 2875 563
267 2849 299 2875 et
323 2845 406 2875 Plin.
434 2844 579 2883 XXXVI,
600 2845 629 2874 ὃ.
656 2862 698 2865 ——
722 2845 774 2874 uel
800 2845 865 2875 stil.
892 2854 952 2875 om.
978 2853 1003 2886 γ.
1057 2845 1115 2884 22)
1140 2844 1243 2873 locum
1267 2843 1361 2882 Verg.
1387 2844 1469 2873 male
1495 2844 1541 2873 sic
1566 2844 1689 2873 habent
1715 2842 1879 2885 fh(G‘.>)Q2

55 2897 201 2938 optantis
227 2906 288 2939 est,
313 2905 363 2931 ut:
402 2911 417 2930 ο
436 2902 537 2940 potius
549 2901 642 2940 salsa
655 2900 827 2939 formidine
852 2901 953 2937 ludar,
987 2902 1104 2931 omisso
1128 2906 1161 2930 ut
1184 2902 1333 2939 exemplo
1360 2904 1390 2930 et
1423 2901 1629 2939 transpositis
1661 2901 1767 2930 uerbis
1789 2901 1882 2940 salsa

6 2986 9 2995 1
50 2954 215 2991 formidine.
240 2968 273 3000 γε
300 2968 315 2987 0
336 2962 435 2996 paler.
460 2967 512 2987 ore
538 2959 683 2996 optantis
710 2962 758 2987 est
782 2962 817 2987 ut
843 2959 886 2996 §q
903 2961 939 2987 ut
957 2967 1006 2996 po.
1024 2957 1067 2987 fo.
1086 2957 1130 2987 fa.
1158 2959 1260 2987 ludar.
1279 2957 1319 2987 C:
1346 2967 1362 2986 o
1384 2960 1482 2995 pater..
1509 2961 1574 2995 opt.
1601 2961 1659 2986 est.
1686 2961 1731 2995 ut,
1758 2957 1880 2996 ofalsa

48 3012 144 3050 potius
159 3013 255 3053 form.
282 3016 324 3045 lu.
350 3016 431 3046 conf.
451 3016 551 3045 schol.
569 3015 690 3045 Lucani
705 3015 730 3051 Ι,
751 3016 825 3044 636.
855 3024 930 3053 quae
953 3019 988 3045 ut
1007 3025 1023 3046 o
1041 3019 1108 3054 pot.
1126 3014 1242 3044 Medic.
1269 3015 1309 3043 al.
1328 3013 1410 3052 quod
1430 3013 1566 3052 (Ribb.)
1599 3014 1686 3051 posui
1703 3017 1735 3043 ut
1757 3023 1878 3053 quoque.

53 3068 152 3099 locum
175 3070 269 3109 Verg.
296 3072 454 3110 incipiens
479 3081 549 3101 cum
574 3081 604 3101 u.
630 3075 670 3101 ut.
735 3071 793 3110 25)
820 3072 945 3102 utinam
989 3070 1046 3114 γΟ.
1072 3072 1140 3101 rell.
1167 3081 1227 3101 om.
1292 3070 1350 3108 26)
1377 3069 1550 3099 lacessierit
1581 3079 1606 3111 γ.
1638 3070 1801 3100 lacesserit
1834 3070 1878 3100 fh.

55 3124 247 3157 lacessiverit
271 3126 415 3168 C(G‘?>Q.
440 3130 622 3167 prouocarit
648 3138 707 3158 om.
733 3138 761 3170 γ.

185 3198 342 3225 HAUTHAL,
359 3199 426 3221 Aen.
443 3199 483 3220 ET
498 3199 611 3221 ponpa.
628 3199 656 3219 11.
1576 3192 1605 3214 ¹2³

1915 915 1951 946 10

1912 1284 1949 1314 15
