<?xml version="1.0" encoding="UTF-8"?>
<!DOCTYPE html PUBLIC "-//W3C//DTD XHTML 1.0 Transitional//EN"
    "http://www.w3.org/TR/xhtml1/DTD/xhtml1-transitional.dtd">
<html xmlns="http://www.w3.org/1999/xhtml" xml:lang="en" lang="en">
 <head>
  <title>
</title>
<meta http-equiv="Content-Type" content="text/html;charset=utf-8" />
  <meta name='ocr-system' content='tesseract 3.04.00' />
  <meta name='ocr-capabilities' content='ocr_page ocr_carea ocr_par ocr_line ocrx_word'/>
</head>
<body>
  <div class='ocr_page' id='page_1' title='image "acronisetporphyr02pseuuoft_0271.png"; bbox 0 0 2148 3412; ppageno 0'>
   <div class='ocr_carea' id='block_1_1' title="bbox 30 871 43 1839">
    <p class='ocr_par' dir='ltr' id='par_1_1' title="bbox 30 871 43 1839">
     <span class='ocr_line' id='line_1_1' title="bbox 30 871 43 1839; baseline 0 0"><span class='ocrx_word' id='word_1_1' title='bbox 30 871 43 1839; x_wconf 95' lang='lat' dir='ltr'> </span> 
     </span>
    </p>
   </div>
   <div class='ocr_carea' id='block_1_2' title="bbox 34 2101 47 3353">
    <p class='ocr_par' dir='ltr' id='par_1_2' title="bbox 34 2101 47 3353">
     <span class='ocr_line' id='line_1_2' title="bbox 34 2101 47 3353; baseline 0 0"><span class='ocrx_word' id='word_1_2' title='bbox 34 2101 47 3353; x_wconf 95' lang='lat' dir='ltr'> </span> 
     </span>
    </p>
   </div>
   <div class='ocr_carea' id='block_1_3' title="bbox 858 148 1938 190">
    <p class='ocr_par' dir='ltr' id='par_1_3' title="bbox 858 148 1938 190">
     <span class='ocr_line' id='line_1_3' title="bbox 858 148 1938 190; baseline -0.002 -1"><span class='ocrx_word' id='word_1_3' title='bbox 858 159 905 189; x_wconf 83' lang='lat' dir='ltr'>IN</span> <span class='ocrx_word' id='word_1_4' title='bbox 932 159 1067 190; x_wconf 69' lang='lat' dir='ltr'>snRM.</span> <span class='ocrx_word' id='word_1_5' title='bbox 1094 158 1137 190; x_wconf 72' lang='lat'>11.</span> <span class='ocrx_word' id='word_1_6' title='bbox 1162 163 1191 190; x_wconf 89' lang='lat'>3.</span> <span class='ocrx_word' id='word_1_7' title='bbox 1858 148 1938 188; x_wconf 74' lang='lat'>263</span> 
     </span>
    </p>
   </div>
   <div class='ocr_carea' id='block_1_4' title="bbox 112 279 1953 2253">
    <p class='ocr_par' dir='ltr' id='par_1_4' title="bbox 113 279 1939 397">
     <span class='ocr_line' id='line_1_4' title="bbox 224 279 1939 338; baseline 0 -16"><span class='ocrx_word' id='word_1_8' title='bbox 224 282 317 322; x_wconf 80' lang='grc'><strong>268.</strong></span> <span class='ocrx_word' id='word_1_9' title='bbox 348 281 441 321; x_wconf 79' lang='lat' dir='ltr'>haec</span> <span class='ocrx_word' id='word_1_10' title='bbox 471 282 508 322; x_wconf 74' lang='lat' dir='ltr'>si</span> <span class='ocrx_word' id='word_1_11' title='bbox 533 282 620 336; x_wconf 69' lang='lat' dir='ltr'>quis</span> <span class='ocrx_word' id='word_1_12' title='bbox 649 283 883 337; x_wconf 72' lang='lat' dir='ltr'>tempestatis</span> <span class='ocrx_word' id='word_1_13' title='bbox 912 297 1036 338; x_wconf 83' lang='lat' dir='ltr'>prope</span> <span class='ocrx_word' id='word_1_14' title='bbox 1067 284 1162 324; x_wconf 67' lang='lat' dir='ltr'>ritu.</span> <span class='ocrx_word' id='word_1_15' title='bbox 1224 279 1343 323; x_wconf 82' lang='lat' dir='ltr'>Sicut</span> <span class='ocrx_word' id='word_1_16' title='bbox 1387 282 1506 323; x_wconf 87' lang='lat' dir='ltr'>uaria</span> <span class='ocrx_word' id='word_1_17' title='bbox 1551 281 1784 332; x_wconf 82' lang='lat' dir='ltr'>mutabilia,</span> <span class='ocrx_word' id='word_1_18' title='bbox 1832 295 1939 336; x_wconf 89' lang='lat' dir='ltr'>quae</span> 
     </span>
     <span class='ocr_line' id='line_1_5' title="bbox 113 353 349 397; baseline -0.013 0"><span class='ocrx_word' id='word_1_19' title='bbox 113 353 349 397; x_wconf 81' lang='lat' dir='ltr'>subsistant.</span> 
     </span>
    </p>

    <p class='ocr_par' dir='ltr' id='par_1_5' title="bbox 224 426 1170 482">
     <span class='ocr_line' id='line_1_6' title="bbox 224 426 1170 482; baseline 0.001 -14"><span class='ocrx_word' id='word_1_20' title='bbox 224 428 316 468; x_wconf 81' lang='grc'><strong>269.</strong></span> <span class='ocrx_word' id='word_1_21' title='bbox 346 427 560 482; x_wconf 67' lang='lat' dir='ltr'>fluitantia.</span> <span class='ocrx_word' id='word_1_22' title='bbox 619 426 786 468; x_wconf 89' lang='lat' dir='ltr'>Incerto</span> <span class='ocrx_word' id='word_1_23' title='bbox 818 443 916 469; x_wconf 84' lang='lat' dir='ltr'>casu</span> <span class='ocrx_word' id='word_1_24' title='bbox 948 428 1170 469; x_wconf 87' lang='lat' dir='ltr'>currentia.</span> 
     </span>
    </p>

    <p class='ocr_par' dir='ltr' id='par_1_6' title="bbox 223 499 1064 556">
     <span class='ocr_line' id='line_1_7' title="bbox 223 499 1064 556; baseline 0 -15"><span class='ocrx_word' id='word_1_25' title='bbox 223 502 317 542; x_wconf 87' lang='grc'>270.</span> <span class='ocrx_word' id='word_1_26' title='bbox 350 500 529 556; x_wconf 72' lang='lat' dir='ltr'>explicet.</span> <span class='ocrx_word' id='word_1_27' title='bbox 589 499 788 542; x_wconf 87' lang='lat' dir='ltr'>Perficiat</span> <span class='ocrx_word' id='word_1_28' title='bbox 820 501 1064 556; x_wconf 77' lang='lat' dir='ltr'>(proficiat).</span> 
     </span>
    </p>

    <p class='ocr_par' dir='ltr' id='par_1_7' title="bbox 225 574 1902 630">
     <span class='ocr_line' id='line_1_8' title="bbox 225 574 1902 630; baseline 0.002 -16"><span class='ocrx_word' id='word_1_29' title='bbox 225 575 317 615; x_wconf 91' lang='grc'>271.</span> <span class='ocrx_word' id='word_1_30' title='bbox 349 574 533 616; x_wconf 75' lang='lat' dir='ltr'>Insani‘re</span> <span class='ocrx_word' id='word_1_31' title='bbox 561 584 689 630; x_wconf 73' lang='lat' dir='ltr'>paret.</span> <span class='ocrx_word' id='word_1_32' title='bbox 751 574 892 626; x_wconf 79' lang='lat' dir='ltr'>Quam</span> <span class='ocrx_word' id='word_1_33' title='bbox 924 575 958 616; x_wconf 89' lang='lat' dir='ltr'>si</span> <span class='ocrx_word' id='word_1_34' title='bbox 989 575 1063 616; x_wconf 85' lang='lat' dir='ltr'>des</span> <span class='ocrx_word' id='word_1_35' title='bbox 1093 590 1279 630; x_wconf 88' lang='lat' dir='ltr'>operam,</span> <span class='ocrx_word' id='word_1_36' title='bbox 1311 583 1356 615; x_wconf 90' lang='lat' dir='ltr'>ut</span> <span class='ocrx_word' id='word_1_37' title='bbox 1387 590 1480 616; x_wconf 88' lang='lat' dir='ltr'>cum</span> <span class='ocrx_word' id='word_1_38' title='bbox 1512 577 1673 618; x_wconf 88' lang='lat' dir='ltr'>ratione</span> <span class='ocrx_word' id='word_1_39' title='bbox 1703 577 1902 618; x_wconf 79' lang='lat' dir='ltr'>insanias.</span> 
     </span>
    </p>

    <p class='ocr_par' dir='ltr' id='par_1_8' title="bbox 112 647 1943 928">
     <span class='ocr_line' id='line_1_9' title="bbox 225 647 1941 705; baseline 0.002 -17"><span class='ocrx_word' id='word_1_40' title='bbox 225 649 318 689; x_wconf 90' lang='grc'><strong>272.</strong></span> <span class='ocrx_word' id='word_1_41' title='bbox 356 648 494 698; x_wconf 77' lang='lat' dir='ltr'>Quid?</span> <span class='ocrx_word' id='word_1_42' title='bbox 541 648 639 690; x_wconf 78' lang='lat' dir='ltr'>Cum</span> <span class='ocrx_word' id='word_1_43' title='bbox 673 650 842 690; x_wconf 71' lang='lat' dir='ltr'>Picenis.</span> <span class='ocrx_word' id='word_1_44' title='bbox 904 647 1031 700; x_wconf 80' lang='lat' dir='ltr'>Quod</span> <span class='ocrx_word' id='word_1_45' title='bbox 1062 648 1195 690; x_wconf 79' lang='lat' dir='ltr'>solent</span> <span class='ocrx_word' id='word_1_46' title='bbox 1225 650 1376 699; x_wconf 83' lang='lat' dir='ltr'>facere,</span> <span class='ocrx_word' id='word_1_47' title='bbox 1422 649 1571 704; x_wconf 88' lang='lat' dir='ltr'>inquit,</span> <span class='ocrx_word' id='word_1_48' title='bbox 1611 650 1782 705; x_wconf 87' lang='lat' dir='ltr'>ingenio</span> <span class='ocrx_word' id='word_1_49' title='bbox 1814 651 1941 701; x_wconf 86' lang='lat' dir='ltr'>leues,</span> 
     </span>
     <span class='ocr_line' id='line_1_10' title="bbox 112 721 1942 777; baseline 0.001 -14"><span class='ocrx_word' id='word_1_50' title='bbox 112 729 156 763; x_wconf 88' lang='lat' dir='ltr'>ut</span> <span class='ocrx_word' id='word_1_51' title='bbox 184 735 382 776; x_wconf 85' lang='lat' dir='ltr'>expresso</span> <span class='ocrx_word' id='word_1_52' title='bbox 412 721 557 777; x_wconf 79' lang='lat' dir='ltr'>digitis</span> <span class='ocrx_word' id='word_1_53' title='bbox 589 721 746 762; x_wconf 88' lang='lat' dir='ltr'>semine</span> <span class='ocrx_word' id='word_1_54' title='bbox 777 737 998 776; x_wconf 89' lang='lat' dir='ltr'>pomorum</span> <span class='ocrx_word' id='word_1_55' title='bbox 1030 736 1239 763; x_wconf 88' lang='lat' dir='ltr'>cameram</span> <span class='ocrx_word' id='word_1_56' title='bbox 1275 722 1400 763; x_wconf 81' lang='lat' dir='ltr'>ferire</span> <span class='ocrx_word' id='word_1_57' title='bbox 1436 731 1650 764; x_wconf 85' lang='lat' dir='ltr'>conentur.</span> <span class='ocrx_word' id='word_1_58' title='bbox 1726 724 1841 765; x_wconf 82' lang='lat' dir='ltr'>Inter</span> <span class='ocrx_word' id='word_1_59' title='bbox 1875 726 1942 766; x_wconf 64' lang='lat' dir='ltr'><em>Pe·-</em></span> 
     </span>
     <span class='ocr_line' id='line_1_11' title="bbox 112 795 1942 852; baseline 0.001 -15"><span class='ocrx_word' id='word_1_60' title='bbox 112 810 248 837; x_wconf 80' lang='lat' dir='ltr'><em>cenum</em></span> <span class='ocrx_word' id='word_1_61' title='bbox 270 802 310 835; x_wconf 90' lang='lat' dir='ltr'>et</span> <span class='ocrx_word' id='word_1_62' title='bbox 332 797 533 837; x_wconf 73' lang='lat' dir='ltr'>Picentem</span> <span class='ocrx_word' id='word_1_63' title='bbox 561 795 641 837; x_wconf 90' lang='lat' dir='ltr'>hoc</span> <span class='ocrx_word' id='word_1_64' title='bbox 671 795 861 837; x_wconf 87' lang='lat' dir='ltr'>interest:</span> <span class='ocrx_word' id='word_1_65' title='bbox 897 797 1088 837; x_wconf 73' lang='lat' dir='ltr'>Picenum</span> <span class='ocrx_word' id='word_1_66' title='bbox 1117 811 1192 837; x_wconf 88' lang='lat' dir='ltr'>uas</span> <span class='ocrx_word' id='word_1_67' title='bbox 1214 796 1259 851; x_wconf 76' lang='lat' dir='ltr'>(l.</span> <span class='ocrx_word' id='word_1_68' title='bbox 1281 796 1434 851; x_wconf 80' lang='lat' dir='ltr'>genus)</span> <span class='ocrx_word' id='word_1_69' title='bbox 1457 796 1635 838; x_wconf 81' lang='lat' dir='ltr'>dicimus</span> <span class='ocrx_word' id='word_1_70' title='bbox 1655 797 1724 838; x_wconf 90' lang='lat' dir='ltr'>uel</span> <span class='ocrx_word' id='word_1_71' title='bbox 1745 798 1942 852; x_wconf 90' lang='lat' dir='ltr'>speciem,</span> 
     </span>
     <span class='ocr_line' id='line_1_12' title="bbox 112 867 1943 928; baseline 0 -17"><span class='ocrx_word' id='word_1_72' title='bbox 112 870 309 911; x_wconf 73' lang='lat' dir='ltr'>Picentem</span> <span class='ocrx_word' id='word_1_73' title='bbox 324 883 424 910; x_wconf 89' lang='lat' dir='ltr'>uero</span> <span class='ocrx_word' id='word_1_74' title='bbox 440 868 651 910; x_wconf 88' lang='lat' dir='ltr'>hominem</span> <span class='ocrx_word' id='word_1_75' title='bbox 672 867 815 926; x_wconf 69' lang='lat' dir='ltr'>[esse]</span> <span class='ocrx_word' id='word_1_76' title='bbox 851 870 1003 911; x_wconf 72' lang='lat' dir='ltr'>Picenis</span> <span class='ocrx_word' id='word_1_77' title='bbox 1025 884 1102 924; x_wconf 91' lang='lat' dir='ltr'>pro</span> <span class='ocrx_word' id='word_1_78' title='bbox 1124 868 1393 923; x_wconf 79' lang='lat' dir='ltr'>quibuslibet.</span> <span class='ocrx_word' id='word_1_79' title='bbox 1426 867 1615 924; x_wconf 80' lang='lat' dir='ltr'>Species,</span> <span class='ocrx_word' id='word_1_80' title='bbox 1637 885 1715 926; x_wconf 89' lang='lat' dir='ltr'>pro</span> <span class='ocrx_word' id='word_1_81' title='bbox 1733 874 1943 928; x_wconf 65' lang='lat' dir='ltr'>gene1·e.*)</span> 
     </span>
    </p>

    <p class='ocr_par' dir='ltr' id='par_1_9' title="bbox 224 941 1390 999">
     <span class='ocr_line' id='line_1_13' title="bbox 224 941 1390 999; baseline -0.001 -15"><span class='ocrx_word' id='word_1_82' title='bbox 224 943 375 984; x_wconf 71' lang='lat' dir='ltr'>semina</span> <span class='ocrx_word' id='word_1_83' title='bbox 401 944 541 999; x_wconf 68' lang='lat' dir='ltr'>pomis.</span> <span class='ocrx_word' id='word_1_84' title='bbox 603 941 701 984; x_wconf 92' lang='lat' dir='ltr'>Hoc</span> <span class='ocrx_word' id='word_1_85' title='bbox 732 957 959 997; x_wconf 89' lang='lat' dir='ltr'>puerorum</span> <span class='ocrx_word' id='word_1_86' title='bbox 993 950 1033 984; x_wconf 90' lang='lat' dir='ltr'>et</span> <span class='ocrx_word' id='word_1_87' title='bbox 1063 943 1390 985; x_wconf 84' lang='lat' dir='ltr'>luxuriosorum.</span> 
     </span>
    </p>

    <p class='ocr_par' dir='ltr' id='par_1_10' title="bbox 227 1015 966 1071">
     <span class='ocr_line' id='line_1_14' title="bbox 227 1015 966 1071; baseline 0 -15"><span class='ocrx_word' id='word_1_88' title='bbox 227 1017 321 1057; x_wconf 83' lang='lat'>273.</span> <span class='ocrx_word' id='word_1_89' title='bbox 349 1018 537 1071; x_wconf 73' lang='lat' dir='ltr'>percusti.</span> <span class='ocrx_word' id='word_1_90' title='bbox 597 1015 683 1057; x_wconf 88' lang='lat' dir='ltr'>Pro</span> <span class='ocrx_word' id='word_1_91' title='bbox 714 1016 966 1071; x_wconf 72' lang='lat' dir='ltr'>percussisti.</span> 
     </span>
    </p>

    <p class='ocr_par' dir='ltr' id='par_1_11' title="bbox 217 1089 1873 1146">
     <span class='ocr_line' id='line_1_15' title="bbox 217 1089 1873 1146; baseline 0.001 -16"><span class='ocrx_word' id='word_1_92' title='bbox 217 1104 338 1146; x_wconf 77' lang='lat' dir='ltr'>penes</span> <span class='ocrx_word' id='word_1_93' title='bbox 369 1097 402 1130; x_wconf 88' lang='lat' dir='ltr'>te</span> <span class='ocrx_word' id='word_1_94' title='bbox 434 1092 499 1131; x_wconf 82' lang='lat' dir='ltr'>es?</span> <span class='ocrx_word' id='word_1_95' title='bbox 556 1089 606 1130; x_wconf 83' lang='lat' dir='ltr'>Id</span> <span class='ocrx_word' id='word_1_96' title='bbox 636 1096 715 1131; x_wconf 89' lang='lat' dir='ltr'>est:</span> <span class='ocrx_word' id='word_1_97' title='bbox 749 1105 896 1131; x_wconf 86' lang='lat' dir='ltr'>sanum</span> <span class='ocrx_word' id='word_1_98' title='bbox 927 1098 965 1130; x_wconf 90' lang='lat' dir='ltr'>te</span> <span class='ocrx_word' id='word_1_99' title='bbox 998 1090 1227 1145; x_wconf 77' lang='lat' dir='ltr'>conputes‘?</span> <span class='ocrx_word' id='word_1_100' title='bbox 1258 1089 1403 1130; x_wconf 82' lang='lat' dir='ltr'>redisti</span> <span class='ocrx_word' id='word_1_101' title='bbox 1435 1090 1489 1130; x_wconf 85' lang='lat' dir='ltr'>ad</span> <span class='ocrx_word' id='word_1_102' title='bbox 1518 1097 1699 1131; x_wconf 83' lang='lat' dir='ltr'>mentem</span> <span class='ocrx_word' id='word_1_103' title='bbox 1732 1092 1873 1132; x_wconf 82' lang='lat' dir='ltr'>tuam?</span> 
     </span>
    </p>

    <p class='ocr_par' dir='ltr' id='par_1_12' title="bbox 113 1163 1945 1365">
     <span class='ocr_line' id='line_1_16' title="bbox 224 1163 1944 1220; baseline 0.002 -17"><span class='ocrx_word' id='word_1_104' title='bbox 224 1164 318 1203; x_wconf 82' lang='grc'><strong>274.</strong></span> <span class='ocrx_word' id='word_1_105' title='bbox 354 1164 489 1213; x_wconf 70' lang='lat' dir='ltr'>Quid?</span> <span class='ocrx_word' id='word_1_106' title='bbox 536 1163 635 1204; x_wconf 81' lang='lat' dir='ltr'>Cum</span> <span class='ocrx_word' id='word_1_107' title='bbox 666 1163 777 1204; x_wconf 79' lang='lat' dir='ltr'>balba</span> <span class='ocrx_word' id='word_1_108' title='bbox 807 1165 932 1217; x_wconf 71' lang='lat' dir='ltr'>seris?</span> <span class='ocrx_word' id='word_1_109' title='bbox 991 1163 1133 1220; x_wconf 80' lang='lat' dir='ltr'>[More</span> <span class='ocrx_word' id='word_1_110' title='bbox 1163 1164 1285 1219; x_wconf 88' lang='lat' dir='ltr'>pueri</span> <span class='ocrx_word' id='word_1_111' title='bbox 1315 1163 1533 1220; x_wconf 70' lang='lat' dir='ltr'>balbutie]</span> <span class='ocrx_word' id='word_1_112' title='bbox 1594 1164 1791 1206; x_wconf 89' lang='lat' dir='ltr'>Inuenies</span> <span class='ocrx_word' id='word_1_113' title='bbox 1832 1165 1944 1206; x_wconf 87' lang='lat' dir='ltr'>enim</span> 
     </span>
     <span class='ocr_line' id='line_1_17' title="bbox 113 1235 1945 1291; baseline 0.002 -14"><span class='ocrx_word' id='word_1_114' title='bbox 113 1237 371 1291; x_wconf 86' lang='lat' dir='ltr'>frequenter:</span> <span class='ocrx_word' id='word_1_115' title='bbox 402 1236 446 1276; x_wconf 91' lang='lat' dir='ltr'>in</span> <span class='ocrx_word' id='word_1_116' title='bbox 467 1251 609 1278; x_wconf 90' lang='lat' dir='ltr'>amore</span> <span class='ocrx_word' id='word_1_117' title='bbox 631 1236 894 1278; x_wconf 83' lang='lat' dir='ltr'>blandientes</span> <span class='ocrx_word' id='word_1_118' title='bbox 925 1236 1173 1278; x_wconf 86' lang='lat' dir='ltr'>balbutiunt.</span> <span class='ocrx_word' id='word_1_119' title='bbox 1234 1236 1375 1290; x_wconf 77' lang='lat' dir='ltr'>Quid?</span> <span class='ocrx_word' id='word_1_120' title='bbox 1410 1235 1518 1280; x_wconf 84' lang='lat' dir='ltr'>Cum</span> <span class='ocrx_word' id='word_1_121' title='bbox 1541 1237 1763 1280; x_wconf 83' lang='lat' dir='ltr'>blandiens</span> <span class='ocrx_word' id='word_1_122' title='bbox 1784 1239 1945 1280; x_wconf 80' lang='lat' dir='ltr'>amicae</span> 
     </span>
     <span class='ocr_line' id='line_1_18' title="bbox 114 1309 799 1365; baseline 0.003 -15"><span class='ocrx_word' id='word_1_123' title='bbox 114 1317 207 1352; x_wconf 87' lang='lat' dir='ltr'>tuae</span> <span class='ocrx_word' id='word_1_124' title='bbox 236 1309 374 1365; x_wconf 90' lang='lat' dir='ltr'>fingis,</span> <span class='ocrx_word' id='word_1_125' title='bbox 411 1316 451 1351; x_wconf 89' lang='lat' dir='ltr'>te</span> <span class='ocrx_word' id='word_1_126' title='bbox 482 1309 654 1351; x_wconf 89' lang='lat' dir='ltr'>balbum</span> <span class='ocrx_word' id='word_1_127' title='bbox 686 1312 799 1352; x_wconf 75' lang='lat' dir='ltr'>esse?</span> 
     </span>
    </p>

    <p class='ocr_par' dir='ltr' id='par_1_13' title="bbox 226 1382 939 1436">
     <span class='ocr_line' id='line_1_19' title="bbox 226 1382 939 1436; baseline 0.001 -11"><span class='ocrx_word' id='word_1_128' title='bbox 226 1399 388 1426; x_wconf 75' lang='lat' dir='ltr'>annoso.</span> <span class='ocrx_word' id='word_1_129' title='bbox 450 1382 564 1436; x_wconf 78' lang='lat' dir='ltr'>Quia</span> <span class='ocrx_word' id='word_1_130' title='bbox 594 1390 639 1425; x_wconf 91' lang='lat' dir='ltr'>tu</span> <span class='ocrx_word' id='word_1_131' title='bbox 669 1397 853 1426; x_wconf 87' lang='lat' dir='ltr'>annosus</span> <span class='ocrx_word' id='word_1_132' title='bbox 884 1400 939 1426; x_wconf 83' lang='lat' dir='ltr'>es.</span> 
     </span>
    </p>

    <p class='ocr_par' dir='ltr' id='par_1_14' title="bbox 117 1456 1948 1589">
     <span class='ocr_line' id='line_1_20' title="bbox 225 1456 1948 1516; baseline 0.003 -18"><span class='ocrx_word' id='word_1_133' title='bbox 225 1458 348 1499; x_wconf 71' lang='lat' dir='ltr'>uerba</span> <span class='ocrx_word' id='word_1_134' title='bbox 372 1458 524 1514; x_wconf 81' lang='lat' dir='ltr'>palato.</span> <span class='ocrx_word' id='word_1_135' title='bbox 558 1456 816 1513; x_wconf 86' lang='lat' dir='ltr'>Hypallage.</span> <span class='ocrx_word' id='word_1_136' title='bbox 876 1457 971 1500; x_wconf 88' lang='lat' dir='ltr'>Non</span> <span class='ocrx_word' id='word_1_137' title='bbox 1006 1458 1157 1516; x_wconf 86' lang='lat' dir='ltr'>[enim]</span> <span class='ocrx_word' id='word_1_138' title='bbox 1192 1460 1318 1501; x_wconf 78' lang='lat' dir='ltr'>uerba</span> <span class='ocrx_word' id='word_1_139' title='bbox 1353 1460 1493 1516; x_wconf 79' lang='lat' dir='ltr'>palato</span> <span class='ocrx_word' id='word_1_140' title='bbox 1538 1462 1649 1515; x_wconf 69' lang='lat' dir='ltr'>seris,</span> <span class='ocrx_word' id='word_1_141' title='bbox 1696 1461 1769 1502; x_wconf 86' lang='lat' dir='ltr'>sed</span> <span class='ocrx_word' id='word_1_142' title='bbox 1813 1462 1948 1503; x_wconf 64' lang='lat' dir='ltr'>uerbis</span> 
     </span>
     <span class='ocr_line' id='line_1_21' title="bbox 117 1531 1628 1589; baseline 0.002 -16"><span class='ocrx_word' id='word_1_143' title='bbox 117 1532 235 1574; x_wconf 75' lang='lat' dir='ltr'>balbis</span> <span class='ocrx_word' id='word_1_144' title='bbox 258 1533 447 1588; x_wconf 78' lang='lat' dir='ltr'>palatum</span> <span class='ocrx_word' id='word_1_145' title='bbox 476 1533 584 1586; x_wconf 66' lang='lat' dir='ltr'>feris.</span> <span class='ocrx_word' id='word_1_146' title='bbox 646 1533 811 1573; x_wconf 65' lang='lat' dir='ltr'>Persius</span> <span class='ocrx_word' id='word_1_147' title='bbox 844 1531 897 1587; x_wconf 82' lang='lat' dir='ltr'>(I,</span> <span class='ocrx_word' id='word_1_148' title='bbox 930 1533 1024 1587; x_wconf 81' lang='lat'>35):</span> <span class='ocrx_word' id='word_1_149' title='bbox 1057 1533 1290 1588; x_wconf 74' lang='lat' dir='ltr'>supplantat</span> <span class='ocrx_word' id='word_1_150' title='bbox 1320 1534 1447 1575; x_wconf 73' lang='lat' dir='ltr'>uerba</span> <span class='ocrx_word' id='word_1_151' title='bbox 1476 1535 1628 1589; x_wconf 79' lang='lat' dir='ltr'>palato.</span> 
     </span>
    </p>

    <p class='ocr_par' dir='ltr' id='par_1_15' title="bbox 227 1603 1884 1662">
     <span class='ocr_line' id='line_1_22' title="bbox 227 1603 1884 1662; baseline 0.002 -16"><span class='ocrx_word' id='word_1_152' title='bbox 227 1606 320 1647; x_wconf 85' lang='grc'><strong>275.</strong></span> <span class='ocrx_word' id='word_1_153' title='bbox 353 1606 596 1661; x_wconf 77' lang='lat' dir='ltr'>Aedz&#39;ficante</span> <span class='ocrx_word' id='word_1_154' title='bbox 628 1620 753 1647; x_wconf 81' lang='lat' dir='ltr'>casas.</span> <span class='ocrx_word' id='word_1_155' title='bbox 817 1603 974 1661; x_wconf 79' lang='lat' dir='ltr'>[Sicuti</span> <span class='ocrx_word' id='word_1_156' title='bbox 1006 1605 1157 1662; x_wconf 84' lang='lat' dir='ltr'>solent]</span> <span class='ocrx_word' id='word_1_157' title='bbox 1190 1605 1341 1648; x_wconf 89' lang='lat' dir='ltr'>Puero.</span> <span class='ocrx_word' id='word_1_158' title='bbox 1402 1607 1591 1648; x_wconf 87' lang='lat' dir='ltr'>Puerilia</span> <span class='ocrx_word' id='word_1_159' title='bbox 1622 1608 1884 1650; x_wconf 86' lang='lat' dir='ltr'>facientibus.</span> 
     </span>
    </p>

    <p class='ocr_par' dir='ltr' id='par_1_16' title="bbox 117 1678 1947 1808">
     <span class='ocr_line' id='line_1_23' title="bbox 227 1678 1947 1738; baseline 0.001 -17"><span class='ocrx_word' id='word_1_160' title='bbox 227 1680 340 1721; x_wconf 87' lang='lat' dir='ltr'>adde.</span> <span class='ocrx_word' id='word_1_161' title='bbox 402 1678 541 1729; x_wconf 84' lang='lat' dir='ltr'>Adde,</span> <span class='ocrx_word' id='word_1_162' title='bbox 575 1679 609 1721; x_wconf 88' lang='lat' dir='ltr'>si</span> <span class='ocrx_word' id='word_1_163' title='bbox 641 1679 822 1721; x_wconf 88' lang='lat' dir='ltr'>crudelis</span> <span class='ocrx_word' id='word_1_164' title='bbox 854 1679 908 1721; x_wconf 86' lang='lat' dir='ltr'>sit</span> <span class='ocrx_word' id='word_1_165' title='bbox 938 1679 1090 1734; x_wconf 88' lang='lat' dir='ltr'>aliquis</span> <span class='ocrx_word' id='word_1_166' title='bbox 1121 1686 1161 1720; x_wconf 75' lang='lat' dir='ltr'>et.</span> <span class='ocrx_word' id='word_1_167' title='bbox 1191 1679 1339 1722; x_wconf 86' lang='lat' dir='ltr'>stultus</span> <span class='ocrx_word' id='word_1_168' title='bbox 1371 1688 1409 1722; x_wconf 90' lang='lat' dir='ltr'>et</span> <span class='ocrx_word' id='word_1_169' title='bbox 1443 1681 1514 1735; x_wconf 87' lang='lat' dir='ltr'>qui</span> <span class='ocrx_word' id='word_1_170' title='bbox 1547 1681 1790 1723; x_wconf 86' lang='lat' dir='ltr'>crudelitate</span> <span class='ocrx_word' id='word_1_171' title='bbox 1822 1689 1947 1738; x_wconf 88' lang='lat' dir='ltr'>auget</span> 
     </span>
     <span class='ocr_line' id='line_1_24' title="bbox 117 1753 1248 1808; baseline -0.001 -14"><span class='ocrx_word' id='word_1_172' title='bbox 117 1753 347 1803; x_wconf 88' lang='lat' dir='ltr'>saeuitiam,</span> <span class='ocrx_word' id='word_1_173' title='bbox 378 1753 611 1803; x_wconf 82' lang='lat' dir='ltr'>uideamus,</span> <span class='ocrx_word' id='word_1_174' title='bbox 643 1753 678 1794; x_wconf 89' lang='lat' dir='ltr'>si</span> <span class='ocrx_word' id='word_1_175' title='bbox 709 1768 834 1794; x_wconf 86' lang='lat' dir='ltr'>sanus</span> <span class='ocrx_word' id='word_1_176' title='bbox 866 1753 998 1807; x_wconf 86' lang='lat' dir='ltr'>possit</span> <span class='ocrx_word' id='word_1_177' title='bbox 1029 1753 1248 1808; x_wconf 83' lang='lat' dir='ltr'>adpellari.</span> 
     </span>
    </p>

    <p class='ocr_par' dir='ltr' id='par_1_17' title="bbox 229 1825 1727 1876">
     <span class='ocr_line' id='line_1_25' title="bbox 229 1825 1727 1876; baseline 0.001 -8"><span class='ocrx_word' id='word_1_178' title='bbox 229 1828 329 1869; x_wconf 80' lang='lat' dir='ltr'>adde</span> <span class='ocrx_word' id='word_1_179' title='bbox 360 1841 551 1869; x_wconf 77' lang='lat' dir='ltr'>cruorem.</span> <span class='ocrx_word' id='word_1_180' title='bbox 612 1825 862 1876; x_wconf 85' lang='lat' dir='ltr'>Aestimato,</span> <span class='ocrx_word' id='word_1_181' title='bbox 896 1826 1022 1867; x_wconf 87' lang='lat' dir='ltr'>etiam</span> <span class='ocrx_word' id='word_1_182' title='bbox 1053 1826 1344 1867; x_wconf 82' lang='lat' dir='ltr'>crudelitatem</span> <span class='ocrx_word' id='word_1_183' title='bbox 1376 1827 1593 1869; x_wconf 84' lang='lat' dir='ltr'>stultitiam</span> <span class='ocrx_word' id='word_1_184' title='bbox 1625 1843 1727 1870; x_wconf 88' lang='lat' dir='ltr'>esse.</span> 
     </span>
    </p>

    <p class='ocr_par' dir='ltr' id='par_1_18' title="bbox 119 1900 1951 2092">
     <span class='ocr_line' id='line_1_26' title="bbox 229 1900 1950 1958; baseline 0.001 -17"><span class='ocrx_word' id='word_1_185' title='bbox 229 1902 322 1942; x_wconf 88' lang='grc'><strong>276.</strong></span> <span class='ocrx_word' id='word_1_186' title='bbox 354 1903 484 1956; x_wconf 72' lang='lat' dir='ltr'>z&#39;qnem</span> <span class='ocrx_word' id='word_1_187' title='bbox 514 1901 660 1956; x_wconf 62' lang='lat' dir='ltr'>gladio.</span> <span class='ocrx_word' id='word_1_188' title='bbox 721 1900 895 1942; x_wconf 90' lang='lat' dir='ltr'>Amoris</span> <span class='ocrx_word' id='word_1_189' title='bbox 927 1900 1122 1950; x_wconf 88' lang='lat' dir='ltr'>calorem,</span> <span class='ocrx_word' id='word_1_190' title='bbox 1170 1900 1214 1940; x_wconf 86' lang='lat' dir='ltr'>id</span> <span class='ocrx_word' id='word_1_191' title='bbox 1246 1907 1327 1942; x_wconf 86' lang='lat' dir='ltr'>est:</span> <span class='ocrx_word' id='word_1_192' title='bbox 1377 1901 1535 1943; x_wconf 87' lang='lat' dir='ltr'>saeuiet</span> <span class='ocrx_word' id='word_1_193' title='bbox 1583 1902 1674 1957; x_wconf 85' lang='lat' dir='ltr'>igni</span> <span class='ocrx_word' id='word_1_194' title='bbox 1721 1910 1758 1943; x_wconf 86' lang='lat' dir='ltr'>et</span> <span class='ocrx_word' id='word_1_195' title='bbox 1795 1902 1950 1958; x_wconf 90' lang='lat' dir='ltr'>gladio.</span> 
     </span>
     <span class='ocr_line' id='line_1_27' title="bbox 119 1972 1951 2032; baseline 0.001 -17"><span class='ocrx_word' id='word_1_196' title='bbox 119 1972 421 2016; x_wconf 87' lang='lat' dir='ltr'>Crudelitatem</span> <span class='ocrx_word' id='word_1_197' title='bbox 450 1975 521 2017; x_wconf 89' lang='lat' dir='ltr'>ille</span> <span class='ocrx_word' id='word_1_198' title='bbox 552 1981 772 2025; x_wconf 83' lang='lat' dir='ltr'>scrutatur,</span> <span class='ocrx_word' id='word_1_199' title='bbox 803 1975 947 2031; x_wconf 87' lang='lat' dir='ltr'>ignem</span> <span class='ocrx_word' id='word_1_200' title='bbox 977 1973 1135 2030; x_wconf 85' lang='lat' dir='ltr'>gladio,</span> <span class='ocrx_word' id='word_1_201' title='bbox 1168 1974 1240 2029; x_wconf 88' lang='lat' dir='ltr'>qui</span> <span class='ocrx_word' id='word_1_202' title='bbox 1271 1981 1332 2015; x_wconf 90' lang='lat' dir='ltr'>est</span> <span class='ocrx_word' id='word_1_203' title='bbox 1363 1975 1558 2026; x_wconf 88' lang='lat' dir='ltr'>crudelis,</span> <span class='ocrx_word' id='word_1_204' title='bbox 1592 1975 1749 2031; x_wconf 89' lang='lat' dir='ltr'>ignem,</span> <span class='ocrx_word' id='word_1_205' title='bbox 1782 1992 1864 2032; x_wconf 89' lang='lat' dir='ltr'>quo</span> <span class='ocrx_word' id='word_1_206' title='bbox 1886 1977 1951 2017; x_wconf 90' lang='lat' dir='ltr'>in-</span> 
     </span>
     <span class='ocr_line' id='line_1_28' title="bbox 119 2048 508 2092; baseline 0.003 -3"><span class='ocrx_word' id='word_1_207' title='bbox 119 2048 267 2090; x_wconf 89' lang='lat' dir='ltr'>cendat</span> <span class='ocrx_word' id='word_1_208' title='bbox 298 2049 508 2092; x_wconf 87' lang='lat' dir='ltr'>aduersos.</span> 
     </span>
    </p>

    <p class='ocr_par' dir='ltr' id='par_1_19' title="bbox 119 2120 1953 2253">
     <span class='ocr_line' id='line_1_29' title="bbox 229 2120 1949 2180; baseline 0.001 -17"><span class='ocrx_word' id='word_1_209' title='bbox 229 2124 323 2164; x_wconf 90' lang='grc'><strong>277.</strong></span> <span class='ocrx_word' id='word_1_210' title='bbox 354 2124 525 2166; x_wconf 83' lang='lat' dir='ltr'>Hellade</span> <span class='ocrx_word' id='word_1_211' title='bbox 553 2139 750 2180; x_wconf 77' lang='lat' dir='ltr'>percussa</span> <span class='ocrx_word' id='word_1_212' title='bbox 782 2124 957 2167; x_wconf 68' lang='lat' dir='ltr'>Marius.</span> <span class='ocrx_word' id='word_1_213' title='bbox 1016 2120 1113 2163; x_wconf 90' lang='lat' dir='ltr'>Non</span> <span class='ocrx_word' id='word_1_214' title='bbox 1145 2128 1217 2163; x_wconf 89' lang='lat' dir='ltr'>est.</span> <span class='ocrx_word' id='word_1_215' title='bbox 1277 2123 1438 2165; x_wconf 66' lang='lat' dir='ltr'>Marius</span> <span class='ocrx_word' id='word_1_216' title='bbox 1469 2123 1643 2176; x_wconf 86' lang='lat' dir='ltr'>quidam</span> <span class='ocrx_word' id='word_1_217' title='bbox 1679 2123 1732 2165; x_wconf 88' lang='lat' dir='ltr'>ob</span> <span class='ocrx_word' id='word_1_218' title='bbox 1764 2139 1949 2166; x_wconf 89' lang='lat' dir='ltr'>amorem</span> 
     </span>
     <span class='ocr_line' id='line_1_30' title="bbox 119 2194 1953 2253; baseline 0.001 -16"><span class='ocrx_word' id='word_1_219' title='bbox 119 2194 330 2239; x_wconf 89' lang='lat' dir='ltr'>Helladen</span> <span class='ocrx_word' id='word_1_220' title='bbox 351 2197 565 2251; x_wconf 86' lang='lat' dir='ltr'>quandam</span> <span class='ocrx_word' id='word_1_221' title='bbox 586 2196 771 2253; x_wconf 87' lang='lat' dir='ltr'>puellam</span> <span class='ocrx_word' id='word_1_222' title='bbox 802 2196 969 2246; x_wconf 89' lang='lat' dir='ltr'>occidit,</span> <span class='ocrx_word' id='word_1_223' title='bbox 1007 2210 1100 2237; x_wconf 89' lang='lat' dir='ltr'>cum</span> <span class='ocrx_word' id='word_1_224' title='bbox 1123 2194 1176 2236; x_wconf 91' lang='lat' dir='ltr'>ab</span> <span class='ocrx_word' id='word_1_225' title='bbox 1198 2209 1248 2237; x_wconf 85' lang='lat' dir='ltr'>ea</span> <span class='ocrx_word' id='word_1_226' title='bbox 1269 2202 1649 2251; x_wconf 87' lang='lat' dir='ltr'>contempneretur,</span> <span class='ocrx_word' id='word_1_227' title='bbox 1682 2204 1721 2238; x_wconf 88' lang='lat' dir='ltr'>et</span> <span class='ocrx_word' id='word_1_228' title='bbox 1742 2212 1785 2239; x_wconf 92' lang='lat' dir='ltr'>se</span> <span class='ocrx_word' id='word_1_229' title='bbox 1807 2205 1953 2253; x_wconf 90' lang='lat' dir='ltr'>postea</span> 
     </span>
    </p>
   </div>
   <div class='ocr_carea' id='block_1_5' title="bbox 120 2363 1957 3201">
    <p class='ocr_par' dir='ltr' id='par_1_20' title="bbox 120 2363 1957 3201">
     <span class='ocr_line' id='line_1_31' title="bbox 233 2363 1951 2406; baseline 0.001 -12"><span class='ocrx_word' id='word_1_230' title='bbox 233 2365 266 2404; x_wconf 92' lang='lat'>1)</span> <span class='ocrx_word' id='word_1_231' title='bbox 291 2368 389 2404; x_wconf 88' lang='lat' dir='ltr'>temp.</span> <span class='ocrx_word' id='word_1_232' title='bbox 406 2365 645 2396; x_wconf 81' lang='lat' dir='ltr'>—subsistant</span> <span class='ocrx_word' id='word_1_233' title='bbox 669 2375 695 2406; x_wconf 84' lang='grc' dir='ltr'>γ.</span> <span class='ocrx_word' id='word_1_234' title='bbox 722 2366 792 2395; x_wconf 84' lang='lat' dir='ltr'>rell.</span> <span class='ocrx_word' id='word_1_235' title='bbox 819 2374 880 2394; x_wconf 89' lang='grc'>0111.</span> <span class='ocrx_word' id='word_1_236' title='bbox 908 2364 990 2394; x_wconf 76' lang='lat' dir='ltr'>haec.</span> <span class='ocrx_word' id='word_1_237' title='bbox 1016 2364 1106 2393; x_wconf 79' lang='lat' dir='ltr'>uaria</span> <span class='ocrx_word' id='word_1_238' title='bbox 1131 2367 1159 2392; x_wconf 79' lang='lat' dir='ltr'>et</span> <span class='ocrx_word' id='word_1_239' title='bbox 1182 2364 1351 2393; x_wconf 84' lang='lat' dir='ltr'>mutabilia</span> <span class='ocrx_word' id='word_1_240' title='bbox 1376 2363 1413 2393; x_wconf 89' lang='lat' dir='ltr'>C.</span> <span class='ocrx_word' id='word_1_241' title='bbox 1462 2364 1498 2403; x_wconf 87' lang='lat'>4)</span> <span class='ocrx_word' id='word_1_242' title='bbox 1527 2366 1673 2403; x_wconf 84' lang='lat' dir='ltr'>perficiat</span> <span class='ocrx_word' id='word_1_243' title='bbox 1698 2375 1725 2406; x_wconf 77' lang='grc' dir='ltr'>γ.</span> <span class='ocrx_word' id='word_1_244' title='bbox 1748 2366 1898 2403; x_wconf 70' lang='lat' dir='ltr'>proficiat</span> <span class='ocrx_word' id='word_1_245' title='bbox 1915 2365 1951 2395; x_wconf 90' lang='lat' dir='ltr'>C.</span> 
     </span>
     <span class='ocr_line' id='line_1_32' title="bbox 120 2421 1954 2462; baseline 0.001 -13"><span class='ocrx_word' id='word_1_246' title='bbox 120 2421 187 2450; x_wconf 85' lang='lat' dir='ltr'>rell.</span> <span class='ocrx_word' id='word_1_247' title='bbox 214 2431 274 2451; x_wconf 90' lang='lat' dir='ltr'>om.</span> <span class='ocrx_word' id='word_1_248' title='bbox 324 2422 358 2460; x_wconf 88' lang='lat'>5)</span> <span class='ocrx_word' id='word_1_249' title='bbox 386 2422 488 2452; x_wconf 68' lang='lat' dir='ltr'>det—</span> <span class='ocrx_word' id='word_1_250' title='bbox 504 2423 647 2452; x_wconf 78' lang='lat' dir='ltr'>insaniat</span> <span class='ocrx_word' id='word_1_251' title='bbox 670 2421 707 2453; x_wconf 81' lang='lat' dir='ltr'>C.</span> <span class='ocrx_word' id='word_1_252' title='bbox 757 2423 792 2461; x_wconf 88' lang='grc'>6)</span> <span class='ocrx_word' id='word_1_253' title='bbox 819 2422 913 2457; x_wconf 81' lang='lat' dir='ltr'>Quod</span> <span class='ocrx_word' id='word_1_254' title='bbox 938 2422 1091 2451; x_wconf 70' lang='lat' dir='ltr'>solent—</span> <span class='ocrx_word' id='word_1_255' title='bbox 1111 2429 1227 2458; x_wconf 85' lang='lat' dir='ltr'>genere</span> <span class='ocrx_word' id='word_1_256' title='bbox 1252 2430 1278 2462; x_wconf 76' lang='grc' dir='ltr'>γ.</span> <span class='ocrx_word' id='word_1_257' title='bbox 1304 2421 1372 2449; x_wconf 88' lang='lat' dir='ltr'>rell.</span> <span class='ocrx_word' id='word_1_258' title='bbox 1398 2424 1542 2459; x_wconf 81' lang='lat' dir='ltr'>transpo.</span> <span class='ocrx_word' id='word_1_259' title='bbox 1570 2426 1678 2460; x_wconf 85' lang='lat' dir='ltr'>partes</span> <span class='ocrx_word' id='word_1_260' title='bbox 1704 2422 1839 2452; x_wconf 82' lang='lat' dir='ltr'>habent:</span> <span class='ocrx_word' id='word_1_261' title='bbox 1865 2422 1954 2452; x_wconf 86' lang='lat' dir='ltr'>Inter</span> 
     </span>
     <span class='ocr_line' id='line_1_33' title="bbox 120 2477 1953 2517; baseline 0 -9"><span class='ocrx_word' id='word_1_262' title='bbox 120 2477 319 2508; x_wconf 76' lang='lat' dir='ltr'>-Jzominem</span> <span class='ocrx_word' id='word_1_263' title='bbox 343 2488 404 2509; x_wconf 79' lang='lat' dir='ltr'>esse</span> <span class='ocrx_word' id='word_1_264' title='bbox 430 2484 478 2510; x_wconf 88' lang='lat' dir='ltr'>et:</span> <span class='ocrx_word' id='word_1_265' title='bbox 507 2479 602 2515; x_wconf 81' lang='lat' dir='ltr'>Quod</span> <span class='ocrx_word' id='word_1_266' title='bbox 628 2497 669 2501; x_wconf 81' lang='lat'>—-</span> <span class='ocrx_word' id='word_1_267' title='bbox 695 2484 859 2517; x_wconf 77' lang='lat' dir='ltr'>conentur,</span> <span class='ocrx_word' id='word_1_268' title='bbox 887 2489 946 2508; x_wconf 86' lang='lat' dir='ltr'>om.</span> <span class='ocrx_word' id='word_1_269' title='bbox 973 2478 1100 2507; x_wconf 81' lang='lat' dir='ltr'>Picenis</span> <span class='ocrx_word' id='word_1_270' title='bbox 1125 2487 1181 2515; x_wconf 87' lang='lat' dir='ltr'>pro</span> <span class='ocrx_word' id='word_1_271' title='bbox 1207 2478 1285 2516; x_wconf 86' lang='lat' dir='ltr'>quil.</span> <span class='ocrx_word' id='word_1_272' title='bbox 1313 2495 1354 2498; x_wconf 34' lang='lat' dir='ltr'>w</span> <span class='ocrx_word' id='word_1_273' title='bbox 1380 2486 1507 2516; x_wconf 84' lang='lat' dir='ltr'>genere.</span> <span class='ocrx_word' id='word_1_274' title='bbox 1534 2478 1626 2514; x_wconf 83' lang='lat' dir='ltr'>Quod</span> <span class='ocrx_word' id='word_1_275' title='bbox 1653 2489 1697 2509; x_wconf 87' lang='lat' dir='ltr'>so.</span> <span class='ocrx_word' id='word_1_276' title='bbox 1724 2478 1766 2508; x_wconf 82' lang='lat' dir='ltr'>fa.</span> <span class='ocrx_word' id='word_1_277' title='bbox 1793 2480 1858 2517; x_wconf 90' lang='lat' dir='ltr'>inq.</span> <span class='ocrx_word' id='word_1_278' title='bbox 1885 2480 1953 2517; x_wconf 84' lang='lat' dir='ltr'>ing.</span> 
     </span>
     <span class='ocr_line' id='line_1_34' title="bbox 121 2534 1955 2577; baseline 0 -13"><span class='ocrx_word' id='word_1_279' title='bbox 121 2534 185 2564; x_wconf 85' lang='lat' dir='ltr'>leu.</span> <span class='ocrx_word' id='word_1_280' title='bbox 209 2544 236 2577; x_wconf 82' lang='grc' dir='ltr'>γ.</span> <span class='ocrx_word' id='word_1_281' title='bbox 263 2536 332 2565; x_wconf 89' lang='lat' dir='ltr'>rell.</span> <span class='ocrx_word' id='word_1_282' title='bbox 371 2535 465 2571; x_wconf 82' lang='lat' dir='ltr'>Quod</span> <span class='ocrx_word' id='word_1_283' title='bbox 491 2547 536 2566; x_wconf 86' lang='lat' dir='ltr'>so.</span> <span class='ocrx_word' id='word_1_284' title='bbox 564 2538 628 2575; x_wconf 88' lang='lat' dir='ltr'>inq.</span> <span class='ocrx_word' id='word_1_285' title='bbox 664 2537 731 2575; x_wconf 81' lang='lat' dir='ltr'>ing.</span> <span class='ocrx_word' id='word_1_286' title='bbox 768 2537 829 2566; x_wconf 82' lang='lat' dir='ltr'>len.</span> <span class='ocrx_word' id='word_1_287' title='bbox 867 2535 979 2565; x_wconf 85' lang='lat' dir='ltr'>facere.</span> <span class='ocrx_word' id='word_1_288' title='bbox 1046 2535 1079 2574; x_wconf 90' lang='lat'>7)</span> <span class='ocrx_word' id='word_1_289' title='bbox 1105 2534 1212 2573; x_wconf 76' lang='lat' dir='ltr'>digitis</span> <span class='ocrx_word' id='word_1_290' title='bbox 1236 2544 1252 2576; x_wconf 76' lang='grc' dir='ltr'>γ</span> <span class='ocrx_word' id='word_1_291' title='bbox 1277 2539 1309 2564; x_wconf 85' lang='lat' dir='ltr'>et</span> <span class='ocrx_word' id='word_1_292' title='bbox 1335 2535 1370 2565; x_wconf 88' lang='lat' dir='ltr'>C.</span> <span class='ocrx_word' id='word_1_293' title='bbox 1397 2535 1519 2577; x_wconf 76' lang='lat' dir='ltr'>(primis</span> <span class='ocrx_word' id='word_1_294' title='bbox 1544 2535 1652 2572; x_wconf 79' lang='lat' dir='ltr'>digitis</span> <span class='ocrx_word' id='word_1_295' title='bbox 1676 2535 1897 2573; x_wconf 71' lang='lat' dir='ltr'>conpressamlo</span> <span class='ocrx_word' id='word_1_296' title='bbox 1921 2535 1955 2564; x_wconf 90' lang='lat' dir='ltr'>in</span> 
     </span>
     <span class='ocr_line' id='line_1_35' title="bbox 122 2591 1955 2634; baseline -0.001 -13"><span class='ocrx_word' id='word_1_297' title='bbox 122 2593 294 2632; x_wconf 80' lang='lat' dir='ltr'>eameram)</span> <span class='ocrx_word' id='word_1_298' title='bbox 320 2593 389 2623; x_wconf 89' lang='lat' dir='ltr'>rell.</span> <span class='ocrx_word' id='word_1_299' title='bbox 417 2593 532 2632; x_wconf 84' lang='lat' dir='ltr'>digito.</span> <span class='ocrx_word' id='word_1_300' title='bbox 583 2593 618 2631; x_wconf 91' lang='lat'>8)</span> <span class='ocrx_word' id='word_1_301' title='bbox 644 2594 696 2623; x_wconf 88' lang='lat' dir='ltr'>uel</span> <span class='ocrx_word' id='word_1_302' title='bbox 723 2593 861 2631; x_wconf 83' lang='lat' dir='ltr'>speciem</span> <span class='ocrx_word' id='word_1_303' title='bbox 885 2602 912 2634; x_wconf 80' lang='grc' dir='ltr'>γ.</span> <span class='ocrx_word' id='word_1_304' title='bbox 938 2592 1008 2622; x_wconf 85' lang='lat' dir='ltr'>rell.</span> <span class='ocrx_word' id='word_1_305' title='bbox 1035 2602 1094 2622; x_wconf 91' lang='lat' dir='ltr'>om.</span> <span class='ocrx_word' id='word_1_306' title='bbox 1145 2592 1179 2629; x_wconf 89' lang='grc'>9)</span> <span class='ocrx_word' id='word_1_307' title='bbox 1207 2600 1283 2622; x_wconf 87' lang='lat' dir='ltr'>uero</span> <span class='ocrx_word' id='word_1_308' title='bbox 1308 2602 1335 2634; x_wconf 84' lang='grc' dir='ltr'>γ.</span> <span class='ocrx_word' id='word_1_309' title='bbox 1361 2593 1430 2622; x_wconf 90' lang='lat' dir='ltr'>rell.</span> <span class='ocrx_word' id='word_1_310' title='bbox 1458 2602 1518 2622; x_wconf 90' lang='lat' dir='ltr'>om.</span> <span class='ocrx_word' id='word_1_311' title='bbox 1545 2601 1614 2622; x_wconf 82' lang='lat' dir='ltr'>esse</span> <span class='ocrx_word' id='word_1_312' title='bbox 1640 2602 1699 2622; x_wconf 89' lang='lat' dir='ltr'>om.</span> <span class='ocrx_word' id='word_1_313' title='bbox 1725 2601 1752 2633; x_wconf 84' lang='grc' dir='ltr'>γ.</span> <span class='ocrx_word' id='word_1_314' title='bbox 1806 2591 1860 2631; x_wconf 90' lang='grc'>10)</span> <span class='ocrx_word' id='word_1_315' title='bbox 1886 2592 1955 2622; x_wconf 89' lang='lat' dir='ltr'>Hoc</span> 
     </span>
     <span class='ocr_line' id='line_1_36' title="bbox 122 2648 1955 2692; baseline -0.001 -14"><span class='ocrx_word' id='word_1_316' title='bbox 122 2665 164 2669; x_wconf 87' lang='lat'>—</span> <span class='ocrx_word' id='word_1_317' title='bbox 188 2648 257 2678; x_wconf 88' lang='lat' dir='ltr'>lux.</span> <span class='ocrx_word' id='word_1_318' title='bbox 283 2658 309 2692; x_wconf 85' lang='grc' dir='ltr'>γ.</span> <span class='ocrx_word' id='word_1_319' title='bbox 336 2651 404 2679; x_wconf 89' lang='lat' dir='ltr'>rell.</span> <span class='ocrx_word' id='word_1_320' title='bbox 432 2660 492 2680; x_wconf 86' lang='lat' dir='ltr'>om.</span> <span class='ocrx_word' id='word_1_321' title='bbox 560 2650 615 2689; x_wconf 90' lang='lat' dir='ltr'>ll)</span> <span class='ocrx_word' id='word_1_322' title='bbox 641 2650 702 2679; x_wconf 89' lang='lat' dir='ltr'>Pro</span> <span class='ocrx_word' id='word_1_323' title='bbox 727 2659 810 2688; x_wconf 86' lang='lat' dir='ltr'>perc.</span> <span class='ocrx_word' id='word_1_324' title='bbox 837 2659 863 2690; x_wconf 73' lang='grc' dir='ltr'>γ.</span> <span class='ocrx_word' id='word_1_325' title='bbox 891 2650 960 2678; x_wconf 86' lang='lat' dir='ltr'>rell.</span> <span class='ocrx_word' id='word_1_326' title='bbox 987 2659 1047 2678; x_wconf 85' lang='grc'>0111.</span> <span class='ocrx_word' id='word_1_327' title='bbox 1116 2649 1170 2686; x_wconf 82' lang='lat'>12)</span> <span class='ocrx_word' id='word_1_328' title='bbox 1195 2648 1232 2677; x_wconf 91' lang='lat' dir='ltr'>Id</span> <span class='ocrx_word' id='word_1_329' title='bbox 1265 2665 1299 2668; x_wconf 46' lang='grc' dir='ltr'>ψ-</span> <span class='ocrx_word' id='word_1_330' title='bbox 1326 2653 1489 2687; x_wconf 81' lang='lat' dir='ltr'>computes</span> <span class='ocrx_word' id='word_1_331' title='bbox 1514 2658 1540 2690; x_wconf 73' lang='grc' dir='ltr'>γ.</span> <span class='ocrx_word' id='word_1_332' title='bbox 1568 2658 1664 2678; x_wconf 77' lang='lat' dir='ltr'>sanus</span> <span class='ocrx_word' id='word_1_333' title='bbox 1690 2658 1735 2685; x_wconf 77' lang='lat' dir='ltr'>es,</span> <span class='ocrx_word' id='word_1_334' title='bbox 1772 2649 1888 2679; x_wconf 86' lang='lat' dir='ltr'>redisti</span> <span class='ocrx_word' id='word_1_335' title='bbox 1914 2649 1955 2678; x_wconf 89' lang='lat' dir='ltr'>ad</span> 
     </span>
     <span class='ocr_line' id='line_1_37' title="bbox 124 2705 1955 2746; baseline 0 -12"><span class='ocrx_word' id='word_1_336' title='bbox 124 2708 272 2743; x_wconf 80' lang='lat' dir='ltr'>mentem,</span> <span class='ocrx_word' id='word_1_337' title='bbox 309 2716 368 2736; x_wconf 88' lang='lat' dir='ltr'>om.</span> <span class='ocrx_word' id='word_1_338' title='bbox 394 2710 493 2743; x_wconf 80' lang='lat' dir='ltr'>tuam,</span> <span class='ocrx_word' id='word_1_339' title='bbox 520 2706 555 2736; x_wconf 89' lang='lat' dir='ltr'>C.</span> <span class='ocrx_word' id='word_1_340' title='bbox 583 2707 653 2736; x_wconf 86' lang='lat' dir='ltr'>rell.</span> <span class='ocrx_word' id='word_1_341' title='bbox 679 2716 740 2736; x_wconf 87' lang='lat' dir='ltr'>om.</span> <span class='ocrx_word' id='word_1_342' title='bbox 761 2715 854 2744; x_wconf 75' lang='lat' dir='ltr'>penes</span> <span class='ocrx_word' id='word_1_343' title='bbox 875 2709 900 2734; x_wconf 82' lang='lat' dir='ltr'>te</span> <span class='ocrx_word' id='word_1_344' title='bbox 925 2715 954 2734; x_wconf 84' lang='lat' dir='ltr'>es</span> <span class='ocrx_word' id='word_1_345' title='bbox 987 2722 1018 2725; x_wconf 82' lang='lat'>--</span> <span class='ocrx_word' id='word_1_346' title='bbox 1047 2708 1211 2743; x_wconf 70' lang='lat' dir='ltr'>computes.</span> <span class='ocrx_word' id='word_1_347' title='bbox 1265 2706 1320 2744; x_wconf 87' lang='lat'>13)</span> <span class='ocrx_word' id='word_1_348' title='bbox 1346 2705 1434 2736; x_wconf 88' lang='lat' dir='ltr'>More</span> <span class='ocrx_word' id='word_1_349' title='bbox 1459 2715 1511 2744; x_wconf 85' lang='lat' dir='ltr'>pu.</span> <span class='ocrx_word' id='word_1_350' title='bbox 1537 2706 1621 2735; x_wconf 86' lang='lat' dir='ltr'>balb.</span> <span class='ocrx_word' id='word_1_351' title='bbox 1649 2715 1711 2736; x_wconf 88' lang='lat' dir='ltr'>om.</span> <span class='ocrx_word' id='word_1_352' title='bbox 1738 2715 1754 2746; x_wconf 80' lang='grc' dir='ltr'><strong>γ</strong></span> <span class='ocrx_word' id='word_1_353' title='bbox 1780 2710 1812 2734; x_wconf 86' lang='lat' dir='ltr'>et</span> <span class='ocrx_word' id='word_1_354' title='bbox 1838 2705 1873 2741; x_wconf 85' lang='lat' dir='ltr'>C,</span> <span class='ocrx_word' id='word_1_355' title='bbox 1900 2706 1955 2743; x_wconf 89' lang='lat' dir='ltr'>qui</span> 
     </span>
     <span class='ocr_line' id='line_1_38' title="bbox 123 2761 1954 2803; baseline 0.001 -12"><span class='ocrx_word' id='word_1_356' title='bbox 123 2761 238 2792; x_wconf 84' lang='lat' dir='ltr'>habet:</span> <span class='ocrx_word' id='word_1_357' title='bbox 265 2763 342 2801; x_wconf 91' lang='lat' dir='ltr'>quid</span> <span class='ocrx_word' id='word_1_358' title='bbox 367 2772 439 2793; x_wconf 85' lang='lat' dir='ltr'>cum</span> <span class='ocrx_word' id='word_1_359' title='bbox 463 2772 519 2801; x_wconf 88' lang='lat' dir='ltr'>per</span> <span class='ocrx_word' id='word_1_360' title='bbox 544 2762 672 2793; x_wconf 82' lang='lat' dir='ltr'>delicias</span> <span class='ocrx_word' id='word_1_361' title='bbox 699 2763 786 2801; x_wconf 87' lang='lat' dir='ltr'>(lege</span> <span class='ocrx_word' id='word_1_362' title='bbox 811 2761 995 2800; x_wconf 76' lang='lat' dir='ltr'>blanditias)</span> <span class='ocrx_word' id='word_1_363' title='bbox 1022 2762 1185 2791; x_wconf 87' lang='lat' dir='ltr'>balbutire</span> <span class='ocrx_word' id='word_1_364' title='bbox 1210 2762 1341 2792; x_wconf 80' lang='lat' dir='ltr'>affectas</span> <span class='ocrx_word' id='word_1_365' title='bbox 1368 2772 1467 2793; x_wconf 74' lang='lat' dir='ltr'>senex</span> <span class='ocrx_word' id='word_1_366' title='bbox 1493 2766 1554 2792; x_wconf 83' lang='lat' dir='ltr'>etc,</span> <span class='ocrx_word' id='word_1_367' title='bbox 1605 2763 1659 2801; x_wconf 87' lang='grc'>16)</span> <span class='ocrx_word' id='word_1_368' title='bbox 1685 2771 1797 2791; x_wconf 79' lang='lat' dir='ltr'>annoso</span> <span class='ocrx_word' id='word_1_369' title='bbox 1813 2780 1852 2782; x_wconf 66' lang='lat'>—</span> <span class='ocrx_word' id='word_1_370' title='bbox 1869 2771 1902 2792; x_wconf 87' lang='lat' dir='ltr'>es</span> <span class='ocrx_word' id='word_1_371' title='bbox 1927 2771 1954 2803; x_wconf 76' lang='grc' dir='ltr'>γ.</span> 
     </span>
     <span class='ocr_line' id='line_1_39' title="bbox 124 2819 1956 2861; baseline 0 -13"><span class='ocrx_word' id='word_1_372' title='bbox 124 2819 191 2848; x_wconf 87' lang='lat' dir='ltr'>rell.</span> <span class='ocrx_word' id='word_1_373' title='bbox 218 2829 276 2849; x_wconf 89' lang='lat' dir='ltr'>orn.</span> <span class='ocrx_word' id='word_1_374' title='bbox 337 2820 392 2859; x_wconf 88' lang='lat'>17)</span> <span class='ocrx_word' id='word_1_375' title='bbox 419 2820 516 2850; x_wconf 82' lang='lat' dir='ltr'>schol.</span> <span class='ocrx_word' id='word_1_376' title='bbox 536 2830 575 2849; x_wconf 85' lang='lat' dir='ltr'>ex</span> <span class='ocrx_word' id='word_1_377' title='bbox 601 2829 618 2861; x_wconf 76' lang='grc' dir='ltr'>γ</span> <span class='ocrx_word' id='word_1_378' title='bbox 643 2823 674 2849; x_wconf 83' lang='lat' dir='ltr'>et</span> <span class='ocrx_word' id='word_1_379' title='bbox 699 2819 734 2855; x_wconf 84' lang='lat' dir='ltr'>C,</span> <span class='ocrx_word' id='word_1_380' title='bbox 761 2820 815 2857; x_wconf 85' lang='lat' dir='ltr'>qui</span> <span class='ocrx_word' id='word_1_381' title='bbox 842 2820 959 2848; x_wconf 85' lang='lat' dir='ltr'>lemma</span> <span class='ocrx_word' id='word_1_382' title='bbox 984 2829 1046 2848; x_wconf 89' lang='grc'>11011</span> <span class='ocrx_word' id='word_1_383' title='bbox 1072 2819 1180 2848; x_wconf 80' lang='lat' dir='ltr'>habet.</span> <span class='ocrx_word' id='word_1_384' title='bbox 1207 2820 1276 2849; x_wconf 88' lang='lat' dir='ltr'>rell.</span> <span class='ocrx_word' id='word_1_385' title='bbox 1302 2830 1361 2849; x_wconf 87' lang='lat' dir='ltr'>om.</span> <span class='ocrx_word' id='word_1_386' title='bbox 1386 2820 1538 2859; x_wconf 80' lang='lat' dir='ltr'>ypallage</span> <span class='ocrx_word' id='word_1_387' title='bbox 1564 2828 1590 2860; x_wconf 74' lang='grc' dir='ltr'>γ.</span> <span class='ocrx_word' id='word_1_388' title='bbox 1617 2819 1702 2847; x_wconf 79' lang='lat' dir='ltr'>enini</span> <span class='ocrx_word' id='word_1_389' title='bbox 1728 2829 1788 2848; x_wconf 90' lang='lat' dir='ltr'>om.</span> <span class='ocrx_word' id='word_1_390' title='bbox 1814 2828 1840 2860; x_wconf 72' lang='grc' dir='ltr'>γ.</span> <span class='ocrx_word' id='word_1_391' title='bbox 1867 2819 1956 2857; x_wconf 84' lang='lat' dir='ltr'>pala-</span> 
     </span>
     <span class='ocr_line' id='line_1_40' title="bbox 124 2876 1956 2917; baseline 0.001 -13"><span class='ocrx_word' id='word_1_392' title='bbox 124 2878 202 2905; x_wconf 86' lang='lat' dir='ltr'>tum.</span> <span class='ocrx_word' id='word_1_393' title='bbox 228 2876 313 2906; x_wconf 79' lang='lat' dir='ltr'>Pers.</span> <span class='ocrx_word' id='word_1_394' title='bbox 353 2881 384 2906; x_wconf 88' lang='lat' dir='ltr'>et</span> <span class='ocrx_word' id='word_1_395' title='bbox 421 2882 530 2906; x_wconf 86' lang='lat' dir='ltr'>tenero</span> <span class='ocrx_word' id='word_1_396' title='bbox 568 2877 672 2914; x_wconf 86' lang='lat' dir='ltr'>suppl.</span> <span class='ocrx_word' id='word_1_397' title='bbox 708 2876 743 2906; x_wconf 86' lang='lat' dir='ltr'>C.</span> <span class='ocrx_word' id='word_1_398' title='bbox 812 2877 866 2914; x_wconf 85' lang='lat'>19)</span> <span class='ocrx_word' id='word_1_399' title='bbox 895 2876 996 2905; x_wconf 71' lang='lat' dir='ltr'>Sicuti</span> <span class='ocrx_word' id='word_1_400' title='bbox 1024 2877 1127 2906; x_wconf 81' lang='lat' dir='ltr'>solent.</span> <span class='ocrx_word' id='word_1_401' title='bbox 1153 2886 1212 2906; x_wconf 89' lang='lat' dir='ltr'>om.</span> <span class='ocrx_word' id='word_1_402' title='bbox 1238 2886 1255 2917; x_wconf 72' lang='grc' dir='ltr'><strong><em>γ</em></strong></span> <span class='ocrx_word' id='word_1_403' title='bbox 1280 2880 1309 2905; x_wconf 86' lang='lat' dir='ltr'>et</span> <span class='ocrx_word' id='word_1_404' title='bbox 1334 2877 1369 2913; x_wconf 71' lang='lat' dir='ltr'>C,</span> <span class='ocrx_word' id='word_1_405' title='bbox 1396 2877 1449 2914; x_wconf 85' lang='lat' dir='ltr'>qui</span> <span class='ocrx_word' id='word_1_406' title='bbox 1477 2876 1592 2904; x_wconf 80' lang='lat' dir='ltr'>habet:</span> <span class='ocrx_word' id='word_1_407' title='bbox 1621 2884 1718 2912; x_wconf 85' lang='lat' dir='ltr'>puero</span> <span class='ocrx_word' id='word_1_408' title='bbox 1745 2876 1881 2913; x_wconf 75' lang='lat' dir='ltr'>puerilia</span> <span class='ocrx_word' id='word_1_409' title='bbox 1908 2876 1956 2905; x_wconf 86' lang='lat' dir='ltr'>fa-</span> 
     </span>
     <span class='ocr_line' id='line_1_41' title="bbox 125 2932 1957 2974; baseline 0.001 -14"><span class='ocrx_word' id='word_1_410' title='bbox 125 2932 226 2965; x_wconf 76' lang='lat' dir='ltr'>cienti.</span> <span class='ocrx_word' id='word_1_411' title='bbox 251 2933 448 2963; x_wconf 81' lang='lat' dir='ltr'>facientibus</span> <span class='ocrx_word' id='word_1_412' title='bbox 472 2943 498 2974; x_wconf 72' lang='grc' dir='ltr'>γ.</span> <span class='ocrx_word' id='word_1_413' title='bbox 526 2934 594 2963; x_wconf 84' lang='lat' dir='ltr'>rell.</span> <span class='ocrx_word' id='word_1_414' title='bbox 623 2943 682 2963; x_wconf 90' lang='lat' dir='ltr'>om.</span> <span class='ocrx_word' id='word_1_415' title='bbox 715 2933 773 2962; x_wconf 84' lang='lat' dir='ltr'>Pu.</span> <span class='ocrx_word' id='word_1_416' title='bbox 801 2943 853 2970; x_wconf 89' lang='lat' dir='ltr'>pn.</span> <span class='ocrx_word' id='word_1_417' title='bbox 881 2932 922 2962; x_wconf 79' lang='lat' dir='ltr'>fa.</span> <span class='ocrx_word' id='word_1_418' title='bbox 987 2934 1044 2971; x_wconf 81' lang='lat'>20)</span> <span class='ocrx_word' id='word_1_419' title='bbox 1072 2933 1166 2962; x_wconf 83' lang='lat' dir='ltr'>Adde</span> <span class='ocrx_word' id='word_1_420' title='bbox 1199 2951 1239 2953; x_wconf 98' lang='lat'>——</span> <span class='ocrx_word' id='word_1_421' title='bbox 1272 2933 1428 2970; x_wconf 83' lang='lat' dir='ltr'>appellari</span> <span class='ocrx_word' id='word_1_422' title='bbox 1453 2942 1479 2973; x_wconf 77' lang='grc' dir='ltr'>γ.</span> <span class='ocrx_word' id='word_1_423' title='bbox 1507 2932 1576 2961; x_wconf 87' lang='lat' dir='ltr'>rell.</span> <span class='ocrx_word' id='word_1_424' title='bbox 1601 2941 1661 2961; x_wconf 90' lang='lat' dir='ltr'>om.</span> <span class='ocrx_word' id='word_1_425' title='bbox 1727 2932 1784 2970; x_wconf 75' lang='lat'>22)</span> <span class='ocrx_word' id='word_1_426' title='bbox 1812 2933 1957 2962; x_wconf 84' lang='lat' dir='ltr'>estimato</span> 
     </span>
     <span class='ocr_line' id='line_1_42' title="bbox 126 2988 1955 3031; baseline 0 -13"><span class='ocrx_word' id='word_1_427' title='bbox 126 3004 168 3008; x_wconf 93' lang='lat'><strong>—</strong></span> <span class='ocrx_word' id='word_1_428' title='bbox 193 2997 264 3019; x_wconf 87' lang='lat' dir='ltr'>esse</span> <span class='ocrx_word' id='word_1_429' title='bbox 288 2999 314 3031; x_wconf 78' lang='grc' dir='ltr'>γ.</span> <span class='ocrx_word' id='word_1_430' title='bbox 340 2990 408 3020; x_wconf 91' lang='lat' dir='ltr'>rell.</span> <span class='ocrx_word' id='word_1_431' title='bbox 436 3000 496 3020; x_wconf 86' lang='lat' dir='ltr'>om.</span> <span class='ocrx_word' id='word_1_432' title='bbox 546 2988 604 3028; x_wconf 83' lang='lat'>23)</span> <span class='ocrx_word' id='word_1_433' title='bbox 629 2989 754 3020; x_wconf 84' lang='lat' dir='ltr'>Amoris</span> <span class='ocrx_word' id='word_1_434' title='bbox 781 3008 820 3009; x_wconf 38' lang='grc' dir='ltr'><em>ἠ</em></span> <span class='ocrx_word' id='word_1_435' title='bbox 848 2990 1001 3019; x_wconf 71' lang='lat' dir='ltr'>aduersos</span> <span class='ocrx_word' id='word_1_436' title='bbox 1026 2999 1053 3031; x_wconf 77' lang='grc' dir='ltr'>γ.</span> <span class='ocrx_word' id='word_1_437' title='bbox 1081 2990 1151 3019; x_wconf 91' lang='lat' dir='ltr'>rell.</span> <span class='ocrx_word' id='word_1_438' title='bbox 1179 2999 1239 3019; x_wconf 87' lang='lat' dir='ltr'>om.</span> <span class='ocrx_word' id='word_1_439' title='bbox 1267 2989 1344 3018; x_wconf 65' lang='lat' dir='ltr'>adele</span> <span class='ocrx_word' id='word_1_440' title='bbox 1367 2999 1431 3019; x_wconf 76' lang='lat' dir='ltr'>cru.</span> <span class='ocrx_word' id='word_1_441' title='bbox 1458 2988 1524 3018; x_wconf 84' lang='lat' dir='ltr'>stul.</span> <span class='ocrx_word' id='word_1_442' title='bbox 1552 2989 1631 3018; x_wconf 85' lang='lat' dir='ltr'>iram</span> <span class='ocrx_word' id='word_1_443' title='bbox 1650 2993 1816 3018; x_wconf 84' lang='lat' dir='ltr'>cruentam</span> <span class='ocrx_word' id='word_1_444' title='bbox 1842 2990 1955 3019; x_wconf 82' lang='lat' dir='ltr'>amori.</span> 
     </span>
     <span class='ocr_line' id='line_1_43' title="bbox 126 3042 1955 3085; baseline 0.001 -11"><span class='ocrx_word' id='word_1_445' title='bbox 126 3042 219 3083; x_wconf 68' lang='lat' dir='ltr'>ignem</span> <span class='ocrx_word' id='word_1_446' title='bbox 239 3046 342 3085; x_wconf 77' lang='lat' dir='ltr'>yladio</span> <span class='ocrx_word' id='word_1_447' title='bbox 365 3056 425 3076; x_wconf 70' lang='lat' dir='ltr'>scr.</span> <span class='ocrx_word' id='word_1_448' title='bbox 454 3056 537 3085; x_wconf 83' lang='lat' dir='ltr'>auge</span> <span class='ocrx_word' id='word_1_449' title='bbox 562 3047 740 3076; x_wconf 85' lang='lat' dir='ltr'>stultitiam</span> <span class='ocrx_word' id='word_1_450' title='bbox 765 3047 958 3076; x_wconf 76' lang='lat' dir='ltr'>crudelitate</span> <span class='ocrx_word' id='word_1_451' title='bbox 984 3046 1021 3076; x_wconf 90' lang='lat' dir='ltr'>C.</span> <span class='ocrx_word' id='word_1_452' title='bbox 1048 3047 1118 3076; x_wconf 88' lang='lat' dir='ltr'>rell.</span> <span class='ocrx_word' id='word_1_453' title='bbox 1155 3055 1292 3075; x_wconf 69' lang='lat' dir='ltr'>cruorem</span> <span class='ocrx_word' id='word_1_454' title='bbox 1316 3046 1393 3076; x_wconf 79' lang='lat' dir='ltr'>stult.</span> <span class='ocrx_word' id='word_1_455' title='bbox 1430 3044 1667 3074; x_wconf 83' lang='lat' dir='ltr'>Crudelitatem</span> <span class='ocrx_word' id='word_1_456' title='bbox 1703 3046 1811 3074; x_wconf 79' lang='lat' dir='ltr'>amori.</span> <span class='ocrx_word' id='word_1_457' title='bbox 1849 3045 1955 3085; x_wconf 67' lang='lat' dir='ltr'>igynem.</span> 
     </span>
     <span class='ocr_line' id='line_1_44' title="bbox 126 3099 1955 3144; baseline 0.001 -14"><span class='ocrx_word' id='word_1_458' title='bbox 126 3099 251 3132; x_wconf 85' lang='lat' dir='ltr'>Amoris</span> <span class='ocrx_word' id='word_1_459' title='bbox 277 3103 426 3134; x_wconf 81' lang='lat' dir='ltr'>calorem.</span> <span class='ocrx_word' id='word_1_460' title='bbox 473 3103 531 3141; x_wconf 82' lang='lat'>26)</span> <span class='ocrx_word' id='word_1_461' title='bbox 558 3103 629 3133; x_wconf 89' lang='lat' dir='ltr'>Non</span> <span class='ocrx_word' id='word_1_462' title='bbox 655 3107 703 3133; x_wconf 85' lang='lat' dir='ltr'>est</span> <span class='ocrx_word' id='word_1_463' title='bbox 729 3113 754 3144; x_wconf 73' lang='grc' dir='ltr'>γ.</span> <span class='ocrx_word' id='word_1_464' title='bbox 783 3103 850 3132; x_wconf 85' lang='lat' dir='ltr'>rell.</span> <span class='ocrx_word' id='word_1_465' title='bbox 877 3113 936 3133; x_wconf 89' lang='grc'>0111.</span> <span class='ocrx_word' id='word_1_466' title='bbox 986 3104 1043 3141; x_wconf 84' lang='grc'>27)</span> <span class='ocrx_word' id='word_1_467' title='bbox 1071 3104 1221 3132; x_wconf 78' lang='lat' dir='ltr'>hclladen</span> <span class='ocrx_word' id='word_1_468' title='bbox 1245 3112 1270 3144; x_wconf 76' lang='grc' dir='ltr'>γ.</span> <span class='ocrx_word' id='word_1_469' title='bbox 1298 3103 1366 3132; x_wconf 84' lang='lat' dir='ltr'>rell.</span> <span class='ocrx_word' id='word_1_470' title='bbox 1397 3101 1571 3131; x_wconf 80' lang='lat' dir='ltr'>Helladem.</span> <span class='ocrx_word' id='word_1_471' title='bbox 1597 3103 1635 3131; x_wconf 86' lang='lat' dir='ltr'>ob</span> <span class='ocrx_word' id='word_1_472' title='bbox 1660 3101 1775 3132; x_wconf 76' lang='lat' dir='ltr'>amoris</span> <span class='ocrx_word' id='word_1_473' title='bbox 1799 3102 1955 3141; x_wconf 75' lang='lat' dir='ltr'>impatien-</span> 
     </span>
     <span class='ocr_line' id='line_1_45' title="bbox 130 3156 1638 3201; baseline 0.001 -15"><span class='ocrx_word' id='word_1_474' title='bbox 130 3156 198 3187; x_wconf 78' lang='lat' dir='ltr'>tiam</span> <span class='ocrx_word' id='word_1_475' title='bbox 223 3158 258 3188; x_wconf 89' lang='lat' dir='ltr'>C.</span> <span class='ocrx_word' id='word_1_476' title='bbox 285 3177 322 3181; x_wconf 87' lang='lat'><strong>—</strong></span> <span class='ocrx_word' id='word_1_477' title='bbox 350 3160 428 3198; x_wconf 76' lang='lat' dir='ltr'>quod</span> <span class='ocrx_word' id='word_1_478' title='bbox 453 3159 488 3190; x_wconf 88' lang='lat' dir='ltr'>C.</span> <span class='ocrx_word' id='word_1_479' title='bbox 515 3159 583 3190; x_wconf 85' lang='lat' dir='ltr'>rell.</span> <span class='ocrx_word' id='word_1_480' title='bbox 611 3169 691 3189; x_wconf 82' lang='lat' dir='ltr'>cum.</span> <span class='ocrx_word' id='word_1_481' title='bbox 740 3158 775 3197; x_wconf 76' lang='lat'>&gt;²²)</span> <span class='ocrx_word' id='word_1_482' title='bbox 801 3160 952 3189; x_wconf 75' lang='lat' dir='ltr'>Picenum</span> <span class='ocrx_word' id='word_1_483' title='bbox 978 3170 1031 3189; x_wconf 76' lang='lat' dir='ltr'>uas</span> <span class='ocrx_word' id='word_1_484' title='bbox 1056 3169 1081 3201; x_wconf 79' lang='grc' dir='ltr'>γ.</span> <span class='ocrx_word' id='word_1_485' title='bbox 1111 3161 1171 3189; x_wconf 68' lang='lat' dir='ltr'>Pie.</span> <span class='ocrx_word' id='word_1_486' title='bbox 1196 3169 1287 3199; x_wconf 61' lang='lat' dir='ltr'>qenes</span> <span class='ocrx_word' id='word_1_487' title='bbox 1312 3168 1372 3188; x_wconf 81' lang='lat' dir='ltr'>ein.</span> <span class='ocrx_word' id='word_1_488' title='bbox 1401 3158 1436 3188; x_wconf 89' lang='lat' dir='ltr'>C.</span> <span class='ocrx_word' id='word_1_489' title='bbox 1463 3158 1638 3188; x_wconf 80' lang='lat' dir='ltr'>Hermann.</span> 
     </span>
    </p>
   </div>
   <div class='ocr_carea' id='block_1_6' title="bbox 1972 954 2011 984">
    <p class='ocr_par' dir='ltr' id='par_1_21' title="bbox 1972 954 2011 984">
     <span class='ocr_line' id='line_1_46' title="bbox 1972 954 2011 984; baseline 0.026 -1"><span class='ocrx_word' id='word_1_490' title='bbox 1972 954 2011 984; x_wconf 78' lang='lat'>10</span> 
     </span>
    </p>
   </div>
  </div>
 </body>
</html>
