2148 3412
831 128 881 160 IN
906 127 1051 160 EPIST.
1078 128 1103 166 1,
1133 132 1182 159 11.
1841 115 1922 154 429

210 253 275 294 15.
306 252 390 295 Nee
419 253 457 293 εί
483 260 517 293 le
547 253 631 293 παῖ.
661 253 754 293 z'act.
788 253 864 294 Au.
894 255 937 294 in
968 268 1004 293 α.
1079 250 1176 293 Hoc
1208 259 1287 294 est:
1333 265 1457 292 nemo
1487 249 1748 293 necessitatis
1786 249 1926 291 locum

95 326 254 382 (loco?)
286 325 490 366 iudicium
521 324 730 381 adsignat.

208 400 273 439 17.
303 399 501 440 Ineolomt'
526 398 701 440 Rhodos.
764 396 904 439 Sanae
935 398 1086 438 mentis
1117 397 1286 447 homini,
1320 398 1540 447 constanti,
1580 398 1732 452 quieto.

211 473 276 513 18.
308 472 506 513 Paenula.
537 470 679 512 Antea
702 472 821 526 (eae'r
865 485 1018 527 graues
1040 479 1167 512 erant.
1208 472 1386 513 solstitio.
1410 470 1655 526 Hiemalis³÷³>
1697 479 1926 526 campestre.

94 544 313 589 Absolute.
359 545 581 601 Campestre
602 545 758 586 dicitur
778 559 978 599 pannum,
1010 559 1093 599 quo
1114 544 1158 585 in
1181 544 1406 599 campestri
1427 544 1725 586 exercitatione
1751 545 1926 586 iuuenes

93 618 270 676 inguina
300 617 510 674 tegebant.
570 621 652 660 m'u.
685 620 811 660 auris.
873 615 1067 659 Conflant
1100 615 1231 673 (Cum
1262 617 1322 672 fl.)
1354 617 1516 659 niuales
1547 632 1685 659 aurae.

211 692 397 749 [Pentele.
454 690 574 733 Nihil
603 691 849 747 frigiditatis
879 692 922 732 in
955 698 1111 734 aestate
1142 692 1276 742 affert,
1312 691 1412 747 quia
1443 691 1579 746 spissa
1609 699 1649 733 et
1680 706 1821 733 crassa
1852 699 1926 733 est.

97 775 333 823 campestre:
385 764 504 806 Nihil
536 764 762 807 caliditatis
793 765 837 806 in
866 765 1017 816 hieme,
1039 801 1042 804 .
1064 765 1162 820 quia
1192 772 1316 807 tenue
1361 774 1436 816 est,
1482 773 1522 807 et
1566 766 1692 807 totius
1738 766 1927 821 corporis

94 839 201 882 nihil
229 846 397 895 praeter
426 839 605 896 inguina
634 839 751 895 tegit.
813 839 934 881 Sicut
963 854 1042 881 nec
1073 840 1262 881 caminus
1293 840 1336 880 in
1358 839 1557 895 Augusto
1587 854 1731 882 mense
1751 853 1830 881 nec
1850 838 1926 879 Ti-

95 913 207 956 beris
236 913 281 954 in
311 913 474 963 bruma,
509 913 568 954 ita
597 927 675 955 nec
705 913 887 969 sapienti
916 914 1009 955 loca
1039 913 1200 969 aliquid
1231 914 1483 970 conferunt]

207 988 272 1029 25.
307 1002 402 1028 nam
422 989 458 1029 si
476 989 590 1029 racio.
649 985 769 1028 Nihil
799 987 962 1042 inpedit
992 987 1196 1039 homines,
1233 1003 1285 1029 ne
1306 987 1430 1030 bonis
1451 987 1533 1029 sint
1553 987 1754 1037 moribus,
1787 986 1822 1028 si
1851 1000 1927 1027 uo-

95 1061 198 1112 lunt,
228 1060 483 1116 ubicumque
513 1061 701 1102 locorum
733 1061 826 1102 sint.

208 1136 273 1176 27.
305 1127 432 1177 maris
462 1135 624 1176 arbiter.
698 1134 841 1177 Locus
872 1137 997 1176 maris
1027 1136 1191 1185 arbiter,
1238 1135 1309 1190 qui
1340 1149 1456 1176 mare
1486 1135 1569 1176 late
1605 1134 1804 1176 diffusum
1844 1149 1929 1175 non

95 1209 251 1259 timeat,
297 1209 342 1250 id
373 1215 447 1259 est,
494 1208 689 1250 dominus
719 1208 848 1249 maris
879 1215 919 1249 et
949 1208 992 1249 in
1022 1216 1110 1250 tuto
1142 1209 1321 1263 positus3
1368 1208 1504 1262 qualis
1547 1208 1665 1250 locus
1710 1216 1771 1250 est
1815 1208 1928 1263 apud

96 1297 292 1325 amoenas
324 1282 514 1324 ciuitates
549 1280 759 1338 [Athenas
776 1281 1008 1339 ciuitatem]
1043 1282 1232 1324 excelsus
1263 1297 1391 1337 supra
1425 1296 1540 1323 mare
1572 1290 1612 1323 et
1641 1282 1737 1324 ideo
1766 1283 1926 1324 arbiter.

208 1358 274 1398 29.
305 1357 370 1398 hie
401 1366 465 1398 est.
533 1354 708 1397 Scilicet
736 1355 810 1396 ubi
840 1355 1017 1397 habitas.

207 1432 273 1472 30.
306 1439 361 1472 est
393 1431 565 1473 Ulubris.
623 1429 779 1471 Etiam.
813 1429 958 1471 Locus
989 1429 1178 1471 desertus
1209 1430 1253 1470 in
1276 1428 1516 1485 Campania
1536 1437 1621 1471 tam
1649 1431 1772 1485 inops
1802 1444 1930 1484 quam

96 1504 294 1547 Lebedos
324 1505 367 1546 in
397 1502 516 1546 Asia.

831 1633 1189 1678 PORPHYRION.

211 1724 600 1783 [RVLLATIVM
631 1726 870 1780 alloquitur,
918 1726 990 1781 qui
1025 1741 1170 1768 omnes
1201 1726 1396 1782 regiones
1435 1725 1625 1767 sordidas
1662 1724 1837 1781 putabat
1877 1724 1931 1765 ad

98 1800 455 1856 comparationem
485 1799 602 1841 urbis
632 1799 794 1841 Romae
826 1814 874 1841 eo
908 1800 1020 1854 quod
1051 1799 1111 1841 ibi
1143 1814 1309 1855 semper
1340 1814 1610 1841 commanens
1648 1800 1702 1840 ad
1734 1799 1815 1840 alia
1846 1814 1931 1840 non

97 1874 353 1930 transierat]

212 1950 248 1989 7.
286 1948 422 1990 Gabiis
455 1949 649 1990 desertior
680 1957 806 2002 atque.
883 1947 999 1989 Gabia·
1040 1947 1160 1989 uicus
1203 1947 1245 1988 in
1294 1945 1467 1989 Sabinis
1510 1947 1627 1989 iuxta
1672 1946 1930 1988 Lucretilem

98 2029 293 2073 montem,
325 2023 436 2063 unde
467 2031 507 2064 et
536 2038 640 2079 aqua
677 2023 803 2064 Gabia
835 2020 1087 2077 (GabinaP).

100 2179 210 2209 ‘Varro
236 2177 452 2217 dicit‚farem
477 2188 518 2208 ex
545 2189 580 2209 eo
607 2179 739 2216 dictum,
766 2179 851 2217 quod
877 2182 1003 2209 ueteres
1016 2178 1154 2209 Romani
1168 2177 1302 2217 furuum
1326 2182 1432 2208 atrum
1450 2177 1696 2215 adpellauerint,
1725 2180 1755 2206 et
1771 2176 1859 2207 fures
1876 2186 1932 2214 per

100 2240 237 2273 noctem,
263 2245 345 2274 quae
370 2240 441 2265 atra
467 2237 521 2273 sit,
548 2236 718 2266 furentur!

214 2293 247 2332 1)
274 2293 343 2323 Hoc
367 2294 513 2331 assignat
536 2303 563 2336 γ.
591 2293 661 2322 rell.
687 2303 747 2323 om.
775 2292 859 2324 conf.
888 2291 933 2322 C:
961 2293 1032 2322 ‘hoc
1050 2310 1085 2313 m
1111 2293 1210 2322 locum
1223 2290 1308 2331 facit
1333 2290 1467 2328 iudicem,
1495 2292 1570 2329 quia
1597 2301 1659 2320 non
1686 2294 1761 2320 sunt
1787 2299 1824 2319 ea
1848 2291 1933 2320 bona

101 2351 246 2381 dicenda.
284 2360 365 2389 quae
401 2355 530 2388 propter
566 2351 793 2380 necessitatem
831 2350 1020 2388 diligimus.¹
1081 2349 1116 2388 3)
1144 2349 1247 2379 Sanae
1272 2366 1308 2369 —
1340 2350 1449 2387 quieto
1474 2348 1530 2390 ·(7C
1559 2348 1601 2386 (set
1625 2348 1747 2386 quieto)
1775 2348 1844 2376 rell.
1872 2356 1931 2376 om.

100 2408 135 2448 4)
160 2408 267 2438 Antea
283 2417 328 2446 gr.
348 2412 438 2437 erant
463 2417 489 2449 γ.
516 2408 584 2437 rell.
613 2417 674 2437 om.
691 2407 889 2437 *Hiemali
914 2417 940 2448 γ.
960 2408 1030 2436 rell.
1050 2417 1110 2437 om.
1172 2406 1206 2445 ὃ)
1233 2406 1389 2435 Absolute
1406 2423 1443 2425 ᾉ
1459 2406 1613 2443 tegebant
1638 2414 1664 2445 γ.
1691 2405 1759 2433 rell.
1786 2413 1845 2434 om.
1896 2404 1930 2442 Ἰ)

98 2465 225 2495 Penula.
243 2465 335 2494 Nihil
356 2482 388 2485 —-
406 2464 575 2494 conferunt
593 2474 651 2494 om.
671 2474 697 2505 γ.
748 2465 782 2503 9)
801 2465 835 2493 in
853 2464 985 2502 augusti
1000 2473 1129 2493 mensae
1146 2474 1204 2494 nec
1221 2463 1351 2502 thyberis
1369 2473 1398 2492 v.
1451 2462 1505 2500 11)
1523 2462 1582 2491 nisi
1598 2463 1647 2491 bo.
1665 2461 1725 2490 sint
1740 2462 1884 2490 moribus
1901 2471 1932 2490 v.

100 2523 127 2554 si
149 2525 199 2553 bo.
226 2523 285 2552 sint
307 2533 367 2553 mo.
395 2533 421 2552 a.
450 2540 489 2543 ψ
529 2523 555 2551 si
582 2523 696 2551 uolunt
724 2532 781 2551 om.
807 2523 853 2551 fh.
924 2523 977 2561 14)
1004 2526 1071 2551 toto
1095 2532 1126 2551 v.
1193 2521 1248 2560 15)
1275 2521 1359 2558 apud
1384 2528 1504 2549 (tmenas
1528 2518 1663 2548 ciuitates
1686 2527 1713 2560 γ.
1740 2518 1810 2547 rell.
1848 2518 1933 2555 apud

101 2580 239 2611 Athenas.
279 2579 362 2610 conf.
390 2578 432 2609 C:
473 2578 605 2608 *αφ-ὀίων.
632 2580 735 2617 qualis
760 2580 847 2609 locus
871 2582 919 2607 est
945 2579 1031 2617 apud
1055 2578 1222 2608 maritimas
1247 2582 1274 2607 et
1297 2586 1435 2607 amoenas
1471 2575 1615 2612 ciuitates,
1653 2575 1799 2609 excelsus
1838 2584 1934 2612 supra

101 2647 203 2673 mare;
241 2638 313 2667 ideo
349 2637 470 2666 arbiter
499 2636 591 2674 quasi
617 2636 776 2673 dominus.
816 2639 844 2664 et
872 2645 958 2665 mare
984 2637 1100 2671 reiicit,
1140 2640 1169 2665 et
1194 2636 1231 2665 de
1258 2645 1293 2665 eo
1319 2634 1464 2664 iudicat.'
1533 2634 1587 2671 16)
1615 2642 1639 2662 s.
1666 2633 1722 2662 ubi
1747 2633 1878 2661 habitas
1903 2641 1931 2673 γ.

103 2694 146 2725 C:
172 2696 226 2725 ubi
252 2694 390 2723 habitas.
450 2693 504 2731 17)
532 2693 640 2722 Etiam
668 2710 706 2713 —-
732 2692 812 2722 Asia
837 2702 862 2733 γ.
890 2693 970 2723 conf.
999 2692 1042 2722 C:
1069 2696 1113 2722 esc
1140 2692 1239 2722 Vlubr.
1266 2691 1354 2722 uicus
1380 2691 1446 2719 des.
1478 2708 1512 2710 ν
1539 2688 1617 2719 Asia
1643 2690 1711 2718 rell.
1737 2698 1796 2718 om.

212 2750 368 2781 PORPH.
416 2750 467 2778 Ad
491 2748 673 2778 Bullatium
700 2749 727 2778 2.
753 2749 1000 2787 Argumentum,
1027 2759 1162 2787 quocum
1189 2748 1272 2779 conf.
1287 2748 1435 2784 Acronis⁷
1463 2747 1601 2776 offerunt
1625 2746 1703 2775 vassi
1729 2745 1756 2781 Q
1785 2749 1816 2774 et
1841 2744 1931 2776 Auct.

104 2817 133 2846 p.
161 2808 235 2845 693,
274 2808 329 2837 ubi
366 2807 540 2844 inscriptio
575 2805 708 2835 EPIST.
735 2806 789 2835 IX.
828 2815 993 2844 perperam
1027 2807 1134 2844 posita
1171 2810 1220 2836 est
1259 2816 1329 2845 pro:
1368 2804 1503 2834 EPIST.
1531 2803 1585 2832 XI.
1612 2812 1672 2834 om.
1699 2802 1825 2832 MR2G.
1874 2802 1933 2841 24)

105 2864 196 2894 Lucr.
223 2874 283 2894 om.
310 2863 346 2892 R.
395 2864 453 2901 25)
480 2862 580 2892 Gabia
605 2872 688 2892 omn.
714 2863 801 2900 libri,
829 2864 884 2893 sed
908 2864 987 2893 haec
1011 2863 1115 2894 forma
1133 2873 1196 2893 non
1215 2863 1331 2893 Latina
1357 2866 1416 2891 est.
1442 2861 1593 2890 Rariores
1618 2864 1693 2889 sunt
1720 2858 1858 2889 Gabinia
1883 2869 1932 2897 ap.

106 2919 230 2951 Gruter.
259 2920 355 2952 1069.
384 2921 410 2949 1.
438 2919 537 2958 (conf.
555 2919 652 2958 Verg.
678 2919 717 2948 A.
744 2920 914 2955 V11‚682:
944 2919 1024 2950 Iuno
1051 2919 1203 2958 Gabina.)
1231 2925 1262 2949 et
1289 2917 1452 2948 Gabiense's
1477 2917 1562 2946 Plin.
1588 2916 1630 2954 ΙΙ,
1658 2917 1699 2945 94
1725 2915 1844 2955 (ager),
1871 2916 1933 2945 fre-

105 2979 253 3016 quentior
282 2976 427 3008 Gabinus.
466 2986 543 3015 ager
568 2977 640 3005 Liu.
665 2975 723 3013 ΙΙΙ,
751 2977 780 3005 8.
817 2977 892 3006 urbs
930 2977 1026 3007 Ouid.
1052 2976 1084 3005 F.
1111 2977 1152 3014 II⁷
1180 2978 1254 3007 309.
1284 2977 1340 3005 uia
1364 2975 1435 3004 Liu.
1461 2974 1502 3011 ΙΙ,
1529 2976 1558 3004 4.
1599 2973 1683 3003 conf.
1709 2983 1788 3012 aqua
1815 2973 1934 3003 Albana

107 3032 172 3063 Cic.
196 3034 273 3064 Diu.
291 3034 315 3070 I,
341 3035 394 3063 44.
420 3034 489 3077 Βφ;
515 3034 632 3073 glabiis
659 3033 720 3071 (sic
746 3037 880 3071 uterque
906 3034 974 3064 sine
1000 3034 1095 3072 corr.)
1124 3035 1213 3063 uicus
1237 3051 1268 3054 ᾔ
1295 3036 1448 3069 montem,
1474 3041 1535 3061 om.
1562 3031 1647 3060 uude
1672 3034 1704 3060 et
1730 3041 1778 3070 aq.
1807 3030 1886 3060 Gab.

216 3090 250 3130 >²⁴)
271 3090 308 3121 C.
322 3091 504 3121 Hermann:
524 3100 583 3120 em.
604 3091 832 3128 sagacissime:
852 3091 987 3120 Paenula
1003 3091 1137 3121 solstitio.
1164 3090 1299 3120 Aestate
1317 3099 1364 3128 gr.
1385 3093 1485 3119 erant.
1503 3088 1654 3119 rziaalibus
1672 3089 1767 3118 czaris.
1787 3088 1933 3118 Solstitio

107 3146 247 3177 hiemali.
295 3147 438 3177 Hirschf.
465 3148 584 3178 uoluit:
612 3147 752 3176 Paenula
777 3147 918 3177 solstitio
943 3147 1064 3184 aestiuo,
1093 3151 1271 3185 campestre
1297 3156 1413 3184 graues
1440 3143 1486 3185 (?)
1514 3149 1608 3175 erant.

1952 919 1992 950 10

1956 1288 1995 1319 15
