2148 3412
845 134 893 166 IN
919 134 1064 168 EPIST.
1091 135 1117 173 1,
1146 139 1173 169 1,
1841 125 1923 165 373

95 256 337 306 consistunt,
381 271 406 296 a
438 255 590 310 quibus
626 256 718 296 uult
754 262 968 311 tamquam
1000 273 1024 298 a
1054 259 1268 314 magistris
1299 259 1440 300 doceri
1477 259 1694 314 populum,
1739 273 1791 299 ne
1822 259 1925 313 quid

94 329 226 385 pluris
256 343 381 382 quam
413 328 635 383 pecuniam
666 328 871 378 habeant3
902 346 1008 372 unus
1040 332 1151 372 enim
1183 332 1269 373 illic
1298 332 1427 374 Ianus
1459 332 1503 373 in
1536 347 1710 382 summo,
1743 332 1849 374 alius
1881 332 1924 373 in

95 404 178 445 imo
208 409 281 453 est,
314 417 417 457 quos
447 403 552 444 haec
583 403 745 444 inducit
775 418 957 445 monere.

205 477 269 518 55.
300 478 498 518 recinunt.
560 475 870 518 Adsentiuntur
901 485 941 518 et
972 478 1091 532 quasi
1123 480 1392 533 respondent.

206 551 270 590 62.
302 551 461 591 Roscia.
539 549 633 590 Lex
663 549 818 591 Roscia
850 558 924 601 est,
971 566 1053 605 qua
1085 559 1269 603 cauetur,
1315 561 1359 594 ut
1389 553 1593 608 proximis
1625 553 1678 594 ab
1710 554 1924 595 orchestra
1974 584 1979 592 .

94 622 244 664 XIIII.
276 623 481 679 gradibus
504 631 704 678 spectent,
737 624 890 678 quibus
922 639 1069 666 census
1101 632 1162 666 est
1191 625 1263 667 SS
1296 624 1470 668 CCCC.
1545 626 1595 667 In
1625 627 1704 668 1100
1737 643 1838 683 crgo
1869 628 1926 668 ait

92 711 429 752 unumquemque
476 697 683 748 laborare,
730 705 774 739 ut
803 697 985 753 amplius
1015 699 1316 753 patrimonium
1346 699 1512 750 habeat,
1550 707 1593 740 ut
1630 701 1673 740 in
1710 708 1926 755 quattuor-

91 770 224 812 decim
269 770 486 812 ordinibus
533 771 682 812 sedcns
730 771 905 827 propius
951 779 1111 827 spectet
1147 772 1290 828 Puppi
1329 780 1536 828 poemata.
1611 772 1772 815 Contra
1807 775 1926 829 pueri

92 844 183 886 lusu
215 850 383 886 cantare
415 845 565 886 solent:
612 844 705 886 Rex
735 845 826 895 erit,
874 845 948 900 qui
978 852 1090 887 recte
1120 846 1265 895 faciet3
1312 847 1383 901 qui
1414 862 1496 888 non
1533 847 1672 898 faciet,
1720 862 1805 889 non
1836 848 1927 888 erit.

95 916 233 971 Quam
263 918 431 960 neniam
462 919 679 961 meliorem
709 919 780 969 ait,
817 919 917 973 quia
947 934 1032 961 non
1063 919 1222 961 diuitiis
1254 920 1327 962 sed
1357 920 1583 962 uirtutibus
1614 921 1749 962 honor
1770 921 1927 962 habea-

92 999 169 1033 tur.
228 991 350 1034 Haec
380 992 447 1034 lex
477 992 632 1034 Roscia
680 992 893 1047 equitibus
925 993 1023 1034 data
1053 1001 1127 1043 est,
1174 1001 1223 1034 ut
1266 994 1309 1035 in
1356 994 1505 1049 primis
1536 993 1688 1035 XIIII.
1726 994 1930 1050 gradibus

97 1065 287 1108 sederent
318 1081 462 1108 eorum
493 1066 536 1116 ii,
569 1066 641 1121 qui
672 1066 743 1108 SS
776 1057 936 1108 CCCC
968 1066 1183 1108 haberent.

207 1140 271 1181 64.
305 1141 357 1182 Et
386 1141 564 1182 maribus
601 1141 746 1183 Curiis.
807 1142 945 1182 Mares
976 1156 1088 1182 nunc
1119 1156 1196 1196 pro
1227 1141 1466 1183 fortissimis
1497 1141 1649 1196 posuit.

207 1215 272 1254 74.
305 1215 536 1270 Respondit,
582 1215 777 1268 referam:
825 1215 918 1269 quia
948 1229 1008 1256 me
1039 1223 1136 1255 uest.
1172 1223 1265 1256 terr.
1339 1213 1412 1255 Ad
1444 1215 1659 1270 paradoxa
1692 1214 1930 1257 Stoicorum

97 1287 341 1329 descensum
373 1287 454 1329 sibi
484 1288 597 1338 facit,
630 1294 670 1328 et
700 1287 894 1337 ostendit,
928 1302 1038 1342 quae
1072 1287 1153 1329 sibi
1183 1287 1364 1343 populus
1396 1288 1607 1329 contraria
1636 1288 1773 1330 faciat.
1848 1289 1930 1330 Lu-

98 1362 245 1404 cz'lz'ana
276 1368 371 1403 sunt
401 1361 517 1402 haec.
596 1360 639 1401 A
669 1361 824 1403 fabella
857 1376 959 1417 ergo
990 1360 1180 1416 Aesopia
1210 1361 1352 1417 arguit
1383 1361 1492 1403 inter
1523 1376 1566 1403 se
1605 1362 1931 1419 repugnantiam

96 1434 326 1485 hominum,
359 1434 519 1485 dicens,
552 1435 720 1476 beluam
751 1435 979 1477 multorum
1012 1434 1198 1490 capitum
1229 1449 1331 1476 esse.

208 1510 273 1551 82.
308 1509 416 1550 [clem
447 1510 582 1551 eadem
606 1524 711 1565 poss
746 1509 828 1550 Ιιον.
861 1509 951 1550 dur.
1025 1507 1220 1563 Utraque
1257 1508 1361 1550 haec
1399 1524 1423 1549 a
1461 1508 1616 1550 Stoicis
1654 1509 1851 1550 dicuntur
1888 1509 1932 1550 in

97 1582 303 1624 insaniam
343 1582 481 1638 uulgi:
512 1582 697 1638 primum
718 1583 831 1638 quod
852 1583 961 1624 inter
982 1596 1025 1624 se
1047 1582 1292 1633 dissideant,
1325 1582 1477 1624 deinde
1499 1583 1611 1637 quod
1633 1598 1657 1624 a
1697 1583 1933 1638 semetipsis

98 1663 258 1698 mutant
288 1656 466 1698 subinde
497 1656 726 1712 proposita.

211 1732 276 1772 94.
310 1731 358 1772 Sz'
387 1739 555 1772 curatus
584 1732 710 1786 inaeq.
733 1738 831 1772 tons.
854 1746 938 1786 cap.
1000 1729 1098 1772 Hoc
1128 1730 1205 1771 ait:
1238 1730 1365 1780 rides,
1398 1745 1491 1772 cum
1524 1730 1566 1771 in
1597 1744 1663 1772 me
1693 1730 1813 1772 uides
1845 1731 1933 1772 cul-

99 1820 196 1861 pam
226 1811 296 1846 aut
325 1804 505 1846 tonsoris
537 1810 607 1845 ant
637 1803 837 1846 uestiarii.
901 1803 1010 1846 Cum
1041 1819 1121 1860 ego
1158 1804 1262 1845 mihi
1301 1804 1391 1859 ipse
1432 1804 1643 1846 contraria
1681 1804 1804 1855 facio,
1850 1820 1934 1846 non

100 1879 222 1921 rides.

213 1953 307 1994 101.
337 1953 525 1993 Insanz're
548 1960 674 2008 putas
704 1952 909 1993 sollenmz'a
941 1967 999 1994 me
1029 1966 1152 2008 neque
1182 1953 1301 1993 rides.
1381 1952 1597 1993 Insaniam
1628 1953 1757 2002 illam,
1805 1967 1933 2007 quam

103 2026 297 2076 sustineo,
343 2026 518 2067 credens
564 2025 767 2081 (credisP)
813 2026 916 2066 mihi
948 2025 1193 2068 sollemnem
1227 2024 1374 2083 [facio]
1407 2026 1520 2068 facto
1568 2032 1607 2067 et
1652 2026 1934 2068 necessariam
1984 2038 1998 2065 ἵ

103 2114 205 2151 esse,
237 2107 276 2142 et
306 2099 401 2142 ideo
432 2114 516 2142 non
547 2099 673 2141 rides.

217 2240 252 2279 2)
279 2239 568 2278 pecunimnMRAe
586 2239 689 2279 (quam
714 2239 898 2278 pecuniam)
925 2239 962 2269 G.
988 2239 1056 2268 rell.
1084 2238 1230 2277 pecunia.
1280 2239 1315 2277 3)
1342 2248 1412 2277 quos
1437 2238 1538 2277 <quod
1561 2240 1596 2278 v)
1616 2239 1667 2269 hic
1692 2240 1845 2277 Rea-asse
1864 2241 1934 2269 rell.

103 2297 189 2327 haec.
240 2298 274 2336 6)
299 2297 455 2326 tredecim
480 2296 528 2326 sh.
549 2296 617 2325 rell.
644 2296 747 2325 XIIII.
776 2297 1088 2334 quadringentorum
1115 2296 1337 2325 sestertiorum
1362 2296 1450 2325 vafh.
1502 2296 1536 2334 8)
1564 2295 1641 2334 pupi
1666 2297 1694 2325 2.
1721 2297 1790 2325 rell.
1818 2297 1933 2334 Puppi.

107 2354 160 2393 10)
184 2355 317 2383 meniam
334 2353 368 2382 M
387 2353 529 2392 (Hahn.:
557 2354 764 2382 sententiam.
792 2353 836 2388 Q:
864 2353 982 2382 neniam
1001 2353 1108 2390 codd.)
1135 2353 1265 2381 neniam
1279 2351 1368 2382 RQG.
1398 2354 1597 2382 sententiam
1621 2353 1710 2382 vafh.
1729 2371 1767 2373 ——-
1784 2354 1938 2382 habeatur

105 2408 308 2449 MR2(G?Q).
334 2411 488 2440 habentur
512 2420 543 2439 v.
575 2409 700 2439 habetur
724 2410 789 2440 afh.
856 2409 911 2447 12)
938 2410 1177 2447 quadringenta
1214 2410 1365 2439 sestertia
1400 2409 1487 2438 vafh.
1512 2418 1615 2450 eorum
1640 2409 1663 2438 ii
1686 2409 1748 2438 MR
1786 2410 1862 2447 (om.
1887 2410 1939 2448 qui

106 2470 137 2496 et
160 2467 308 2497 lacunam
333 2467 516 2505 relinquens
542 2467 737 2504 compendiis
758 2465 813 2496 ‘SS
836 2456 976 2504 OE‘O‘C).
1003 2466 1074 2495 rell.
1102 2476 1162 2495 om.
1190 2475 1292 2495 eorum
1317 2466 1359 2495 hii
1387 2467 1415 2494 ⁴2.
1451 2467 1601 2495 sestertia
1626 2476 1687 2496 om.
1716 2467 1744 2495 2.
1796 2466 1937 2518 13)Η1“01’-

81 2532 83 2534 ·
106 2523 236 2554 tissimis
259 2522 469 2561 MR2(G?Q).
495 2524 564 2553 rell.
591 2523 792 2553 fortissimos.
844 2523 900 2561 14)
929 2523 1083 2560 paradosa
1107 2533 1137 2551 v.
1189 2523 1244 2561 15)
1270 2522 1344 2552 facit
1368 2523 1433 2552 afh.
1488 2523 1542 2561 16)
1570 2522 1707 2551 Lucz'oena
1725 2523 1767 2552 M.
1795 2523 1938 2552 Luciana

106 2579 133 2609 R
158 2580 191 2619 (1
208 2591 248 2610 m.
275 2580 383 2619 corin).
431 2581 480 2610 De
505 2581 557 2610 his
583 2580 760 2610 Lucilianis
786 2584 871 2609 tacet
899 2579 1045 2609 Gerlach.
1073 2579 1169 2609 fabul.
1197 2579 1261 2608 afli.
1288 2579 1430 2617 Aesopia
1455 2579 1676 2617 MRA2G(Q).
1703 2579 1826 2617 Aesopi
1849 2580 1938 2608 vafh.

111 2636 165 2674 16)
191 2638 436 2675 repugnantiam
449 2636 644 2675 MRG,vafh.
672 2637 887 2675 repugnantia
901 2637 930 2665 2.
957 2637 1006 2666 De
1031 2637 1141 2666 fabula
1166 2637 1248 2666 conf.
1262 2637 1395 2665 Knoche
1411 2637 1521 2665 Babrii
1539 2636 1624 2665 sabb.
1653 2640 1683 2665 ct
1708 2635 1794 2664 fabb.
1821 2635 1937 2673 fragm.

109 2703 136 2731 p.
158 2694 230 2723 140.
248 2694 362 2732 fragm.
380 2694 417 2722 V.
437 2698 469 2723 et
487 2703 551 2731 cap.
570 2694 600 2722 II
620 2703 648 2731 p.
668 2694 726 2723 28:
755 2694 806 2722 ‘ex
825 2694 985 2723 communi
1011 2697 1119 2722 tamen
1145 2693 1324 2722 fabularum
1351 2694 1440 2723 fonte
1467 2697 1648 2730 utrumque,
1675 2692 1752 2721 Hor.
1780 2696 1810 2721 et
1830 2692 1938 2729 Babr.,

109 2749 263 2787 hausisse,
290 2751 480 2787 similitudo,
508 2760 588 2788 quac
615 2752 700 2780 inter
725 2751 892 2788 utriusque
918 2749 1045 2779 fabulas
1072 2750 1255 2787 intercedit,
1294 2750 1380 2779 credi
1408 2749 1518 2780 iubet.’
1570 2750 1624 2787 18)
1652 2758 1669 2777 a
1695 2748 1761 2778 Sto.
1790 2750 1940 2779 dicuntur

109 2806 179 2836 MR.
205 2808 273 2837 rell.
299 2808 451 2837 dicuntur
475 2817 492 2836 a
517 2807 584 2837 Sto.
610 2807 641 2836 in
666 2817 725 2836 0111.
751 2806 820 2836 vfh.
888 2805 942 2845 19)
968 2807 1145 2836 dessidiant
1170 2806 1230 2842 vQ.
1296 2807 1353 2845 20)
1380 2805 1507 2835 mittant
1534 2806 1561 2834 2.
1589 2804 1632 2842 (u.
1664 2806 1724 2834 100
1751 2809 1859 2835 mutiat
1884 2806 1938 2844 E).

112 2862 168 2901 21)
195 2862 247 2893 Sic
271 2867 398 2893 curatus
423 2863 499 2893 MG.
551 2864 607 2902 22)
635 2864 714 2893 mihi
742 2863 802 2901 ipsi
818 2863 853 2892 R.
904 2864 961 2901 24)
989 2863 1149 2893 sollemnia
1166 2863 1210 2899 M,
1237 2867 1271 2893 ut
1296 2866 1376 2892 uctt.
1403 2863 1493 2892 codd.
1525 2862 1648 2899 lapides
1668 2865 1700 2891 et
1718 2863 1833 2902 papyri
1859 2862 1939 2891 Her-

112 2919 212 2949 culan.
238 2920 272 2950 P.
297 2920 338 2950 II.
357 2921 415 2950 col.
433 2920 519 2949 VIII.
546 2920 608 2949 Fea
627 2930 656 2958 p.
675 2920 793 2949 XXIII.
820 2924 851 2949 et
877 2921 917 2949 ad
943 2920 996 2957 IV,
1019 2922 1069 2957 11,
1092 2922 1141 2950 17.
1168 2920 1318 2958 Wagner.
1339 2930 1367 2957 p.
1387 2920 1463 2948 473.
1492 2919 1565 2948 uide
1591 2918 1675 2948 infra
1700 2919 1737 2947 E.
1757 2918 1780 2955 I,
1810 2919 1859 2953 18,
1887 2920 1939 2948 49.

112 2974 152 3013 11,
172 2977 198 3005 1.
219 2977 290 3006 103.
316 2976 470 3007 solemnia
486 2987 537 3006 va.
557 2977 700 3006 solennia
715 2977 760 3005 fh.
780 2986 830 3005 me
848 2978 880 3006 111
907 2977 978 3006 lem.
997 2988 1056 3007 om.
1075 2977 1150 3006 MG.
1181 2976 1332 3006 Notabile
1359 2980 1407 3005 est
1438 2976 1536 3005 schol.
1555 2975 1626 3018 Βφι
1651 2975 1826 3014 sollempnia
1852 2976 1940 3014 (sic).

113 3031 198 3062 illam
224 3033 384 3063 insaniam
410 3033 530 3064 sollene
555 3034 632 3073 (sic)
661 3034 722 3063 sibi
748 3033 826 3062 facit
853 3033 872 3062 i.
898 3034 1106 3072 frequentem.
1141 3032 1360 3064 SOLEMNIS
1387 3033 1463 3071 (sic)
1489 3041 1506 3060 a
1531 3032 1618 3061 soleo.
1643 3032 1725 3061 soles.
1766 3033 1940 3061 secundum

113 3087 278 3119 Isidorum.
305 3090 549 3121 SOLLEMNIS
576 3090 654 3128 (sic)
682 3091 720 3119 ab
748 3100 783 3119 eo
809 3091 892 3128 quod
918 3094 965 3120 est
987 3091 1104 3120 sollum.
1144 3091 1175 3119 id
1202 3094 1252 3119 est
1278 3093 1365 3119 totum
1392 3090 1424 3118 in
1450 3089 1561 3126 lingua
1586 3089 1753 3119 oschorum
1780 3089 1940 3127 (oscorum

114 3144 138 3174 l.
157 3147 331 3177 uolscorum
350 3148 401 3187 F).
453 3148 510 3186 24)
530 3148 617 3177 illam
636 3157 695 3177 0111.
715 3147 778 3176 afh.
798 3148 856 3177 illa
869 3158 898 3177 v.
918 3147 1000 3177 facio
1019 3157 1078 3177 0111.
1098 3147 1162 3176 ath.
1182 3147 1325 3176 crederes
1344 3147 1423 3175 mihi
1438 3147 1574 3175 solemne
1588 3147 1670 3176 facio
1684 3146 1721 3175 R.
1741 3147 1831 3184 posui
1850 3145 1939 3175 facto.
