2148 3412
811 120 858 152 IN
886 120 1032 154 EPIST.
1058 122 1083 160 1,
1114 125 1163 154 17.
1811 112 1894 153 465

68 243 157 286 eius
186 242 405 284 deuinctus
435 249 509 284 est.
569 241 657 296 Qui
687 258 781 286 cum
812 258 914 299 prae
945 259 988 287 se
1018 246 1157 297 ferret,
1190 246 1303 300 quod
1333 259 1417 287 non
1437 252 1545 288 esset
1567 253 1715 302 captus
1735 252 1780 287 ut
1801 260 1894 288 cae—

67 316 159 366 teri,
191 315 389 370 quoniam
420 315 579 358 dictum
610 323 684 367 est,
717 318 829 372 quod
859 319 1122 361 meretricem
1154 318 1380 370 habuisset,
1413 319 1483 361 ille
1514 320 1753 375 respondit:
1800 318 1894 361 Ha-

69 388 152 439 bui,
177 388 289 445 [sed]
321 403 405 430 non
436 388 605 431 habeor.
665 389 906 432 ALITER.
969 391 1039 434 Sic
1069 406 1146 446 per
1176 392 1435 447 allegoriam,
1472 393 1679 435 amicitias
1710 400 1780 435 aut
1810 408 1893 435 non

67 462 281 504 adeundas
311 468 382 504 aut
410 463 695 517 perferendas,
741 470 786 504 ut
816 464 886 506 sit:
934 479 1017 506 non
1048 464 1182 506 cuiuis
1211 465 1371 507 homini
1418 466 1637 522 contingit,
1684 466 1894 508 amicitiae

66 550 273 577 summum
304 535 460 578 bonum
492 536 611 577 tueri.
681 535 807 589 Quod
840 552 934 579 cum
967 537 1214 593 inpossibile
1245 539 1310 588 sit,
1358 539 1507 581 melius
1552 548 1625 590 est,
1672 554 1762 581 eam
1808 555 1893 581 non

66 606 186 650 adiri.

175 682 241 724 37.
274 682 395 733 Sedit,
428 684 655 740 quz‘tz'muz't.
714 682 947 734 Remansit,
980 685 1170 727 cessauit.
1230 685 1322 727 Iam
1352 686 1550 740 loquitur,
1582 686 1696 740 quod
1717 686 1797 728 sibi
1818 701 1892 728 uo-

63 755 140 797 luit
167 755 212 797 in
241 755 323 797 fine
354 757 615 812 responderi,
647 757 765 799 illum
796 772 886 800 esse
916 757 1123 809 timidum,
1171 759 1242 814 qui
1263 759 1448 801 officium
1477 759 1626 815 fugiat,
1658 760 1778 815 quasi
1808 761 1892 802 for-

63 828 143 871 tius
186 843 291 871 onus
335 829 497 872 uiribus
534 831 597 872 sui
635 831 836 886 corporis,
882 832 961 873 hoc
992 831 1111 873 illum
1154 832 1318 882 fortem,
1364 833 1436 887 qui
1480 833 1677 888 perferat,
1725 848 1773 875 ac
1818 848 1894 888 per

61 901 139 945 hoo
168 902 280 944 hunc
307 901 578 953 laudandum,
609 903 729 945 illum
757 904 1095 959 uituperandum.

173 976 239 1018 38.
276 977 399 1027 Quid,
431 979 501 1033 qm?
522 980 705 1033 peruenit
734 979 808 1032 sec.
843 979 918 1020 ztir.
999 978 1133 1031 Quasi
1169 981 1496 1036 tergiuersantes
1536 981 1579 1022 in
1620 980 1891 1036 responsione

61 1055 182 1105 urget
213 1049 267 1090 ad
297 1049 652 1106 respondendum.

172 1123 238 1164 39.
271 1138 372 1165 onus
403 1124 550 1166 horret.
609 1123 706 1166 Hoc
737 1131 819 1166 est:
852 1125 1055 1179 patientia
1087 1126 1356 1182 (patienda‘P)
1389 1128 1517 1169 timet.

171 1197 239 1238 41.
272 1197 348 1239 Hic
378 1198 493 1239 subit.
551 1197 603 1238 Id
634 1204 708 1248 est,
741 1198 847 1240 alter
876 1199 1007 1241 fortis.

172 1271 239 1311 42.
272 1273 480 1328 experiens
511 1273 589 1313 uir.
650 1271 794 1327 Ipsam
825 1272 1035 1322 uirtutem,
1067 1272 1265 1328 probans,
1298 1273 1400 1328 quid
1431 1274 1483 1315 sit
1512 1273 1658 1315 uirtus.

171 1345 238 1385 43.
276 1344 418 1386 Coram
448 1360 539 1400 νᾶφε
570 1360 643 1387 suo
666 1346 712 1387 de
725 1360 853 1402 paup.
875 1354 1059 1389 tacentes.
1119 1346 1243 1389 Adeo
1274 1354 1438 1403 gratam
1471 1362 1560 1389 esse
1591 1346 1891 1389 uerecundiam

61 1417 130 1469 ait,
176 1424 222 1459 ut
251 1432 377 1474 saepe
407 1417 502 1473 plus
533 1419 773 1473 percipiant
802 1419 863 1460 nil
902 1426 1091 1475 petentes
1130 1434 1255 1475 quam
1292 1420 1543 1476 flagitantes.
1621 1419 1891 1462 Conueniens

59 1491 174 1534 locus
204 1491 432 1548 principi03
465 1501 743 1547 proposuerat
774 1492 886 1534 enim
917 1493 1081 1544 docere,
1114 1493 1324 1548 quomodo
1356 1509 1452 1536 cum
1482 1494 1714 1537 maioribus
1743 1494 1890 1537 uiuen-

60 1565 159 1608 dum
190 1572 309 1608 esset.

170 1641 238 1680 44.
267 1639 478 1696 pudenter.
538 1637 803 1681 Verecunde.

171 1714 238 1755 45.
270 1715 334 1758 An
364 1714 511 1769 rapias.
569 1711 861 1754 Inuerecunde
891 1713 1095 1769 rogando.

171 1787 233 1829 hz'c
262 1787 367 1841 sons.
429 1785 490 1828 Ut
521 1786 642 1837 scias,
677 1786 1031 1841 quemadmodum
1061 1794 1192 1843 petas.

171 1861 238 1902 46.
272 1860 455 1902 Indotata
485 1860 584 1902 mihi
609 1875 726 1902 soror
755 1869 822 1902 est.
897 1859 1044 1902 Verba
1073 1860 1330 1916 inpudentis,
1376 1860 1447 1916 qui
1478 1860 1647 1915 oblique
1679 1868 1806 1916 petat,
1852 1869 1891 1902 et

60 1948 136 1990 per
164 1933 276 1976 hunc
305 1934 493 1976 imitatur
523 1948 607 1984 eos,
640 1934 713 1989 qui
742 1940 889 1989 petunt
918 1933 1106 1989 figurate.

173 2007 259 2065 [48.
290 2009 461 2050 succinit
490 2008 606 2050 alter.
686 2006 954 2050 Cantilenam
1000 2007 1290 2049 mendicorum
1335 2006 1509 2061 pulchre
1555 2007 1772 2062 expressit,
1819 2007 1890 2063 qui

61 2081 279 2124 succinunt
309 2081 390 2124 sibi
420 2080 636 2138 inuicem]

171 2156 238 2197 49.
272 2156 438 2203 diuz'duo
480 2155 668 2211 findetur.
743 2153 983 2196 Dimidium
1028 2153 1222 2209 accipiet,
1268 2153 1367 2195 dum
1411 2153 1665 2209 inpudenter
1709 2155 1888 2208 petendo

60 2228 184 2271 etiam
215 2216 344 2271 alium
374 2228 428 2270 ad
459 2228 636 2270 eandem
666 2227 912 2284 petitionem
942 2227 1146 2269 accendit.

61 2388 93 2409 eo
117 2380 259 2419 perlatus
285 2383 334 2410 est
359 2384 391 2411 et
415 2388 492 2410 usus
518 2378 618 2409 Laide
644 2377 680 2409 C.
707 2378 782 2408 inde
807 2378 848 2414 Q:
888 2377 986 2416 perd.
1014 2386 1091 2407 usus
1129 2383 1178 2407 est
1212 2376 1336 2407 Laide)
1363 2377 1451 2416 perd.
1478 2381 1529 2407 est
1553 2376 1655 2406 laide:
1696 2385 1758 2406 non
1783 2384 1889 2406 amors

62 2437 130 2467 eius
155 2438 323 2468 deuinctus
350 2440 398 2467 est
414 2447 453 2467 vc
471 2436 615 2476 (Laide).
634 2436 721 2475 perd.
740 2436 782 2466 ad
798 2435 931 2465 Laidem
948 2434 1025 2465 miro
1042 2443 1148 2465 amore
1166 2435 1234 2465 eius
1253 2435 1424 2465 deuinctus
1444 2438 1492 2465 est
1510 2443 1538 2464 a.

199 2494 231 2534 1)
258 2493 401 2525 deuictus
426 2495 457 2524 b.
482 2511 525 2514 —
551 2503 621 2523 cum
645 2502 705 2523 om.
731 2502 758 2534 γ.
785 2493 838 2531 qui
865 2502 935 2522 cum
959 2501 1027 2531 sepe
1044 2492 1205 2531 perferret
1229 2493 1264 2522 b:
1292 2493 1346 2531 qui
1372 2501 1443 2521 cum
1467 2500 1544 2530 prae
1568 2499 1602 2520 se
1626 2493 1722 2519 suerec
1746 2499 1776 2518 v.
1803 2498 1889 2519 cum-

62 2559 118 2589 que
142 2549 178 2580 C.
230 2551 264 2590 2)
289 2551 443 2590 quoniam
466 2549 556 2586 vth
581 2559 641 2580 om.
666 2550 716 2592 γΙ).
741 2559 806 2579 cum
831 2559 876 2579 ca.
902 2549 984 2579 conf.
1012 2549 1052 2579 C:
1078 2549 1162 2588 quod
1187 2558 1294 2579 amore
1319 2549 1431 2578 Laidis
1455 2557 1516 2579 non
1540 2551 1699 2586 caperetur
1723 2550 1758 2576 ut
1783 2546 1891 2578 ceteri.

62 2607 144 2647 eique
166 2607 344 2639 obiiceretm'
369 2609 453 2647 quod
478 2611 538 2638 etc.
564 2607 617 2651 Βφ
642 2607 726 2637 nihil
750 2607 872 2637 habent
896 2608 977 2637 nisi:
1008 2607 1050 2636 acl
1072 2605 1267 2637 chorinthum.
1294 2610 1330 2636 ut
1348 2605 1480 2635 diuitias
1505 2607 1689 2643 congreget.
1715 2604 1734 2632 b
1759 2603 1891 2641 insuper

62 2664 174 2695 habet:
203 2665 283 2695 ‘Non
307 2665 436 2695 cuiuis.
462 2674 612 2704 graecum
637 2664 840 2702 prouerbium
876 2667 1008 2702 propter
1043 2664 1172 2693 laudem
1208 2661 1371 2694 corinthifi
1408 2662 1497 2701 (sic).
1533 2661 1730 2699 Dictumque
1765 2663 1891 2690 noctem

62 2721 188 2752 talenta
210 2723 385 2760 uendebat‚
411 2722 465 2752 ubi
490 2731 583 2752 nemo
609 2722 648 2751 ab
675 2730 782 2751 amore
807 2722 876 2751 eius
900 2721 1016 2751 imunis
1034 2730 1102 2751 esse
1120 2721 1272 2760 poterat.’
1321 2720 1356 2761 3)
1382 2720 1437 2749 sed
1464 2728 1524 2749 om.
1542 2719 1591 2760 γὶ).
1619 2718 1674 2747 sed
1692 2717 1801 2754 habui,
1827 2726 1891 2747 non

63 2777 154 2808 habeo
177 2788 244 2810 vca.
270 2797 313 2801 —
337 2779 446 2817 habui,
483 2778 599 2818 inquit,
636 2777 690 2808 sed
712 2787 775 2808 non
800 2778 921 2808 habeor
946 2776 970 2807 C
998 2777 1040 2816 (Q
1066 2788 1126 2808 om.
1153 2778 1287 2817 inquit).
1313 2778 1345 2807 a}
1368 2778 1416 2819 γὸ.
1441 2776 1511 2805 rell.
1539 2785 1599 2805 om.
1664 2774 1698 2813 7)
1724 2774 1890 2804 Remansit

63 2852 104 2857 —
128 2838 231 2875 uitup.
256 2846 282 2878 γ.
308 2837 378 2866 rell.
405 2846 464 2866 om.
516 2835 572 2875 11)
601 2835 1031 2873 Quasi—respondendum
1055 2845 1082 2877 γ.
1108 2835 1176 2865 rell.
1204 2844 1264 2865 om.
1319 2833 1373 2872 13)
1400 2833 1470 2863 Hoc
1496 2849 1536 2853 ——
1562 2833 1655 2862 timet
1679 2832 1718 2873 γ1)
1745 2831 1823 2871 (om.
1850 2831 1891 2861 ti-

63 2892 155 2933 met).
180 2894 252 2924 rell.
271 2902 332 2923 om.
385 2893 439 2932 14)
467 2894 488 2922 i.
515 2893 598 2922 alter
623 2892 664 2922 fo.
690 2901 716 2934 γ.
733 2892 802 2922 rell.
823 2901 883 2922 om.
934 2891 989 2931 15)
1016 2892 1123 2931 Ipsam
1146 2892 1223 2921 uirt.
1250 2900 1276 2933 γ.
1295 2891 1365 2920 rell.
1386 2900 1445 2920 om.
1472 2890 1561 2928 prob.
1579 2907 1617 2910 -
1634 2889 1739 2919 uirtus
1754 2889 1803 2931 Tb.
1821 2888 1891 2918 rell.

64 2958 120 2979 om.
183 2950 240 2989 16)
265 2958 334 2980 esse
357 2959 385 2991 γ.
413 2949 480 2979 rell.
507 2959 567 2979 oni.
634 2948 689 2987 17)
717 2948 763 2978 nil
787 2949 837 2990 Tb.
861 2949 932 2978 rell.
956 2949 1050 2978 nihil.
1077 2948 1231 2987 percipiat
1253 2951 1388 2977 tacentes.
1414 2947 1462 2976 nil
1487 2956 1507 2985 p
1533 2950 1573 2976 et.
1600 2947 1631 2976 b.
1696 2945 1753 2985 20)
1779 2946 1889 2976 Veree.

0 3027 1 3042 3
63 3005 110 3047 “gb-
127 3007 196 3036 rell.
214 3016 276 3036 om.
326 3007 382 3047 21)
407 3007 474 3037 Inu.
500 3016 568 3045 rog.
594 3015 621 3047 γ.
639 3006 709 3035 rell.
729 3015 787 3034 om.
836 3003 894 3044 22)
919 3008 955 3035 ut
980 3006 1063 3035 scias
1091 3005 1189 3044 (sciat
1206 3005 1242 3045 b)
1268 3015 1298 3043 q.
1326 3008 1416 3042 petas
1441 3003 1489 3045 rb.
1506 3003 1574 3033 rell.
1593 3013 1653 3033 oni.
1703 3001 1760 3043 23)
1784 3003 1891 3033 Verba

64 3078 106 3083 —
130 3063 268 3102 figurate
291 3064 340 3105 γΙ).
366 3063 436 3093 rell.
462 3073 523 3094 om.
549 3079 593 3084 -
618 3062 750 3100 oblique
774 3062 805 3091 b.
837 3063 919 3092 conf.
945 3061 984 3092 C:
1013 3062 1112 3092 ‘Haec
1137 3063 1235 3092 uerba
1262 3065 1337 3091 sunt
1362 3062 1449 3099 imp.‚
1487 3064 1519 3090 et
1545 3061 1707 3098 expressit
1732 3069 1796 3097 eos,
1835 3061 1889 3099 qui

66 3118 201 3157 figurate
225 3121 364 3158 petunt!
413 3120 470 3159 25)
496 3118 698 3150 Cantilenam
724 3136 764 3140 —-
790 3119 930 3150 inuicem
955 3128 1015 3150 om.
1034 3129 1060 3161 γ.
1111 3118 1168 3158 27)
1193 3118 1426 3149 Dimidium—
1444 3117 1589 3147 accendit
1615 3116 1704 3158 ]·b‚C.
1732 3118 1802 3147 rell.
1828 3127 1888 3148 om.

196 3185 354 3211 HAUTHAL,
371 3185 438 3206 ACR.
455 3185 494 3206 ΕΤ
510 3185 623 3206 PORPH.
640 3184 669 3205 11.
1584 3188 1617 3213 30

1942 549 1960 579 5

1920 915 1960 947 10

1920 1278 1958 1309 15

1916 1646 1958 1677 20

1899 1998 1957 2042 '25
