2148 3412
833 117 879 148 m
906 117 1012 148 ΛΒΤ.
1038 116 1171 149 Pom.
1839 107 1918 149 631

198 239 293 281 337.
319 240 442 295 pleno
474 239 521 280 de
546 247 719 295 pec-tore.
766 239 816 280 Id
847 246 920 288 est,
952 240 1204 281 fastidiente.
1246 239 1303 281 Et
1325 248 1385 283 est
1408 255 1578 284 sensus:
1610 241 1765 284 Pectus
1795 243 1921 291 enim,

91 311 204 367 quod
235 312 317 353 iam
350 312 526 354 ueritate
558 312 752 354 satiatum
785 320 825 355 et
855 313 1025 367 plenum
1058 320 1132 365 est,
1167 314 1254 371 [ea]
1290 330 1397 370 quae
1432 330 1694 371 superuacua
1728 317 1921 367 audierit,

81 400 165 427 non
197 385 360 427 retinet.
421 395 573 428 manat.
632 386 683 427 Id
714 394 787 437 est,
820 386 980 428 Effluit.

197 457 311 516 [338.
348 461 456 509 Ficta
487 460 709 516 uoluptatis*
742 476 880 502 causa.
942 459 1066 513 Quae
1096 462 1220 518 fingit
1249 470 1374 518 poeta
1405 464 1634 521 uoluptatis
1666 479 1806 516 causa,
1837 479 1918 507 ue-

82 532 277 575 risimilia
306 531 462 574 debent
491 537 613 585 esse]

198 606 313 662 [339.
342 607 403 649 Ne
433 608 839 663 quodeumqueuolel.
884 607 1028 650 Ordo:
1061 609 1359 665 quodcumque
1390 611 1493 653 uelit
1524 611 1605 654 sibi
1627 613 1755 662 credi,
1777 612 1921 655 fabula

81 688 239 736 poscat.
299 681 472 733 Fabula,
503 681 547 722 id
579 688 652 732 est,
686 682 905 724 comoedia
916 698 925 732 3
959 690 1030 724 aut
1049 683 1206 738 fabula,
1239 684 1282 725 id
1314 692 1388 736 est,
1422 689 1646 741 poemata]

194 755 290 796 340.
321 755 411 798 Neu
435 770 614 811 pransae
646 756 822 797 Lamiae.
869 755 920 796 Id
951 764 1032 798 est:
1064 755 1130 798 Ne
1159 758 1291 815 fingat
1323 759 1406 800 tale
1438 767 1734 815 argumentum
1764 760 1920 809 fabula,

82 828 196 883 quod
228 828 498 870 deuorauerit
527 828 681 870 Lamia
712 844 903 884 puerum,
944 830 1016 885 qui
1053 831 1105 872 de
1135 838 1253 873 utero
1284 832 1375 874 eius
1406 839 1552 887 postea
1581 833 1704 875 uiuus
1735 834 1922 889 prolatus

81 909 153 945 est.
213 902 302 945 Neu
334 902 525 944 extrahat
554 903 662 945 aluo.
722 902 772 944 Id
803 910 877 952 est,
911 903 1133 957 [detrahat,
1166 905 1340 962 eximat]
1374 921 1458 948 non
1489 906 1637 948 eximat
1667 914 1707 949 et
1728 907 1920 949 detrahat

80 976 174 1032 ipsa
202 975 358 1018 fabula.

195 1051 290 1092 341.
326 1051 537 1093 Centurz'ae
568 1053 775 1094 seniorum
806 1054 962 1107 aqitant
993 1054 1171 1109 expertia
1199 1055 1343 1109 sruqv's.
1384 1054 1436 1095 Id
1466 1062 1546 1097 est:
1581 1055 1714 1098 Senes
1735 1055 1918 1098 Romani

78 1139 162 1167 non
181 1123 365 1180 probant
384 1131 592 1180 poemata,
625 1140 731 1180 quae
752 1125 864 1167 leuia
885 1132 997 1174 sunt3
1031 1126 1319 1169 adulescentes
1352 1128 1504 1186 [enim]
1538 1144 1622 1171 11011
1653 1129 1916 1172 delectantur

81 1198 271 1241 austeris.
312 1197 429 1251 Quid
463 1202 599 1254 [ergo]
633 1199 744 1240 enim
775 1199 1017 1241 faciendum
1048 1207 1123 1250 est,
1155 1216 1179 1242 0
1210 1202 1386 1256 poetae?
1424 1201 1584 1244 Poema
1614 1203 1739 1245 debet
1761 1211 1920 1260 tempe-

81 1273 178 1322 rari,
211 1280 251 1315 et.
281 1280 326 1314 ut
358 1272 422 1329 [ut
443 1276 499 1325 et]
533 1272 741 1328 uoluptati
772 1272 929 1315 seruiat
958 1273 1184 1324 iuniorum,
1217 1281 1257 1315 et
1287 1275 1501 1316 seueritati
1533 1276 1763 1318 satisfaciat
1783 1277 1922 1319 senio-

80 1362 186 1389 rum.
247 1349 399 1403 aqz'tant
428 1348 612 1403 expertia
643 1347 788 1402 sruqis.
836 1346 887 1387 Id
919 1353 1002 1388 est:
1034 1346 1330 1396 Persecuntur‚
1363 1363 1471 1403 quae
1501 1349 1723 1391 utilitatem
1753 1350 1922 1392 habent.

80 1421 278 1478 Eoepertz'a
308 1422 455 1476 fraqz's,
486 1420 531 1461 id
561 1426 635 1468 est,
666 1419 846 1469 inutilia,
877 1420 1030 1471 aliena,
1062 1421 1302 1463 maturitate
1334 1422 1534 1472 carentia,
1564 1422 1609 1464 id
1630 1430 1704 1473 est,
1735 1423 1923 1466 bonitate

81 1502 120 1537 et
150 1494 405 1537 austeritate.

196 1569 291 1610 341.
328 1569 539 1611 Centurz'ae
570 1570 783 1610 seniorum.
846 1566 1093 1610 Conuentus
1122 1568 1427 1612 Romanorum.

193 1643 289 1684 342.
325 1642 426 1684 Celsi
456 1650 716 1698 praetereunt
752 1651 916 1684 austera
953 1651 1142 1698 poemata
1174 1643 1362 1685 Ramnes.
1422 1643 1473 1684 Id
1505 1650 1586 1686 est:
1625 1644 1724 1686 elati
1754 1644 1921 1687 adules-

81 1723 221 1759 centes
252 1722 456 1772 spernunt
485 1730 648 1771 aspera.
714 1716 896 1757 Ramnes.
963 1715 1128 1757 Nomen
1175 1717 1400 1759 centuriae.
1461 1717 1554 1759 Hos
1585 1718 1770 1761 iuniores
1800 1718 1923 1760 intel-

82 1790 293 1846 legamus3
326 1797 444 1831 erant
474 1790 587 1831 enim
618 1789 691 1830 alii
722 1789 920 1831 seniores.
982 1788 1141 1831 Sensus
1173 1797 1260 1832 est:
1306 1789 1439 1833 Senes
1479 1792 1692 1847 grauitate
1725 1792 1924 1834 carminis

80 1872 121 1906 et
158 1864 355 1906 dictionis
393 1863 580 1919 pondere
621 1863 901 1913 delectantur,
949 1863 1122 1905 iuuenes
1163 1871 1329 1906 austera
1379 1872 1417 1905 et
1457 1865 1607 1921 grauia
1648 1881 1732 1908 non
1771 1873 1924 1907 amant.

81 1937 281 1988 Ramnes,
312 1937 516 1988 Luceres,
547 1936 768 1978 Tatienses
798 1936 1016 1978 Romanae
1046 1936 1180 1979 tribus
1212 1944 1344 1987 erant,
1375 1937 1458 1989 uel,
1489 1946 1535 1979 ut
1564 1939 1717 1990 uerius,
1749 1939 1923 1994 equites.

84 2011 186 2065 [Per
216 2012 391 2055 Ramnes
422 2011 610 2054 iuniores
641 2010 958 2067 intellegamus3
992 2018 1110 2052 erant
1142 2011 1254 2052 enim
1286 2011 1358 2053 alii
1388 2012 1607 2070 seniores]

221 2227 256 2266 2)
282 2225 421 2256 ueritate
446 2226 495 2267 γΝ
521 2224 618 2262 Med„
644 2234 674 2254 v.
701 2225 771 2254 rell.
811 2224 977 2254 uarietate.
1003 2242 1045 2245 —
1072 2233 1108 2254 ea
1133 2234 1194 2254 om.
1219 2233 1245 2266 γ.
1271 2242 1312 2245 -—
1340 2225 1500 2255 audiuerit
1525 2235 1550 2255 r.
1577 2225 1613 2254 Id
1640 2229 1688 2255 est
1712 2234 1739 2267 γ.
1766 2225 1835 2255 rell.
1862 2235 1924 2256 om.

86 2284 121 2324 3)
147 2283 226 2314 Post
250 2292 279 2312 u.
307 2281 402 2320 effluit
424 2291 441 2324 γ
466 2282 563 2311 habet
602 2282 676 2311 illa:
714 2281 758 2310 Et
797 2286 845 2310 est
882 2291 993 2311 sensus
1019 2299 1060 2302 —
1087 2281 1218 2311 retinet.
1283 2281 1319 2320 4)
1345 2281 1435 2310 Ficta
1460 2299 1501 2302 k
1529 2291 1598 2311 esse
1623 2291 1685 2313 om.
1713 2291 1740 2324 γ,
1767 2282 1851 2312 conf.
1879 2281 1923 2311 C:

84 2340 178 2371 ficta.
205 2340 237 2369 id
264 2343 312 2369 est
338 2348 375 2368 ea
400 2348 481 2378 quae
507 2339 643 2369 finxeris
668 2338 868 2368 delectationis
894 2347 999 2374 causa,
1039 2338 1084 2367 ita
1110 2339 1196 2376 finge
1221 2342 1257 2367 ut
1280 2346 1342 2368 non
1368 2339 1505 2368 multum
1530 2339 1682 2368 recedant
1707 2339 1925 2369 similitudine

83 2398 174 2427 ueri!
200 2396 284 2427 conf.
310 2395 380 2439 Bnp:
408 2396 480 2426 ‘hoc
504 2399 554 2425 est
580 2404 617 2425 ea
642 2405 671 2433 q.
709 2396 730 2424 f.
769 2404 865 2425 causa
901 2395 1016 2424 delect.
1043 2413 1080 2416 —
1111 2394 1188 2432 (om.
1225 2393 1378 2429 multum)
1407 2412 1445 2415 >⁴
1472 2395 1550 2424 ueri.
1578 2396 1597 2424 i.
1625 2404 1665 2424 ne
1703 2396 1808 2424 omnia
1845 2404 1925 2434 quae

82 2454 192 2484 fabula
215 2454 398 2484 narrauerit
423 2453 595 2482 credantur
620 2461 689 2481 esse
714 2453 810 2481 uera.'
873 2453 907 2490 6)
934 2452 982 2481 Νο
1002 2469 1041 2472 »-
1060 2455 1210 2490 poemata
1234 2461 1295 2481 om.
1322 2461 1347 2491 γ.
1413 2451 1468 2489 10)
1494 2451 1644 2481 ewa-altat.
1671 2451 1703 2481 id
1728 2456 1787 2487 est,
1815 2452 1925 2489 expri-

82 2515 148 2541 mat
184 2509 326 2546 G‚vcaQ.
365 2510 397 2539 id
434 2514 483 2539 est
518 2519 576 2538 non
612 2509 736 2538 eximat
774 2508 811 2538 N.
839 2508 872 2538 id
899 2513 960 2546 est,
987 2508 1150 2545 detrahat,
1177 2509 1302 2538 eximat
1327 2507 1371 2537 fh.
1397 2507 1539 2537 emtrahat
1561 2508 1640 2537 aluo.
1671 2509 1690 2538 i.
1716 2517 1775 2537 non
1800 2509 1925 2537 eximat

85 2572 117 2598 et
142 2567 291 2598 detrahat
318 2567 388 2604 ipsa
426 2565 536 2596 fabula
562 2565 622 2604 (z
647 2566 676 2605 r)
704 2566 782 2595 item
810 2565 869 2604 (ἰ
889 2564 932 2603 G)
969 2565 1107 2604 expertia
1120 2565 1229 2604 finyis
1254 2564 1300 2602 (u.
1327 2565 1385 2603 41)
1412 2565 1433 2594 i.
1461 2565 1592 2594 inutilia
1618 2582 1656 2585 -
1684 2565 1874 2594 austeritate
1898 2573 1925 2606 γ.

85 2623 243 2655 Lemmati
279 2623 393 2652 addidi
419 2623 498 2652 Neu.
566 2621 621 2660 13)
648 2623 732 2652 enim
758 2632 784 2663 γ.
823 2622 890 2652 rell.
928 2632 990 2652 om.
1059 2622 1114 2660 14)
1140 2621 1217 2651 enim
1242 2631 1297 2660 pro
1322 2630 1391 2661 erqo
1415 2631 1475 2662 γ,ν.
1513 2631 1530 2650 0
1555 2622 1689 2659 interpo.
1716 2631 1743 2663 γ.
1770 2621 1837 2650 rell.
1863 2630 1924 2651 om.

85 2681 271 2711 faciundum
296 2690 320 2709 r.
348 2698 389 2700 —
416 2688 528 2717 poema
553 2678 728 2717 temperari
750 2688 776 2720 γ.
806 2688 918 2717 poema
957 2679 1119 2717 (poemata
1147 2679 1178 2718 c)
1214 2682 1395 2716 temperare
1419 2687 1433 2707 r
1466 2677 1532 2717 (po.
1560 2677 1642 2707 debet
1666 2681 1764 2716 temp.
1801 2676 1925 2715 vcafh).

84 2738 164 2767 haec
190 2747 248 2767 om.
275 2736 310 2766 C.
337 2734 573 2774 temperandum
601 2734 639 2770 Q.
665 2740 697 2764 et
722 2739 757 2764 ut
782 2744 808 2776 γ.
836 2735 904 2764 rell.
935 2740 967 2764 ut
994 2739 1035 2765 et.
1099 2734 1155 2773 16)
1175 2738 1380 2773 persecuntur
1397 2744 1424 2775 γ.
1451 2734 1546 2768 Med..
1575 2733 1716 2772 rv(GQ).
1770 2735 1824 2772 19)
1845 2732 1925 2763 Cent.

84 2803 147 2824 sen.
176 2793 365 2824 conuentus
390 2802 466 2822 rom.
500 2801 527 2832 γ.
554 2791 623 2821 rell.
649 2801 709 2821 0111.
760 2791 819 2830 20)
844 2792 976 2821 Ramnes
1004 2792 1141 2822 adiunxi
1178 2792 1334 2821 lemmati.
1362 2792 1381 2821 i.
1410 2791 1485 2820 elati
1513 2809 1547 2811 v
1578 2799 1688 2828 aspera
1712 2800 1738 2832 γ.
1766 2790 1837 2819 rell.
1864 2799 1925 2819 om.

87 2849 146 2890 21)
171 2851 302 2880 Ramnes
326 2850 442 2879 lemma
467 2858 538 2878 cum
555 2857 572 2889 γ
590 2848 692 2886 posui,
718 2848 803 2886 quod
828 2858 888 2877 0111.
915 2848 1000 2877 libri.
1026 2848 1157 2878 Ramnes
1174 2865 1209 2869 —
1229 2849 1354 2886 equites
1380 2857 1406 2888 γ.
1433 2847 1503 2877 rell.
1532 2856 1592 2876 am.
1617 2856 1749 2876 ramnes
1773 2847 1822 2889 TN
1838 2846 1925 2876 Med.

88 2906 226 2945 G(Q>x·v‚
265 2911 300 2936 ut
326 2915 434 2936 omnes
461 2906 526 2934 fere
551 2905 642 2934 codd.
669 2904 808 2933 Horatii.
841 2904 997 2934 Rhamnes
1035 2904 1145 2934 cath.
1197 2904 1255 2944 24)
1282 2905 1454 2933 Tacienses
1479 2913 1505 2944 γ.
1532 2903 1700 2933 Tatienses
1727 2902 1839 2933 cath.
1867 2903 1926 2933 hoc

87 2972 170 2992 nom.
198 2973 257 2992 om.
284 2963 323 2992 N.
355 2963 508 2992 Titienses
535 2959 680 2999 rv(GQ).
709 2960 812 2990 Tit-ies
828 2960 905 2998 (sic)
920 2960 1019 2997 Med..
1047 2962 1086 2990 de
1112 2970 1173 2999 qua
1199 2961 1339 2990 nominis
1367 2961 1466 2990 forma
1492 2960 1572 2989 conf.
1591 2960 1735 2997 Propert.
1755 2959 1808 2996 IV⁷
1828 2961 1854 2997 1,
1871 2960 1923 2989 31.

88 3017 220 3057 Saepius
247 3019 325 3048 haec
349 3019 480 3048 nomina
504 3017 753 3047 confunduntur.
781 3017 862 3046 Erat
887 3018 971 3046 enim
998 3021 1029 3046 et
1051 3018 1204 3046 Tatiensis
1231 3017 1376 3046 centuria
1403 3026 1450 3054 eq.
1476 3015 1586 3046 Sabin.
1615 3016 1729 3055 (Varro
1755 3016 1792 3046 L.
1808 3015 1843 3045 L.
1870 3015 1924 3052 IV,

89 3075 118 3105 9.
144 3075 222 3105 Aur.
247 3075 334 3105 Vict.
361 3076 390 3105 2.
417 3073 507 3104 Seru.
532 3073 574 3104 ad.
598 3073 692 3112 Verg.
719 3073 758 3102 A.
785 3074 821 3111 V,
849 3074 929 3112 560)
958 3077 989 3103 01
1020 3073 1168 3104 Titiensis
1204 3072 1290 3111 (Liu.
1316 3073 1340 3110 Ι,
1371 3074 1419 3103 13.
1458 3072 1553 3103 Ouid.
1579 3072 1614 3102 F.
1639 3072 1696 3110 ΙΙΙ,
1726 3072 1817 3111 131).
1866 3072 1924 3111 25)

88 3130 148 3161 Per
172 3131 310 3162 Ramnes
334 3148 376 3153 -
401 3131 545 3162 seniores
570 3139 630 3161 om.
658 3129 688 3160 h.
715 3130 735 3159 1.
760 3139 787 3171 γ.

1950 916 1987 947 10

1950 1286 1989 1317 15

1949 1653 1990 1685 20

1950 2023 1991 2054 25
