2148 3412
22 127 26 190 ἰ
847 120 895 152 IN
922 120 1066 152 EPIST.
1094 119 1118 157 1,
1147 122 1175 152 7.
1849 105 1930 146 415

219 245 284 286 52.
315 245 441 286 laeue.
472 243 632 284 leuiter.
667 242 779 298 (sic).

215 317 280 358 53.
312 317 546 372 Aceipiebat.
605 314 701 357 Non
733 315 984 357 continebat.
1048 317 1163 358 mide.
1207 315 1276 357 De
1307 330 1402 370 qua.
1435 315 1541 357 conf.
1575 312 1634 357 C:
1670 314 1774 355 unde
1805 314 1931 355 domo.

2 380 26 435 li*
107 390 174 431 Ex
205 404 288 444 qua
317 388 490 430 familia.
524 389 620 444 quis.
652 388 812 430 scilicet
842 396 914 430 est.

217 463 281 504 54.
313 476 388 518 qao
420 463 473 503 sit
497 470 627 517 patre.
689 460 860 503 Scilicet
893 468 1072 503 senatus.
1133 476 1260 517 quoue
1292 470 1481 518 patrono.
1558 458 1648 502 Sub
1694 460 1812 502 cuius
1857 460 1932 502 do-

104 535 263 578 minio?
284 555 339 570 z
362 532 414 584 C,
446 534 519 588 qui
549 534 686 575 addit:
718 534 761 574 in
794 534 910 576 cuius
942 534 1147 575 clientela.
1982 543 2000 572 5

215 609 280 651 56.
312 610 570 650 Praeconem.
601 606 672 649 Ab
694 608 917 649 officio:
936 606 985 650 C.
1047 610 1165 650 tenui.
1195 607 1404 663 Paupere.
1427 608 1535 650 conf.
1555 605 1611 650 C:
1645 608 1772 650 ‘tenui
1799 621 1932 649 censu.

25 677 27 735 1
105 683 352 739 pauperem?
415 683 591 723 crimine.
621 680 804 722 Infamia
824 701 879 715 z
903 679 951 723 C.

26 742 27 745 Ἴ
215 756 280 797 57.
318 755 523 806 Quaerere
544 763 581 796 et
601 755 671 796 uti.
731 753 880 796 Multis
911 755 1023 796 enim
1054 755 1180 797 studii
1211 770 1301 797 esse
1332 762 1506 805 tantum,
1547 769 1750 810 quaerere
1782 761 1821 795 et
1850 770 1934 797 non

27 837 30 884 ξ
103 828 174 871 uti.
206 829 311 871 conf.
346 826 400 869 C:
435 827 584 869 Multis
614 828 790 870 studium
820 837 876 869 est
905 829 1045 870 mictile
1075 835 1102 869 t.
1134 843 1172 883 q.
1205 836 1280 869 etc.

216 903 281 944 58.
311 916 432 958 para.
455 901 672 943 sodalibus.
732 901 855 943 Uxor
877 902 1046 957 (uxore)
1071 908 1110 942 et
1129 902 1238 943 filiis.
1300 903 1386 943 lare
1421 910 1538 944 certo.
1584 900 1766 957 Propria
1797 901 1932 943 domo.
1962 909 2002 940 10

216 976 281 1018 59.
313 977 443 1018 decisa
476 977 646 1030 neqolia.
707 973 796 1017 Sua
825 975 995 1032 negotia
1026 975 1154 1017 finita.

221 1049 376 1105 Campo.
434 1047 593 1090 Martio
625 1048 711 1090 illic
743 1063 837 1090 cum
869 1049 1145 1090 exercebatur
1179 1050 1374 1092 iuuentus
1403 1049 1608 1091 Romana.

216 1124 281 1164 61.
313 1137 394 1165 non
425 1137 521 1164 sane
553 1123 714 1165 eredere
745 1124 880 1167 Mena.
940 1121 1091 1165 Sermo
1121 1123 1311 1179 uulgaris
1342 1129 1414 1165 est.
1460 1122 1578 1164 Bene
1610 1137 1653 1165 se
1685 1122 1788 1164 dicit
1817 1122 1936 1177 quis-

109 1210 189 1252 que
220 1196 371 1251 accipi,
404 1211 497 1238 cum
530 1204 711 1238 excusat.
774 1195 897 1237 Alter
928 1196 1146 1251 respondit
1176 1196 1538 1252 (Aliter*.Resp.)
1575 1196 1719 1247 Mena,
1750 1196 1936 1252 benigne

31 1289 33 1319 i
105 1285 199 1312 eum
228 1270 380 1321 facere,
412 1270 484 1324 qui
515 1269 724 1311 inuitaret.
788 1268 996 1327 [Glossa]
1029 1269 1081 1311 Id
1111 1277 1189 1311 est:
1223 1269 1417 1311 credebat
1446 1284 1590 1325 puero.
1620 1270 1699 1312 hoc
1721 1269 1938 1311 Horatius.
1964 1277 2003 1309 15

31 1343 33 1352 '
218 1345 283 1385 62.
315 1345 473 1387 Mirari
498 1359 631 1386 secum
667 1345 823 1386 tacitus.
884 1343 1029 1396 Quare
1060 1343 1310 1384 inuitaretur
1340 1358 1364 1384 a
1393 1342 1609 1398 Philippo.

218 1418 283 1459 63.
315 1418 553 1473 Respondet.
584 1416 792 1458 Vulteius.
839 1416 1132 1473 Interrogatio.
1166 1417 1216 1458 cf.
1249 1432 1289 1458 u.
1323 1418 1387 1458 65.
1461 1425 1577 1472 neyat
1597 1417 1675 1459 ille.
1711 1415 1938 1472 Philippus

106 1499 223 1546 neqat
241 1492 446 1548 inprobus.
496 1490 733 1546 Responsio
763 1490 896 1545 pueri.

33 1558 35 1567 ¹
221 1566 286 1606 64.
319 1565 509 1620 Neqleqit.
541 1563 749 1619 Despicit.
810 1565 968 1606 Horret.
1001 1563 1052 1605 Id
1083 1571 1156 1614 est,
1188 1564 1317 1606 timet.

219 1638 284 1680 65.
316 1640 501 1680 tunicato.
535 1637 819 1694 [Interrogato
840 1653 879 1679 u.
898 1637 983 1694 63]
1014 1646 1152 1679 serata
1168 1653 1261 1694 pop.
1303 1636 1422 1690 Quas
1442 1637 1571 1694 uulgo
1591 1646 1735 1693 qrutas
1754 1637 1938 1694 (γρύτας)
1965 1644 2007 1676 20

33 1723 36 1751 τ
107 1718 269 1754 uocant.
294 1712 455 1768 popello
486 1718 625 1752 autem
657 1711 814 1766 populo
845 1710 1000 1753 uilibus
1030 1711 1290 1753 uestimentis
1320 1711 1479 1761 induto,
1524 1718 1569 1752 ut
1599 1711 1779 1753 dicimus
1817 1726 1940 1753 sana-

33 1780 36 1837 {
107 1791 193 1827 tum
239 1785 320 1841 (sic
350 1800 428 1840 pro
449 1786 648 1839 senatum)
681 1791 882 1841 togatum.
944 1783 1160 1840 (Glossaz)
1198 1785 1316 1827 Vasa
1344 1785 1543 1835 uiminea,
1581 1800 1688 1840 quae
1717 1785 1939 1827 uendebat.

34 1844 37 1871 Γ
221 1860 285 1900 67.
318 1859 464 1900 uincla.
526 1857 853 1913 Occupationes.
885 1859 993 1900 conf.
1027 1856 1077 1908 C,
1110 1859 1182 1913 qui
1213 1859 1330 1900 addit
1362 1860 1402 1900 in
1433 1860 1651 1901 uendendis
1680 1861 1889 1902 mercibus.

220 1934 284 1974 68.
319 1933 439 1983 Quod
469 1947 551 1973 non
574 1947 689 1973 mane
712 1933 873 1974 domam
894 1935 1073 1974 uenisset.
1135 1931 1262 1985 Quod
1293 1948 1376 1975 non
1407 1933 1591 1974 uenisset
1622 1933 1676 1974 ad
1715 1933 1938 1988 prandium

113 2021 206 2049 cum
236 2021 379 2062 puero.
1967 2014 2007 2046 25

222 2081 287 2122 69.
319 2082 375 2122 sie
405 2081 613 2135 iqnouisse.
645 2079 882 2135 Philippus.
944 2081 1202 2122 Prouidisset.
1236 2079 1450 2134 Quoniam
1472 2080 1597 2122 fuerit
1618 2080 1831 2122 salutatus.
1890 2079 1941 2121 In

110 2154 192 2197 alio
218 2153 472 2211 preuidisset
501 2153 667 2209 legitur.
699 2154 807 2195 conf.
840 2152 889 2195 C.

38 2223 41 2287 ᾗ
225 2228 291 2269 70.
323 2235 369 2269 ut
398 2228 502 2269 libet.
534 2226 740 2269 Vulteius.
802 2243 908 2283 erqo.
939 2227 1180 2285 Philippus.

225 2302 291 2342 71.
322 2315 415 2343 rem.
474 2300 704 2357 Negotium
723 2308 864 2343 tuum.

225 2375 290 2415 72.
324 2375 491 2416 tacenda
523 2375 690 2417 locutus.
750 2374 832 2415 Vel
862 2383 906 2416 ut
936 2374 1104 2431 (Velut)
1136 2375 1326 2430 plebeius
1357 2389 1504 2430 expers
1534 2374 1716 2416 rationis.
1968 2384 2009 2415 30

226 2449 289 2489 75.
321 2449 496 2489 iuuetur.
559 2448 602 2489 A
631 2447 846 2503 Philippo.

226 2522 290 2563 76.
328 2522 573 2578 Caeliamque.
632 2520 718 2562 Pro
750 2536 856 2563 aere.

228 2597 291 2636 78.
324 2595 416 2638 Non
449 2604 586 2637 cessat.
647 2593 815 2636 Burieis
848 2595 941 2650 (sic.
972 2595 998 2636 l.
1029 2594 1258 2652 Vulteius).
1291 2597 1398 2638 conf.
1434 2595 1482 2638 C.
1522 2595 1590 2637 uel
1626 2595 1765 2651 potius
1803 2594 1944 2651 glossa

43 2670 45 2738 b
115 2674 175 2710 est
195 2668 246 2709 ad
266 2684 305 2710 u.
328 2670 486 2710 mannis
507 2684 546 2709 u.
568 2682 706 2723 praec.
730 2669 837 2709 conf.
858 2666 907 2710 C.
924 2668 1004 2719 HI,
1023 2671 1089 2719 27,
1109 2671 1145 2711 7.
1178 2669 1410 2725 Ep0d.1V‚
1431 2671 1495 2710 14.
1527 2668 1676 2710 Isidor.
1693 2667 1801 2718 XH,
1821 2669 1856 2717 1,
1877 2668 1941 2710 55.

44 2744 45 2758 ³
228 2743 293 2784 80.
326 2743 460 2784 donat.
519 2741 665 2783 Vultei
696 2739 773 2796 qsC.
1968 2755 2010 2786 35

229 2817 295 2857 83.
327 2831 377 2857 ex
406 2816 545 2858 nitido.
605 2814 674 2856 Ex
705 2815 878 2857 urbano.

229 2890 294 2931 84.
326 2903 445 2930 mera.
479 2887 593 2931 Sola.
655 2897 799 2945 crepat.
831 2887 987 2944 Spirat,
1018 2889 1218 2944 loquitur.

229 2963 294 3004 85.
327 2963 563 3004 Inmoritur.
622 2960 767 3004 Vitam
798 2962 934 3018 ipsam
965 2963 1170 3019 inpendit.

45 2928 47 2957 1

45 2999 47 3015 l

4 3048 5 3093 j
46 3021 48 3077 l
231 3049 366 3077 amore
395 3038 560 3078 senescit
589 3036 770 3078 habendi.
829 3034 966 3088 Quasi
996 3036 1056 3078 ibi
1085 3037 1269 3092 primum
1291 3035 1477 3091 coeperit.
1497 3051 1671 3078 auarum
1706 3049 1797 3078 esse
1829 3036 1943 3091 (sic).

1 3106 5 3109 ⁶
47 3151 49 3178 ι
122 3120 272 3151 auarus
303 3107 352 3151 C.
384 3117 507 3152 recte.
566 3123 600 3163 *)
626 3123 743 3153 Aliter.
769 3123 862 3163 Resp.
889 3133 948 3154 em.
975 3123 1011 3154 C.
1036 3123 1213 3154 Hermann.
1968 3122 2011 3154 40

49 3306 51 3372 l

49 3374 51 3412 4
