2148 3412
856 108 904 139 IN
930 108 1064 142 SERM.
1090 112 1133 150 11,
1161 116 1189 143 ρ.
1855 113 1931 152 211

105 229 206 269 haec
236 227 379 277 herba,
426 228 499 269 sed
547 228 698 286 [quod]
747 244 841 272 cum
883 234 1088 286 coquitur,
1136 244 1254 278 aceto
1293 239 1498 281 conditur.
1561 242 1712 283 Inulae.
1753 243 1932 301 sautem]

107 299 251 344 Genus
282 309 342 342 est
373 301 556 350 olerum3
588 303 741 353 acidas,
776 303 903 360 [quae
935 308 1072 364 quasi]
1108 310 1307 363 quoniam
1340 313 1507 354 acidum
1540 316 1663 370 sapit.

213 376 278 415 44.
311 376 376 415 45.
416 375 596 417 Neocl‘zmt
641 379 767 417 onmis
807 379 946 420 abacta
988 382 1203 437 Pauperies
1241 386 1365 439 epulis
1404 401 1554 441 reyum.
1629 388 1679 429 Id
1710 397 1788 430 est:
1828 390 1932 432 Ad-

102 448 181 490 huc
211 447 262 488 de
292 447 494 502 parcitate
525 448 697 503 antiqua
729 457 823 491 sunt
859 453 1066 505 quaedam
1106 456 1305 512 uestigia3
1353 473 1460 512 quae
1501 475 1594 502 cum
1635 462 1750 513 dicit,
1795 471 1933 506 osten-

101 521 173 571 dit,
208 528 417 562 recentem
462 536 551 563 esse
596 522 805 564 luxuriam
852 526 1166 584 conuiuarum[;
1200 529 1225 570 i.
1245 530 1312 586 e.].
1348 532 1542 575 Aliter.
1603 534 1727 577 Adeo
1758 537 1930 580 uiliores

100 594 246 649 epulae
276 594 398 635 utiles
428 595 545 644 fiunt,
591 603 635 635 ut
665 610 786 652 reges
819 612 984 652 quoque
1016 599 1099 641 illis
1130 609 1310 645 utantur.
1389 607 1606 662 Paupere'es
1640 608 1797 664 [autem
1830 627 1930 654 mo-

100 667 273 724 derata]
334 667 587 718 Moderatio,
619 671 910 724 temperantia.
972 673 1124 715 abacta.
1158 674 1247 717 Est.

210 742 335 797 epulis
366 756 515 796 regum.
574 741 626 782 Id
656 750 736 784 est:
784 742 994 796 Quamuis
1024 761 1147 803 reges
1179 749 1347 804 copiose
1380 752 1540 803 uiuant,
1574 755 1757 797 nondum
1790 765 1928 800 tamen

98 830 332 872 pauperum
365 815 510 870 epulas
542 816 806 857 excluserunt
837 820 993 860 mensis
1025 820 1122 861 suis.

207 889 272 929 46.
296 889 421 929 Haud
449 891 502 930 ‘ita
531 890 701 945 pridem.
760 890 886 932 Redit
919 893 971 932 ad
1004 894 1208 936 inuidiam
1240 896 1442 938 luxuriae.

206 964 271 1002 47.
305 963 371 1003 48.
409 963 802 1019 Gallom'praeeonis
834 974 921 1006 era!
951 968 1173 1022 acipensere
1197 985 1327 1010 mensa
1349 972 1528 1025 Infantis.
1581 976 1757 1016 Galloni.
1793 975 1926 1018 Geni-

94 1035 204 1077 tiuus
226 1050 356 1077 casus.
395 1036 594 1078 Gallonus
617 1037 788 1091 quidam
810 1039 888 1079 fuit
909 1054 1076 1094 praeco,
1100 1042 1171 1095 qui
1192 1042 1373 1085 habebat
1392 1055 1639 1099 apparatum
1661 1050 1924 1092 conuiuium:

96 1108 231 1162 Quem
267 1110 440 1151 Lucilius
471 1110 596 1151 etiam
628 1111 777 1166 pulsat.
837 1112 924 1154 Hic
963 1112 1128 1171 [etiam]
1167 1115 1251 1156 iam
1283 1117 1570 1172 acipenserem
1603 1121 1687 1163 suis
1719 1124 1925 1166 conuiuiis

95 1182 346 1239 (conuiuis?)
379 1183 613 1225 exhibebat.
673 1184 759 1226 Hic
790 1187 999 1242 acz'penser
1029 1202 1163 1243 genus
1195 1190 1488 1245 (generosus‘r)
1521 1193 1650 1248 piscis
1683 1195 1796 1253 [est]

201 1258 267 1298 48.
298 1258 484 1311 Insam‘e's.
550 1257 600 1298 In
637 1258 835 1313 opinione
872 1260 1007 1314 posita
1046 1261 1071 1301 i.
1110 1276 1144 1302 e.
1183 1264 1342 1304 famosa
1383 1275 1421 1304 et
1464 1267 1676 1309 celebrata
1714 1284 1919 1312 sermone.

94 1330 228 1373 Ordo:
262 1330 393 1372 Haud
423 1331 481 1371 ita
511 1331 676 1386 pridem
707 1332 886 1373 infamis.

207 1405 340 1455 Quid?
382 1403 612 1459 Numquid.

203 1487 296 1519 tum.
357 1476 446 1519 Sub
478 1477 662 1534 regibus.

200 1553 265 1592 49.
303 1553 429 1593 'I'ulus
461 1561 546 1593 erat
575 1553 778 1594 rhombus.
839 1552 953 1605 Quia
984 1553 1120 1595 adhuc
1151 1555 1320 1609 ignotus
1354 1557 1480 1614 [erat]
1514 1559 1729 1603 Romanis.
1792 1566 1923 1606 minus

190 1754 222 1792 1)
247 1754 356 1784 inulas.
382 1754 539 1784 inularum
564 1764 664 1794 genus
693 1760 739 1785 est
765 1755 914 1784 holerum.
941 1756 1064 1785 accidas
1089 1758 1238 1795 quoniam
1257 1760 1399 1788 accidum
1419 1762 1503 1798 sapit
1523 1771 1548 1801 γ.
1569 1763 1680 1801 uulgo:
1706 1764 1801 1793 Inulsc
1826 1770 1922 1796 autem

89 1820 118 1848 g.
144 1819 169 1839 e.
187 1821 213 1840 o.
233 1812 337 1847 acida,
362 1821 438 1850 quae
462 1811 549 1850 quasi
573 1812 654 1841 aeid.
682 1813 779 1849 sapit.
807 1813 876 1842 Non
903 1823 982 1851 opus
1008 1817 1055 1842 est
1079 1824 1197 1851 ponere.
1216 1816 1346 1854 sapiunt.
1368 1818 1503 1855 sapitsc.
1519 1829 1622 1857 ymarus.
1673 1822 1708 1860 4)
1735 1831 1782 1859 ep.
1809 1832 1920 1861 regum

88 1877 167 1897 mva.
188 1867 215 1902 Q
232 1877 290 1897 om.
309 1867 355 1897 fh.
375 1869 530 1898 ‘Necdum
548 1869 617 1897 etc-,⁹
668 1870 702 1907 5)
729 1878 797 1898 esse
816 1879 842 1910 γ.
862 1870 930 1898 rell.
958 1880 1018 1899 om.
1045 1872 1250 1902 conuiuarum
1275 1882 1301 1915 γ.
1320 1875 1389 1903 rell.
1416 1876 1647 1906 conuiuiorum.
1673 1877 1723 1907 Al.
1750 1888 1775 1919 ’i-
1801 1880 1872 1909 rell.
1899 1881 1918 1909 i.

89 1925 176 1955 adeo.
218 1926 347 1965 6)stunt
363 1935 391 1966 γ.
409 1927 477 1955 rell.
497 1930 582 1955 sunt..
594 1930 753 1955 —-autem
772 1927 938 1956 moderata
955 1926 1115 1966 fh(G?>Q.
1135 1929 1312 1959 moderatio
1328 1940 1355 1972 γ.
1375 1935 1472 1960 recte.
1492 1932 1576 1967 Quid
1595 1934 1678 1963 enim
1697 1938 1745 1963 est
1763 1936 1917 1965 moderata

88 1981 325 2021 temperantia?
351 1982 462 2012 Cicero
481 1983 549 2012 Inu.
566 1982 608 2019 ΙΙ,
628 1983 686 2012 54:
713 1984 929 2020 temperantia
956 1989 1005 2013 est
1030 1985 1165 2014 rationis
1192 1985 1224 2014 in
1250 1987 1420 2016 libidinem
1446 1992 1544 2026 atque
1569 1990 1601 2018 in
1626 1991 1708 2020 alios
1733 2001 1794 2020 non
1815 1997 1918 2022 rectos

89 2039 187 2068 animi
212 2040 352 2077 impetus
372 2040 459 2069 firma
486 2044 518 2069 et
541 2039 696 2068 moderata
720 2038 894 2075 dominatio,
922 2048 1015 2078 saepe
1042 2044 1148 2070 autem
1174 2041 1230 2079 (ad
1248 2042 1321 2072 Diu.
1340 2043 1364 2080 1,
1386 2045 1414 2073 9.
1444 2045 1505 2075 Off.
1533 2045 1589 2083 ΙΙΙ,
1611 2048 1662 2076 33.
1689 2047 1780 2077 Orat.
1800 2048 1840 2084 ΙΙ,
1861 2050 1917 2088 60)

91 2097 318 2126 moderationem
343 2106 379 2126 ac
406 2096 629 2135 temperantiam
653 2098 830 2126 consociat.
899 2098 931 2135 7)
957 2097 1074 2127 abacta.
1102 2099 1162 2128 Est
1188 2109 1214 2141 γ.
1240 2100 1309 2128 rell.
1336 2110 1398 2129 om.
1425 2105 1548 2131 remota
1573 2103 1614 2141 gl.
1647 2103 1743 2134 Bern.
1772 2105 1810 2133 D.
1863 2107 1917 2144 11)

89 2148 332 2196 611110111ξο11111
358 2163 470 2183 rasura
493 2158 525 2183 et
549 2154 675 2191 glossa:
703 2154 804 2191 genit.
833 2163 886 2183 cas
912 2154 979 2183 rell.
1007 2163 1067 2183 om.
1098 2153 1203 2185 Caloni
1227 2156 1323 2186 Bern.
1339 2158 1377 2186 A.
1405 2158 1565 2196 accipiens
1591 2169 1642 2189 ere
1668 2161 1700 2189 in
1724 2162 1809 2199 lem„
1836 2163 1918 2191 acciss

89 2210 213 2248 pienser
238 2196 272 2240 in
297 2211 395 2241 schol.
423 2214 454 2240 et
480 2209 796 2240 ACCIPIENSERE
822 2211 862 2239 ad
888 2220 988 2248 marg.
1014 2221 1041 2252 γ.
1068 2216 1197 2250 propter
1226 2214 1472 2243 similitudinem
1509 2215 1598 2244 uerbi
1635 2217 1750 2254 accipio
1787 2219 1918 2257 eiusque

88 2268 252 2306 participii
277 2267 438 2307 accipiens,
477 2271 508 2297 et
533 2268 590 2297 alii
616 2268 707 2297 codd.
735 2272 770 2297 ut
802 2267 890 2296 Barc.
918 2267 1028 2297 Ambr.
1058 2267 1177 2297 Genou.
1211 2270 1331 2299 habent
1361 2268 1577 2309 accipiensere,
1615 2273 1681 2306 alii,
1719 2278 1753 2302 ut
1787 2274 1859 2302 Par.
1884 2275 1917 2303 M

88 2323 204 2354 Bernn.
228 2324 282 2354 AF
307 2325 519 2363 accipensere,
558 2325 640 2362 quod
677 2325 797 2354 codicis=
824 2324 851 2353 G
877 2325 1069 2354 auctoritate
1093 2326 1233 2355 abutens
1267 2327 1299 2356 in
1325 2328 1485 2357 Acronem
1521 2329 1642 2366 recepit
1667 2329 1704 2363 Q.
1744 2329 1806 2358 Sed
1839 2331 1917 2360 haec

87 2385 186 2412 metro
211 2391 393 2420 repugnans
420 2382 577 2419 scriptura
602 2391 707 2410 merus
733 2382 912 2410 scribarum
931 2391 1018 2411 error
1035 2386 1094 2418 est,
1114 2383 1196 2411 nihil
1215 2385 1365 2421 amplius.
1419 2386 1474 2423 13)
1499 2385 1559 2415 Pro
1578 2387 1693 2415 iterato
1719 2386 1806 2415 etiam
1824 2389 1915 2425 posui

87 2437 146 2467 iam
171 2437 344 2477 (primus‘?)
412 2439 466 2477 14)
492 2438 553 2468 Pro
579 2438 667 2476 uulg.
695 2439 766 2468 lect.
791 2438 944 2467 conuiuiis
969 2439 1172 2467 scribendum
1199 2440 1328 2469 uidetur
1353 2442 1504 2471 conuiuis.
1543 2441 1626 2471 conf.
1653 2442 1737 2471 infra
1762 2453 1791 2471 u.
1819 2445 1858 2472 69
1887 2448 1917 2474 et

88 2494 173 2525 Suet.
199 2495 268 2525 Cal.
296 2497 355 2525 37:
383 2495 525 2525 conuiuis
550 2504 650 2532 panes
676 2495 770 2533 adpo.
797 2495 900 2524 Plaut.
928 2495 1015 2524 Pers.
1042 2495 1099 2532 ΙΙΙ,
1131 2497 1157 2532 1,
1178 2496 1230 2524 26.
1246 2514 1283 2516 -W
1301 2496 1363 2525 Hic
1387 2506 1413 2538 γ.
1441 2499 1510 2527 rell.
1537 2508 1595 2527 om.
1622 2498 1683 2528 Pro
1706 2508 1798 2537 genus
1822 2500 1917 2537 piscis

87 2550 254 2589 legendum
286 2556 363 2590 puto
389 2561 556 2590 generosus
580 2552 691 2589 piscis.
718 2551 799 2581 conf.
826 2552 926 2581 uinum
951 2560 1141 2589 generosum
1167 2552 1244 2581 Hor.
1270 2553 1307 2581 E.
1335 2553 1360 2589 Ι,
1391 2554 1439 2590 15,
1470 2555 1518 2591 18,
1557 2558 1592 2584 ut
1615 2554 1683 2583 uilis
1710 2554 1832 2585 Colum.
1859 2556 1917 2593 ΙΙΙ,

90 2608 117 2637 2.
141 2609 291 2647 opsonium
326 2610 408 2639 Plin.
433 2609 501 2645 XV,
530 2610 581 2638 29.
619 2612 719 2638 ostrea
744 2608 987 2645 P11n.XXX11‚
1016 2610 1045 2645 6,
1072 2618 1156 2646 sues,
1195 2610 1278 2639 mala
1317 2614 1375 2640 etc.
1413 2611 1496 2640 conf.
1528 2611 1668 2648 pretiosis
1704 2612 1846 2648 piscibus
1884 2613 1916 2643 iu

90 2665 186 2694 schol.
213 2666 252 2694 ad
278 2676 308 2695 u.
327 2666 379 2695 20.
399 2684 433 2686 ἡ
453 2669 501 2694 est
527 2676 587 2695 om.
614 2675 641 2707 γ.
692 2665 748 2703 16)
777 2665 876 2695 Ordo.
904 2666 962 2694 Aut
979 2664 1020 2694 ita
1038 2675 1084 2704 pr.
1104 2665 1162 2695 inf.
1181 2675 1207 2708 γ.
1227 2667 1294 2696 rell.
1314 2677 1373 2696 om.
1393 2668 1585 2705 acipensere.
1605 2667 1658 2696 m'li
1674 2668 1755 2704 pisci
1774 2668 1811 2705 Ε,
1839 2669 1914 2698 alii:

87 2721 175 2758 pisci.
226 2723 280 2760 17)
307 2723 470 2761 Numquid
496 2723 554 2752 sub
579 2723 708 2760 regibus
725 2731 750 2762 γ.
769 2723 838 2751 rell.
858 2732 918 2751 om.
971 2722 1025 2759 18)
1052 2722 1236 2760 Interposui
1262 2726 1330 2751 tum.
1357 2728 1417 2752 tum
1434 2733 1449 2764 γ
1469 2727 1499 2752 et
1516 2733 1599 2753 omn.
1626 2722 1692 2752 fere
1718 2727 1797 2752 uett.
1823 2725 1915 2754 codd.

88 2777 223 2809 Horatii.
250 2783 324 2809 tunc
350 2781 455 2818 pauci,
491 2783 526 2809 ut
552 2780 673 2809 Bernn.
702 2779 761 2808 AD
788 2779 881 2808 Baro.
908 2779 948 2808 al.
976 2778 1122 2808 rhombus
1146 2779 1232 2821 ·(.afh
1260 2779 1300 2817 (r.
1330 2779 1385 2817 Q).
1413 2780 1539 2808 rombus
1564 2789 1592 2808 v.
1620 2780 1735 2808 rombus
1761 2780 1854 2809 Bern.
1880 2781 1915 2810 F.

88 2836 212 2865 rumbus
237 2837 329 2874 pauci
355 2841 389 2866 ut
406 2837 498 2866 Barc.
551 2837 604 2875 19)
633 2840 700 2865 erat
725 2836 768 2877 ΥΟ
794 2835 902 2873 (quasi
929 2836 1033 2864 adhuc
1059 2835 1235 2875 fincofflzitus
1253 2837 1433 2875 Romanis)
1459 2836 1528 2864 min.
1556 2845 1669 2873 aequor
1694 2835 1794 2865 alebat
1817 2846 1843 2877 γ,
1881 2842 1916 2867 ut

89 2890 225 2933 EBepDP
262 2893 359 2930 (non:
397 2903 536 2932 aequora
571 2894 713 2930 alebant,
752 2897 787 2922 ut
824 2892 880 2922 ref.
919 2893 1072 2932 Pottier.)
1109 2893 1208 2922 FJIP..
1239 2894 1288 2922 19.
1317 2893 1367 2921 20.
1401 2892 1448 2921 St.
1476 2892 1584 2921 Germ.
1611 2891 1733 2921 Genou.
1759 2893 1856 2931 Angl.
1884 2894 1915 2923 4.

89 2945 215 2986 Magd.²
244 2953 275 2979 et
299 2959 381 2979 omn.
407 2950 507 2979 Harll.
534 2953 660 2988 praeter
682 2946 753 2991 γικλ
779 2949 901 2987 (corin).
928 2949 1038 2979 Ambr.
1065 2949 1157 2979 Fran.
1186 2950 1277 2979 Baro.
1304 2950 1398 2978 Bcrn.
1424 2949 1464 2985 A,
1492 2949 1575 2978 Med.
1605 2950 1644 2978 74
1671 2949 1818 2987 aliaeque
1845 2950 1915 2979 edd.

91 3011 169 3033 saec.
192 3005 259 3042 XV,
296 3015 374 3043 quas
410 3006 474 3035 Fea
507 3016 569 3035 non
607 3007 691 3035 uidit
729 3005 918 3044 (Lambin).
957 3007 1073 3036 rectior
1110 3016 1166 3035 nec
1203 3007 1309 3035 minus
1348 3005 1471 3043 poetica
1508 3005 1604 3034 lectio
1642 3015 1735 3043 quam
1774 3014 1916 3043 aequora

89 3059 221 3098 alebant,
246 3071 338 3101 quam
365 3066 437 3101 post
461 3063 568 3091 Bentl.
594 3063 688 3092 multi
714 3062 856 3100 amplexi
883 3067 969 3096 sunt,
996 3063 1109 3100 infreq.
1137 3064 1169 3092 in
1196 3066 1273 3091 uett..
1301 3063 1404 3090 libris.

1589 3182 1639 3206 14*

1980 545 1997 575 5

1956 911 1994 941 10

1952 1276 1990 1306 15
