2148 3412
854 135 902 168 m
926 135 1071 170 Erxsr.
1096 136 1140 177 11,
1167 140 1196 169 2.
1851 129 1931 170 549

221 257 287 299 50.
320 257 474 299 Decz‘sis
503 257 689 300 humilem
715 260 859 316 pinnis.
919 258 1017 302 Hoc
1046 268 1126 303 est:
1173 262 1327 305 amissa
1357 261 1577 319 dignitate,
1624 277 1708 318 qua
1738 269 1833 307 ante
1863 278 1933 306 su-

107 329 247 372 blimis
276 329 501 381 ferebatur,
533 331 621 373 uel:
653 332 892 389 proscripta
922 333 1166 377 substantia.

217 405 395 446 52—54.
428 405 534 461 qaod
562 420 641 448 non
673 407 771 449 desit
800 407 1006 450 habentem
1035 435 1088 440 —
1118 424 1276 452 uersus.
1356 409 1476 453 Ordo
1507 419 1590 453 est:
1638 411 1711 454 sed
1741 412 1823 454 nisi
1854 427 1933 469 pu-

103 484 186 519 tem
216 477 364 519 melius
395 477 578 520 dormire
609 493 736 533 quam
766 480 950 522 scribere
981 496 1140 533 uersus,
1172 498 1279 538 quae
1311 484 1471 526 cicutae
1501 493 1695 541 poterunt
1713 487 1933 542 (umquam

103 550 192 607 Βφ)
223 565 461 608 expurgare
493 552 593 594 satis
637 553 876 605 habentem,
923 556 1035 610 quod
1066 572 1149 598 non
1180 557 1299 608 desit,
1348 557 1391 599 id
1437 565 1510 609 est,
1557 560 1669 614 quod
1714 560 1814 602 satis
1859 568 1932 602 est.

102 623 345 681 Postquam,
376 625 525 681 inquit,
558 626 657 668 satis
686 627 835 678 habeo,
867 628 901 670 si
931 643 1011 670 non
1041 644 1257 686 praepono
1288 645 1478 673 somnum
1520 633 1788 684 carminibus,
1821 634 1933 676 insa-

104 699 175 742 nio
205 706 246 741 et
274 699 389 741 nullo
420 699 605 742 elleboro
637 700 774 742 curari
805 716 989 757 possum.

215 774 321 829 quod
340 788 379 816 n.
403 775 440 816 cl.
471 774 688 816 habentem.
749 773 913 816 Tamen
942 775 1151 818 habebam
1184 777 1428 834 (habentem
1458 778 1773 836 Hirschfelder)
1805 781 1935 823 uitam

102 854 142 888 et
171 847 379 889 uestitum.
441 845 570 900 Quod
601 848 781 890 sufficiat
810 849 1106 904 possidentem.
1140 851 1266 908 (quod
1295 867 1333 894 n.
1367 852 1498 910 desit]
1540 853 1622 895 Vit.
1655 860 1695 896 et
1724 855 1933 906 uestitum,

102 921 215 977 quod
245 921 405 964 sufficit.
436 922 686 980 habentem]
717 921 1009 966 Possidentem
1042 922 1091 967 C.
1109 924 1344 968 Hermann.
1961 938 1999 970 10

217 997 282 1037 57.
315 1004 553 1052 extorquere
578 1005 780 1052 poemata.
853 996 949 1040 Hoc
980 1005 1060 1039 est:
1108 999 1352 1041 facilitatem
1386 999 1685 1058 [alacritatem]
1720 1001 1933 1045 scribendi

101 1069 167 1111 uel
199 1069 436 1112 comitatem
469 1069 847 1128 [commoditatem]
880 1078 1128 1127 extorquere
1158 1072 1243 1114 iam
1274 1080 1490 1129 temptant.

213 1144 308 1200 quid
337 1144 488 1198 faciam
517 1146 609 1186 uis?
665 1143 768 1186 Alia
799 1145 1025 1196 excusatiO,
1072 1146 1183 1201 quod
1215 1146 1375 1189 scilicet
1405 1148 1577 1200 nesciat,
1624 1149 1726 1205 quid
1764 1151 1934 1205 potissi-

100 1232 214 1259 mum
246 1217 416 1274 scribat,
449 1218 548 1260 dum
580 1234 664 1261 non
695 1234 840 1262 omnes
871 1235 955 1262 una
985 1220 1216 1275 eademque
1247 1235 1292 1262 re
1323 1220 1595 1264 delectantur.

215 1292 281 1333 59.
312 1293 465 1335 iambis.
523 1292 575 1333 Id
607 1300 681 1344 est,
716 1293 1030 1345 altercantibus,
1062 1293 1270 1336 maledico
1301 1295 1499 1337 carmine.
1965 1308 2002 1340 15

1982 570 2000 601 ιἾ

215 1367 280 1408 60.
312 1366 386 1408 Ille
409 1367 568 1408 Bioneis
590 1368 850 1410 sermonibus.
900 1367 1070 1409 Liuidis
1091 1375 1131 1409 et
1151 1367 1306 1410 amaris
1327 1368 1443 1420 iocis,
1466 1369 1511 1410 id
1532 1376 1605 1421 est,
1629 1371 1768 1413 satira.
1828 1370 1937 1415 Sunt

101 1445 238 1481 autem
270 1439 576 1495 disputationes
607 1439 756 1483 Bionis
787 1441 1042 1498 philosophi,
1089 1442 1242 1496 quibus
1273 1442 1490 1485 stultitiam
1520 1443 1638 1501 uulgi
1670 1446 1823 1501 arguit,
1869 1447 1936 1489 cui

99 1528 234 1569 paene
256 1514 519 1556 consentiunt
542 1514 730 1556 carmina
750 1514 989 1557 Luciliana.
1051 1515 1137 1557 Hic
1168 1525 1306 1558 autem
1334 1518 1453 1566 Bz‘on,
1486 1517 1557 1573 qui
1590 1519 1832 1575 Sopln'stes*)
1864 1519 1935 1571 (B-

101 1587 121 1627 ὁ
155 1588 359 1643 σοφιστής.
393 1586 512 1630 Stob.
543 1587 604 1640 X,
636 1590 710 1645 38)
748 1590 1068 1646 cognominatus
1099 1596 1160 1632 est
1191 1590 1235 1631 in
1265 1590 1387 1641 libro,
1435 1606 1559 1646 quem
1591 1592 1735 1643 edidit,
1767 1593 1935 1635 morda-

101 1661 280 1704 cissimis
311 1661 469 1705 salibus
500 1678 562 1714 ea,
609 1678 716 1720 quae
747 1664 860 1721 apud
891 1670 1037 1721 poetas
1067 1671 1174 1714 sunt,
1220 1664 1279 1706 ita
1323 1664 1537 1716 lacerauit,
1579 1672 1622 1708 ut
1663 1681 1715 1708 ne
1746 1666 2003 1713 Homeros-⁹0

101 1735 271 1791 quidem
302 1744 506 1792 parceret.

212 1811 298 1853 sale
327 1813 456 1867 niqro.
518 1811 587 1868 [Id
619 1818 699 1854 est:
732 1820 874 1854 uetere
906 1813 1139 1869 tragoedia,
1171 1812 1258 1869 uel]
1292 1828 1436 1855 amara
1466 1813 1786 1873 ioculari[tate].

214 1885 280 1926 65.
312 1886 482 1928 Praeter
513 1893 683 1928 caetera.
758 1884 941 1929 Omissis
972 1887 1080 1937 aliis,
1115 1886 1279 1943 [rebus]
1314 1887 1463 1938 credis,
1495 1887 1656 1930 Romae
1688 1904 1810 1945 posse
1843 1904 1934 1933 car-

101 1958 215 2000 mina
245 1958 373 2001 scribi
404 1959 514 2001 inter
544 1966 603 2002 tot
634 1975 755 2002 curas
786 1961 1140 2017 occupationum?

214 2034 278 2075 68.
313 2033 431 2075 cubat
460 2034 535 2076 bic.
598 2033 668 2091 [Id
699 2034 794 2092 est,]
827 2041 1031 2092 aegrotat,
1062 2042 1106 2077 ut
1137 2035 1330 2091 superius
1361 2035 1427 2091 (S.
1451 2036 1484 2088 I,
1509 2037 1547 2088 9,
1567 2038 1661 2093 18):
1701 2039 1833 2080 Trans
1858 2039 1894 2081 Τ
1893 2040 1935 2081 ί-
1961 2049 2002 2079 25

106 2107 230 2149 berv'm
263 2107 378 2162 lonye
409 2108 541 2150 cubat.

216 2181 283 2222 70.
317 2181 501 2224 humane.
562 2181 613 2223 Id
644 2190 724 2224 est:
756 2183 899 2239 probe.

215 2255 422 2297 conmoda.
482 2254 653 2306 Breuia,
686 2256 759 2298 sed
791 2257 1000 2299 contrario
1032 2257 1226 2308 ostendit,
1260 2258 1371 2314 quod
1402 2273 1559 2315 magna
1590 2260 1683 2302 sint.

242 2360 274 2400 l)
300 2361 390 2400 dign.
418 2360 493 2400 quia
516 2362 562 2391 ΕΞ
588 2362 647 2400 (Ξ
672 2363 803 2401 natura)
834 2363 985 2392 sublimes
1009 2361 1128 2392 ferebat
1150 2364 1201 2393 uel
1227 2365 1406 2402 proscripta
1431 2365 1616 2395 substantia
1641 2366 1671 2395 2.
1700 2365 1769 2395 rell.
1796 2375 1856 2396 om.
1884 2366 1935 2395 uel

103 2426 185 2455 pros.
211 2419 313 2448 subst.
347 2418 431 2448 conf.
459 2417 501 2449 C:
529 2419 616 2457 dign.
643 2423 669 2448 et
693 2419 806 2458 opibus,
832 2420 935 2459 quibas
961 2423 1056 2450 antea
1081 2421 1225 2451 sublimis
1250 2420 1377 2451 ferebat.
1403 2421 1472 2464 Βφε
1512 2422 1692 2460 ‘significat
1728 2432 1761 2452 se
1797 2423 1934 2461 proscri-

102 2478 194 2513 ptum
218 2474 319 2505 fuisse
346 2476 367 2505 i.
393 2476 556 2514 priuatum
581 2477 673 2507 domo
699 2480 730 2506 et
756 2481 891 2514 paterna
915 2477 1118 2507 hereditates
1169 2477 1204 2517 3)
1231 2478 1316 2508 Ordo
1334 2496 1374 2499 -
1402 2488 1531 2516 possum
1556 2478 1641 2521 bBcp.
1667 2479 1737 2508 rell.
1763 2489 1823 2509 om.
1850 2480 1933 2509 conf.

103 2531 136 2562 C.
187 2530 222 2571 8)
248 2532 424 2562 Tamen—
440 2534 659 2571 possidentem
685 2535 714 2563 2.
741 2534 811 2563 rell.
838 2545 898 2564 om.
951 2534 1007 2573 11)
1034 2535 1225 2565 facilitatem
1241 2534 1310 2574 2,C.
1325 2535 1546 2575 fallacitatem
1571 2545 1600 2564 v.
1628 2536 1694 2565 rell.
1720 2535 1933 2566 alacritatem.

103 2588 281 2619 comitatem
308 2589 377 2627 2‚C.
402 2590 472 2620 rell.
501 2590 762 2621 commoditatem.
814 2591 869 2629 12)
896 2591 958 2620 iam
984 2593 1013 2621 2.
1041 2593 1111 2621 rell.
1139 2603 1200 2622 om.
1226 2593 1413 2623 contendant
1439 2592 1473 2622 C.
1536 2593 1592 2631 14)
1618 2602 1727 2622 omnes
1752 2591 1828 2630 (om.
1856 2593 1933 2631 non)

104 2663 144 2667 ——
171 2647 356 2677 delectamus
382 2648 411 2676 2.
437 2647 511 2677 dum
537 2648 600 2691 Βφ.
627 2649 696 2677 rell.
723 2658 797 2678 cum.
826 2658 888 2678 non
914 2658 999 2678 omn.
1026 2648 1087 2692 Βφ.
1115 2659 1196 2681 omn,
1223 2659 1284 2680 non
1310 2649 1446 2685 vcassiQ.
1473 2666 1513 2669 —
1541 2649 1743 2679 delectantur
1779 2649 1842 2692 Βφ.
1881 2650 1934 2679 de-

103 2703 249 2733 lectentur
272 2703 410 2740 vcashQ.
477 2704 533 2743 15)
560 2704 598 2734 Id
624 2710 673 2734 est
697 2704 856 2735 altercosz's
892 2715 952 2735 ma.
989 2715 1085 2735 carm.
1115 2707 1144 2736 2.
1170 2707 1240 2736 rell.
1268 2717 1328 2736 om.
1360 2704 1442 2736 conf.
1470 2705 1506 2736 C.
1544 2707 1636 2744 posui
1673 2706 1755 2736 alter
1791 2705 1934 2736 cantibus.

105 2761 163 2800 16)
191 2765 222 2791 et
239 2762 357 2791 amaris
377 2762 405 2790 2.
433 2761 603 2801 Satyricis,
630 2762 753 2800 liuidis,
779 2762 903 2800 amaris,
930 2763 1072 2792 carmine
1097 2763 1254 2793 maledico
1269 2761 1303 2793 C.
1330 2764 1396 2792 rell.
1424 2772 1485 2793 om.
1512 2764 1530 2792 b
1556 2763 1689 2801 insuper
1714 2763 1811 2792 habet
1836 2763 1934 2793 haec:

105 2816 234 2847 ‘bioneia
261 2818 404 2848 satiricis
431 2819 549 2848 amaris
574 2822 603 2848 et
624 2818 752 2856 asperis.
779 2820 906 2849 bionens
931 2819 1016 2849 enim
1042 2823 1138 2858 poeta
1163 2820 1312 2849 satiricus
1338 2819 1421 2849 fuit.⁷
1485 2820 1540 2858 18)
1566 2819 1690 2848 luciana
1716 2820 1745 2849 2.
1773 2820 1936 2849 uiciniana

104 2883 134 2904 v.
154 2874 332 2904 Lucilliana
350 2884 378 2904 a.
398 2892 439 2896 —-
454 2875 546 2904 bioni
570 2876 599 2904 2.
652 2876 707 2915 19)
726 2876 826 2906 mord.
846 2877 993 2906 uersibus
1014 2876 1049 2906 C.
1099 2876 1156 2915 22)
1176 2876 1213 2905 Id
1226 2894 1266 2898 -η
1282 2877 1332 2905 uel
1351 2886 1411 2906 om.
1432 2877 1460 2905 2.
1480 2879 1587 2905 uetere
1606 2885 1665 2906 om.
1685 2885 1752 2907 vca.
1771 2877 1936 2907 comoedia

105 2930 261 2961 Dt‘mtzer.
280 2931 321 2961 cf.
338 2930 380 2961 C:
399 2931 461 2961 sale
477 2931 538 2971 nis).
558 2932 799 2962 maledicentia.
839 2934 896 2972 23)
916 2935 1010 2964 rebus
1029 2944 1088 2964 om.
1107 2934 1136 2963 b.
1180 2933 1237 2971 24)
1257 2934 1492 2971 occupationum
1508 2933 1538 2962 b.
1556 2933 1627 2962 rell.
1645 2933 1934 2973 occupationesque.

104 2988 124 3016 b
150 2988 282 3026 insuper
305 2988 403 3018 habet
427 2988 583 3027 glossam:
612 2999 636 3018 s.
662 2992 694 3018 et
720 2990 794 3019 aliis
819 2990 950 3028 gaudet.
978 2989 1020 3020 C:
1043 3001 1093 3030 pr.
1119 2994 1250 3020 caetera.
1275 2990 1341 3019 alia
1375 2999 1470 3019 causa
1506 2999 1561 3019 cur
1596 2999 1660 3019 non
1698 2990 1828 3020 scribat.
1877 2990 1935 3029 25)

105 3043 142 3074 Id
167 3048 214 3074 est
239 3055 300 3075 om.
328 3044 401 3084 2,ογ
447 3046 505 3085 27)
531 3046 569 3075 Id
595 3050 643 3076 est
667 3055 727 3075 om.
754 3045 788 3075 C.
839 3047 898 3086 28)
925 3048 1083 3078 contrario
1108 3048 1210 3077 b.vca.
1241 3046 1401 3076 contraria
1425 3046 1499 3076 Bas.
1517 3045 1569 3075 45.
1595 3045 1643 3076 fh.
1671 3055 1686 3076 e
1710 3047 1871 3077 contrario
1896 3045 1934 3082 Q.

106 3118 148 3122 —
173 3111 305 3140 magnae
330 3101 368 3136 Q.
396 3102 438 3132 sit
463 3112 508 3132 ca.
546 3102 674 3141 exceptis
697 3102 910 3141 impedimentz's
942 3114 1022 3143 quae
1056 3105 1127 3134 dixi
1152 3104 1299 3134 humanae
1338 3104 1389 3142 (ut
1413 3102 1487 3141 vca)
1524 3104 1545 3132 i.
1570 3103 1667 3142 probe
1693 3105 1756 3133 sint
1785 3105 1814 3133 2.
1840 3113 1865 3133 c.
1891 3103 1933 3140 gl.

106 3158 265 3188 commoda.
293 3159 528 3189 conuenientia.
578 3158 612 3199 *)
640 3159 889 3198 Borysthenites
914 3161 1058 3191 Di'mtzer
1083 3161 1136 3197 lv.
1164 3162 1215 3191 86.
1243 3160 1310 3190 Van
1338 3160 1467 3189 Heusdc
1494 3160 1593 3189 Lucil.
1621 3170 1649 3197 p.
1679 3161 1751 3190 298.
