2148 3412
157 924 197 957 10

160 1292 198 1324 15

226 118 305 160 206
863 129 967 161 Aen.
996 130 1055 161 κη·
1081 129 1246 161 ronrn.
1274 129 1421 161 coium.

225 255 327 297 male
356 269 501 296 uerum
531 254 556 295 i.
590 267 623 295 e.
654 268 739 295 non
769 267 929 303 uerum,
963 260 1007 294 ut
1038 251 1111 307 (A.
1134 252 1211 302 IV,
1235 252 1301 308 8):
1325 254 1439 294 ‘male
1469 266 1571 294 sanct
1601 265 1779 295 sororem
1815 253 2048 296 Unam‘mem

224 330 468 384 adloquitur,
510 334 582 369 aut
612 327 711 368 male
743 329 943 369 examinat
974 326 999 367 i.
1032 340 1066 367 c.
1100 341 1182 367 non
1213 333 1349 381 potest
1378 327 1430 367 de
1461 326 1692 381 sapientiae
1723 326 1834 368 bono
1864 327 2050 382 nequitia

223 401 421 444 iudicare.

336 476 371 515 9.
406 474 595 530 Leporem
625 483 811 516 sectatus.
872 473 1062 515 Venatus
1093 473 1264 515 scilicet.
1325 473 1457 514 Modo
1493 472 1615 514 dicit:
1663 473 1872 527 quomodo
1916 474 2049 529 possis
2110 502 2111 507 =

222 562 355 603 paruo
386 561 475 589 esse
512 554 747 589 contentus:
795 547 820 588 i.
853 562 887 588 e.
918 548 1052 589 lassus
1083 555 1154 588 aut
1183 562 1290 603 equo
1328 554 1398 588 aut
1435 547 1656 589 uenatione
1694 554 1766 588 aut
1800 561 1947 603 pugna
1982 554 2052 589 aut
2110 586 2111 592 ,

222 621 555 676 quibuscumque
601 621 970 663 exercitationibus
1016 635 1166 676 sperne
1217 620 1565 675 qualemcumque
1610 620 1769 670 cibum,
1820 620 1855 662 si
1904 620 2050 675 possis.

221 695 389 737 Docere
428 695 536 745 uult,
583 695 832 736 suauitatem
872 694 1061 736 ciborum
1101 709 1151 736 ex
1192 694 1335 736 labore
1373 694 1611 750 prouenire,
1658 693 1735 735 etsi
1773 693 1891 736 cibus
1929 694 2052 736 fuerit
2110 734 2112 737 ,

222 769 358 811 uilior.

338 844 400 884 11.
429 845 628 898 yraecarz'.
689 843 842 884 Potare
874 842 1059 899 (iocari),
1105 843 1263 892 ludere,
1311 842 1432 896 quasi
1463 857 1487 883 a
1519 839 1699 884 Graecis
1731 842 1835 884 haec
1865 841 1949 883 sint
1978 841 2048 883 in—

222 917 395 973 uenta‚[.
455 916 535 959 Est
573 916 671 975 hoc]
711 925 749 958 ct
788 926 848 958 est
884 916 1061 958 uerbum
1102 917 1329 971 deponens.
1388 917 1553 958 Alias:
1599 916 1798 957 Graecari
1823 921 1869 956 ut
1899 915 2051 970 (Plaut.
2111 919 2113 953 J

223 991 338 1032 Men.
370 990 475 1046 prol.
510 992 602 1045 1⁷12)
633 993 867 1045 φηθειὶςεαῖ,
912 990 1032 1044 quasi
1065 991 1188 1032 ludus
1224 990 1477 1032 Graecorum
1508 989 1574 1039 sit,
1619 1004 1669 1030 ac
1700 1003 1777 1044 per
1806 989 1886 1030 hoc
1917 989 2054 1030 ludere
2111 989 2142 1030 ξε

224 1079 350 1120 seque
382 1079 574 1114 auocare,
610 1064 686 1121 [ct]
722 1064 930 1106 conuiuiis
960 1078 1133 1118 operam
1165 1063 1278 1104 dare.

336 1153 406 1180 seu
434 1139 518 1195 pila
549 1138 682 1179 uelox.
750 1136 800 1177 Id
832 1144 907 1179 est:
955 1151 1027 1178 seu
1057 1144 1096 1178 te
1127 1137 1227 1192 pila,
1275 1151 1347 1178 seu
1378 1137 1517 1179 discus
1560 1136 1740 1178 delectat
1785 1135 1921 1178 studio
1967 1151 2052 1187 suo,

224 1227 306 1267 quo
336 1212 541 1267 paulatim
572 1212 748 1253 nimium
780 1212 966 1253 laborem
1000 1210 1170 1266 decipit,
1217 1210 1448 1260 uideamus,
1496 1210 1529 1251 si
1574 1217 1670 1265 post
1714 1208 2055 1252 exercitationem

225 1285 441 1341 copiosum
473 1285 614 1327 cibum
645 1294 828 1340 expetas.

339 1360 402 1401 13.
435 1360 634 1401 cedentem
648 1374 756 1400 ctera.
816 1358 919 1400 Ideo
949 1359 1018 1408 ait,
1052 1359 1251 1413 quoniam
1283 1373 1354 1399 aer
1384 1357 1489 1399 leuis
1521 1364 1558 1398 et
1590 1371 1801 1399 concauus
1832 1356 1956 1398 facile
1987 1370 2054 1398 ce·
2111 1359 2112 1405 ἶ

225 1432 286 1474 dit
306 1432 494 1489 grauiori
515 1432 726 1474 materiae.
788 1431 973 1473 Aliter.
1003 1441 1088 1488 pete
1111 1433 1191 1473 ced.
1216 1447 1313 1473 aera
1336 1433 1454 1473 disco.
1514 1430 1564 1471 Id
1595 1438 1668 1481 est,
1701 1430 1812 1472 iacta
1841 1430 1884 1471 in
1917 1444 2054 1472 aerem

225 1506 400 1556 discum,
434 1506 505 1560 qui
538 1506 646 1547 cedit
679 1505 873 1547 omnibus
906 1506 1082 1547 iactatis.

340 1582 403 1621 14.
435 1581 648 1621 extuderit.
710 1578 976 1636 [Excusserit
1005 1579 1029 1620 i.
1061 1580 1116 1636 e.]
1150 1579 1323 1620 delicias
1354 1579 1431 1620 tibi
1463 1578 1646 1628 eiecerit,
1680 1578 1922 1620 excusserit.

339 1655 403 1694 14.
435 1655 574 1695 siccus.
637 1651 806 1694 Sitiens.

340 1728 403 1768 15.
436 1727 588 1784 Sperne
620 1727 690 1768 cib.
721 1727 790 1767 uit.
854 1724 1027 1767 Scilicet
1058 1726 1093 1768 si
1122 1733 1255 1781 potes,
1288 1726 1428 1768 facito.

339 1802 402 1842 15.
438 1802 500 1842 16.
532 1802 612 1842 nisi
648 1801 850 1856 Hymettia
889 1800 1005 1841 mella
1048 1800 1214 1841 Falerno
1255 1800 1315 1842 Ne
1357 1800 1497 1841 biberis
1539 1800 1677 1841 diluta.
1739 1798 1927 1856 [Mixta.]
1972 1797 2056 1839 Per
2110 1826 2113 1861 ἑ

223 1874 597 1929 interrogationem
629 1874 708 1914 hoc
739 1873 860 1921 dieit3
894 1888 988 1914 cum
1020 1873 1149 1915 fueris
1179 1873 1317 1927 inquit
1346 1872 1490 1915 labore
1521 1873 1734 1929 fatigatus,
1775 1887 1860 1915 non
1891 1871 2055 1927 quaeris

223 1947 386 1990 nobiles
417 1947 546 1997 cibos,
579 1947 651 1988 sed
673 1947 1002 2001 qualescumque
1023 1946 1203 1987 libenter
1224 1946 1422 1987 adsumis.
1483 1947 1622 1988 diluta.
1659 1946 1810 1987 Mixta.
1859 1946 2057 2003 Hymettia

158 2031 164 2041 ⁸
224 2022 341 2063 mella
377 2022 546 2062 Falerno
578 2022 906 2074 περιφραστικῶς
938 2020 1150 2060 conditum
1183 2019 1296 2060 dicit.

318 2178 350 2215 1)
377 2177 559 2207 unanimem
575 2174 685 2218 7,th.
706 2176 891 2205 unanimam
908 2175 1001 2205 Ribb.
1053 2175 1087 2215 2)
1113 2175 1291 2214 nequitiam
1315 2175 1389 2217 ·s,fh.
1407 2175 1549 2214 nequitia
1567 2175 1605 2211 Q.
1653 2176 1690 2214 4)
1716 2175 1795 2205 dicit
1819 2175 1897 2217 ·s‚fh.
1915 2174 1942 2211 Q
1958 2175 2056 2205 tacite

224 2235 340 2265 incule.
368 2234 462 2265 dizit.
489 2234 594 2272 possis
620 2242 720 2271 paruo
744 2243 771 2275 γ.
799 2242 848 2271 pa.
876 2243 926 2271 po.
952 2232 1027 2268 th.
1089 2233 1123 2272 5)
1149 2232 1270 2263 Lassus
1296 2242 1376 2271 equo
1401 2242 1428 2274 γ.
1492 2233 1526 2272 6)
1552 2231 1742 2270 quibusdam
1765 2241 1791 2274 γ.
1842 2233 1877 2272 9)
1899 2230 2053 2272 ⁸qraecari.

224 2292 323 2322 iocari
348 2291 425 2332 fifh.
451 2299 564 2329 graece
590 2289 692 2320 ludere
718 2288 765 2329 (Ῠ)
792 2289 830 2327 G,
857 2289 955 2326 Med,
981 2294 1066 2319 teste
1082 2289 1119 2326 Q,
1147 2299 1206 2320 om.
1234 2289 1484 2328 quasi—dare.
1510 2298 1625 2327 graece
1649 2289 1747 2319 iocari
1769 2299 1853 2327 iuva,
1879 2298 1939 2319 om.
1966 2288 2056 2328 quasi

224 2367 264 2370 —-
292 2349 377 2378 dare.
403 2348 453 2378 De
486 2346 619 2377 Graecis
652 2346 725 2376 iocis
757 2347 808 2375 hic
840 2356 904 2375 non
937 2347 1055 2384 agitur,
1092 2347 1169 2376 hine
1202 2356 1257 2384 pro
1283 2345 1381 2375 iocari
1405 2345 1502 2383 (conf.
1529 2346 1601 2375 Aer.
1628 2355 1724 2385 supra
1748 2346 1788 2375 ad
1814 2345 1845 2375 S.
1871 2345 1912 2384 11,
1941 2348 1970 2383 1,
1997 2344 2052 2384 73)

224 2407 315 2445 posui
338 2409 455 2444 potare,
482 2405 566 2443 quod.
592 2404 783 2433 inlustratur
809 2404 988 2440 conpositis
1014 2404 1120 2432 uerbis
1143 2403 1344 2442 ρεφῃναεεανί
1372 2404 1392 2433 i.
1412 2413 1437 2433 e.
1469 2406 1579 2441 potare
1605 2412 1661 2441 per
1687 2407 1810 2432 noctem
1834 2402 1939 2432 Plaut.
1957 2402 2053 2432 Most.

223 2463 248 2500 I,
279 2464 306 2499 1,
335 2463 373 2491 21
402 2465 433 2490 et
457 2461 639 2490 Titinnium
665 2470 715 2497 ap.
743 2459 873 2489 Festum
900 2469 923 2488 S.
950 2469 978 2488 u.
1007 2463 1034 2488 ct
1066 2468 1269 2498 conyraecare
1301 2469 1411 2489 aurum
1446 2461 1465 2488 i.
1499 2470 1524 2489 e.
1559 2459 1699 2498 potando
1730 2468 1919 2489 consumere
1949 2459 2054 2488 Plaut.

223 2519 338 2548 Bacch.
366 2518 420 2553 IV,
446 2519 476 2554 4,
503 2518 555 2546 91.
582 2516 661 2546 conf.
683 2516 725 2545 C:
756 2515 916 2545 Graecari.
944 2520 1065 2554 potare,
1092 2516 1250 2546 conuiuiis
1277 2526 1404 2554 operam
1429 2517 1503 2545 dare
1529 2515 1723 2546 Graecorum
1747 2526 1843 2546 more.
1902 2515 1957 2554 10)
1983 2517 2054 2544 sunt

221 2584 248 2616 γ.
275 2579 301 2603 et
323 2579 365 2604 est
387 2584 414 2616 γ.
442 2574 512 2602 rell.
542 2573 596 2602 Est
618 2573 681 2602 Ιιοσ.
742 2573 796 2611 11)
823 2573 995 2609 graecissat
1017 2582 1044 2614 γ.
1073 2576 1104 2601 et
1130 2573 1176 2601 sic
1200 2581 1250 2610 ap.
1278 2572 1384 2603 Plaut.
1412 2574 1432 2602 l.
1459 2573 1487 2603 l:
1514 2577 1741 2611 argumentum
1767 2573 1956 2611 graecissat.
1983 2571 2051 2601 rell.

223 2632 404 2669 graecisset.
430 2630 522 2659 ludus
545 2629 624 2671 7111.
651 2629 735 2658 lusus
760 2630 860 2658 tacite
886 2629 999 2658 inculc.
1028 2628 1065 2664 Q.
1103 2629 1204 2658 ludum
1242 2639 1359 2659 nouum
1393 2630 1472 2668 (non
1504 2630 1624 2669 lusum)
1655 2630 1718 2660 sibi
1752 2630 1941 2668 excogitant
1973 2627 2052 2667 (Cic.
2109 2652 2112 2675 ἶ

225 2686 315 2717 Orat.
343 2687 401 2724 ΠΙ,
432 2688 496 2725 15),
524 2687 543 2714 i.
571 2695 596 2714 e.
621 2694 677 2723 quo
697 2684 810 2722 fallant
833 2689 960 2723 tempus;
988 2685 1113 2714 luditur
1138 2689 1246 2715 autem
1271 2686 1352 2715 lusus
1377 2686 1459 2716 Gell.
1477 2686 1594 2724 XVIII,
1614 2687 1663 2724 13,
1689 2688 1777 2717 aleae
1802 2685 1888 2716 Suet..
1914 2684 1982 2715 Cal.
2000 2685 2054 2721 41,
2110 2683 2112 2708 ἵ

223 2745 415 2774 calculorum
440 2743 524 2772 Plin.
552 2742 588 2771 E.
615 2741 683 2779 VII,
712 2742 753 2771 24
780 2746 839 2771 ete.
904 2743 959 2782 12)
986 2746 1012 2771 et
1042 2751 1102 2772 om.
1127 2752 1153 2784 γ.
1222 2743 1276 2781 15)
1304 2747 1452 2781 expectas
1475 2742 1568 2786 γΟτΝ.
1633 2743 1688 2782 17)
1713 2743 1820 2773 Aliter
1844 2753 1870 2784 γ.
1896 2732 2051 2773 relis'om-

416 2809 442 2841 γ.
469 2799 538 2829 rell.
565 2808 651 2828 aera.
719 2799 774 2837 lv)
801 2797 959 2828 extuderit
983 2809 1008 2841 γ,
1035 2803 1068 2828 ut
1094 2799 1157 2842 Βφ,
1195 2809 1328 2837 quorum
1353 2800 1436 2830 alter
1461 2799 1721 2837 EXTVDERIT,
1760 2800 1843 2829 alter
1868 2798 2052 2830 EXSTVD.

224 2857 263 2886 ad
288 2865 391 2894 marg.
418 2857 526 2886 habet.
554 2856 744 2885 rectissime.
774 2855 955 2884 extenderit
980 2856 1093 2885 Ambr.
1120 2859 1230 2885 eontra
1255 2861 1402 2886 metrum.
1434 2857 1589 2886 Pithoeus
1614 2856 1653 2885 ad
1677 2856 1780 2894 Marg.
1807 2857 1855 2885 ed.
1881 2855 1969 2888 Med,
1996 2854 2052 2884 742

225 2913 276 2941 ‘aL
303 2913 490 2949 extruderit,
528 2916 590 2942 vet.
630 2912 799 2949 extuleras
838 2913 921 2950 quod
948 2913 1045 2942 etiam
1071 2916 1181 2942 exstat
1208 2914 1238 2942 in
1265 2913 1384 2943 EDOP
1408 2913 1526 2942 Bernn.
1553 2912 1582 2941 A
1608 2911 1719 2950 (corr.)
1745 2912 1778 2942 F.
1804 2912 1973 2942 Glossema
1997 2921 2052 2941 ex-

218 2969 339 3007 pulerit
363 2969 502 3008 (Bentl.)
528 2979 591 2999 non
617 2968 746 2998 offendi.
773 2968 857 2998 conf.
884 2969 958 2998 Fea.
986 2968 1177 2998 Excusserit
1206 2970 1226 3001 i.
1246 2980 1272 2998 e.
1300 2970 1376 3005 th.
1403 2969 1795 2999 Delitiasfflexeusserit
1818 2979 1844 3011 γ.
1872 2970 1929 2998 hoc
1954 2967 2051 2997 schol.

224 2818 265 2821 —‹
291 2809 392 2828 ἃθΓΘΊῙῑ

226 3030 258 3055 et
283 3035 369 3063 seqq.
396 3035 495 3063 usque
519 3026 559 3054 ad
585 3035 614 3054 u.
647 3027 683 3054 18
711 3025 931 3064 (Lati-antem)
957 3034 1016 3054 om.
1042 3035 1125 3054 mva.
1151 3025 1255 3055 siccus.
1289 3026 1412 3055 Sitiens
1442 3036 1467 3067 γ.
1494 3026 1564 3055 rell.
1591 3035 1651 3054 om.
1684 3025 1803 3063 Sperne
1833 3043 1868 3046 μ-
1901 3025 1999 3054 facito
2022 3033 2049 3066 γ.

225 3083 294 3112 rell.
321 3092 380 3112 om.
430 3084 486 3121 22)
513 3082 643 3112 Lemma
668 3082 763 3112 dilata
788 3083 994 3120 amplificaui.
1021 3082 1126 3112 diluta.
1153 3087 1332 3121 temperata
1356 3082 1416 3126 Βφ.
1467 3082 1523 3120 23)
1550 3082 1654 3120 queris
1671 3091 1696 3123 γ.
1717 3083 1786 3111 rell.
1805 3090 1944 3120 quaeres.
1993 3079 2049 3118 24)

227 3138 366 3168 adsumis
390 3148 416 3180 γ.
444 3139 512 3168 rell.
539 3148 685 3169 assumes.
713 3156 755 3159 ——
780 3139 889 3169 Mixta
914 3139 957 3177 gl.
986 3148 1026 3168 ex
1050 3148 1078 3182 γ.
1104 3139 1134 3169 h.
1153 3139 1173 3168 l.
1200 3139 1376 3169 conlocaui.
