2148 3412
137 956 175 986 10

135 1324 174 1355 15

202 148 281 189 286
838 159 941 191 Aca.
969 158 1027 188 ivr
1056 158 1220 189 rourfl.
1247 158 1395 189 comi.

313 284 378 325 39.
415 282 647 337 Lccnym'dus
677 284 719 324 in
751 283 838 324 cub.
903 282 1156 336 Lanquidum
1187 282 1287 323 uino
1318 281 1424 322 dixit
1455 282 1481 323 i.
1513 295 1547 323 e.
1578 281 1685 323 bene
1717 288 1917 330 saturum,
1954 295 2029 322 re-

201 364 415 398 cusantem
446 355 563 397 cibos
599 355 681 396 iam
726 354 895 397 fastidio
940 354 1119 396 faciente
1166 354 1400 409 (fastidium
1433 354 1720 409 patientem?).
1786 355 2029 410 Lanquidus.

200 429 251 471 Id
281 437 355 480 est,
387 429 591 479 nesciens,
625 429 723 484 quia¹
745 428 779 469 si
801 428 1030 470 secundum
1054 428 1296 483 qualitatem
1320 443 1436 470 suam
1460 428 1597 484 pisces
1619 428 1661 468 in
1684 442 1857 470 caenam
1878 427 2032 470 fuerint

200 502 408 559 apparati,
442 502 553 558 quod
585 502 710 544 etiam
742 502 942 558 fatigatus
974 502 1068 544 cibo
1100 512 1138 542 et
1161 502 1302 543 ebrius
1326 501 1505 543 ‹vonuiua
1527 510 1661 557 potest
1684 502 1888 543 suauitate
1910 516 2031 544 reuo-

201 576 287 619 cari
319 577 373 617 ad
405 590 591 618 caenam.

313 651 378 691 40.
414 651 567 692 Umber.
630 649 677 690 Id
711 661 784 693 est.
832 651 882 690 de
916 649 1092 692 Umbria
1129 664 1232 705 aper
1264 650 1404 691 suauis
1436 660 1518 698 est3
1567 649 1600 690 is
1640 649 1914 690 crassitudine
1959 664 2033 691 sua

200 725 341 766 lances
387 738 521 779 paene
568 734 728 773 cui-nat,
776 739 846 765 eas
878 723 1035 764 scilicet
1082 724 1235 773 lances,
1280 738 1389 778 quae
1421 722 1570 764 uitiant
1601 737 1753 778 corpus
1784 722 1965 764 hominis
1994 732 2033 764 et

199 799 312 840 iners
343 798 514 848 faciunt,
552 797 704 839 multas
735 807 859 852 atque
891 797 1030 838 uarias
1062 811 1178 838 escas
1209 796 1580 839 subministrando.
1643 797 1796 839 Umber.
1856 797 1898 837 A
1927 796 2032 848 loeo,

200 872 252 914 de
283 871 480 914 Umbria.
541 872 674 926 z'lvfflza.
733 870 805 911 Ab
836 870 932 912 ilice
964 870 1183 912 deriuatio.
1243 871 1402 926 glande.
1434 869 1596 912 Ilicina.

313 947 379 986 41.
414 960 578 987 carnem
608 947 773 986 w'lcmle's
803 947 977 986 hiemem.
1040 942 1203 986 Carnes
1224 944 1438 987 hominum
1476 946 1630 986 inertes
1664 945 1900 995 facientem,
1937 945 2035 999 quia

200 1019 235 1062 si
265 1019 442 1061 multum
474 1027 533 1060 est
565 1018 718 1073 aliquis
754 1032 922 1059 mensae
954 1018 1151 1073 optimae,
1198 1018 1370 1060 uitiatur
1400 1019 1488 1060 eius
1527 1018 1784 1060 stomachus.
1845 1017 2032 1060 Aliter.

200 1093 374 1135 Mensas
404 1092 584 1134 uitantes
615 1093 789 1133 inertem
825 1107 1008 1141 carnem,
1054 1092 1133 1133 hoc
1164 1102 1237 1137 est.
1283 1091 1433 1147 pingui
1469 1101 1506 1134 et
1554 1092 1740 1148 pondere
1786 1092 1879 1147 ipso
1924 1092 2033 1134 sub-

201 1167 359 1208 dentes.

314 1241 380 1281 42.
417 1240 600 1282 Laurens
633 1241 775 1282 malus.
837 1239 904 1281 De
922 1240 1155 1282 Laurentio
1187 1240 1286 1289 solo,
1320 1239 1479 1282 scilicet
1511 1254 1614 1295 aper
1643 1254 1694 1281 ex
1725 1240 1829 1282 1000.
1889 1240 2033 1290 malus,

200 1314 244 1356 id
271 1322 346 1364 est,
378 1314 539 1356 noxius.

316 1389 437 1431 uluis.
499 1387 645 1430 Herba
679 1388 890 1443 palustris.
954 1390 1073 1431 Maro
1112 1387 1186 1443 (A.
1220 1387 1278 1437 X,
1322 1390 1414 1429 709.
1454 1389 1582 1441 710ss
1628 1388 1727 1429 silua
1765 1388 1911 1430 Pascus
1955 1388 2034 1430 Iza-

200 1463 415 1505 rundinea.

308 1538 482 1593 pinquis.
542 1535 747 1577 Insuauis.

313 1611 379 1651 43.
414 1624 582 1666 capreas
613 1624 694 1651 non
735 1624 888 1666 semper
926 1611 1071 1651 edules.
1153 1611 1265 1662 Quia
1312 1624 1386 1664 per
1431 1610 1612 1651 hiemem
1645 1623 1812 1651 macrae
1857 1615 1952 1650 sunt
1996 1616 2035 1650 et

134 1696 144 1708 ‘
202 1698 286 1726 non
317 1684 509 1725 eduntur.

313 1759 379 1798 44.
414 1759 599 1800 Feczcndz'
625 1758 783 1814 leporis.
844 1757 933 1798 Aut
964 1757 1063 1811 quia
1096 1757 1270 1814 [dicitur
1301 1757 1446 1814 saepe]
1488 1757 1687 1799 dicuntur
1731 1767 1794 1798 ter
1837 1758 1880 1798 in
1926 1771 2035 1799 anno

201 1846 364 1887 parere,
397 1838 465 1872 aut
499 1830 618 1887 [quia
648 1846 730 1872 uno
762 1831 871 1872 coitu
905 1831 1109 1888 concipit]
1159 1831 1257 1886 quia.
1302 1831 1499 1872 (licuntur
1543 1845 1709 1886 semper
1755 1839 2035 1888 praegnantes

201 1919 294 1954 esse*
322 1905 501 1961 lepores.

340 2154 372 2191 1)
398 2151 499 2190 Lang.
528 2153 559 2181 in
586 2153 730 2182 cubitum
756 2170 794 2173 m
823 2152 960 2182 faciente
987 2151 1144 2189 G,inan.
1171 2162 1231 2182 om.
1260 2152 1334 2192 mi.
1373 2158 1536 2183 recusante
1561 2163 1590 2182 v.
1658 2153 1692 2192 2)
1720 2153 1926 2183 scribendum
1967 2157 2033 2184 est:

202 2209 364 2239 fastidium
382 2208 570 2247 patientem.
597 2208 679 2239 conf.
707 2219 734 2239 u.
753 2210 804 2239 58.
837 2226 867 2229 —
899 2209 1077 2248 ergquz'dus
1102 2227 1143 2230 -
1169 2219 1303 2239 caenam
1326 2209 1401 2252 fifh.
1452 2212 1487 2249 3)
1513 2210 1583 2240 fuei·
1607 2221 1633 2253 γ.
1684 2212 1719 2250 6)
1746 2216 1796 2241 est
1819 2220 1846 2252 γ.
1873 2210 1941 2240 rell.
1966 2219 2031 2240 om.

200 2265 226 2295 is
249 2275 275 2307 γ.
302 2266 371 2295 rell.
410 2266 443 2295 id
469 2271 526 2296 est.
587 2266 623 2305 8)
648 2266 769 2296 Umber
794 2276 811 2295 a
836 2266 855 2295 l.
884 2267 923 2296 tle
948 2266 1082 2296 Umbria
1108 2266 1152 2304 gl.
1178 2275 1219 2295 ex
1243 2276 1269 2307 γ.
1297 2267 1365 2296 rell.
1392 2278 1454 2297 om.
1515 2269 1549 2305 9)
1576 2267 1670 2307 {liqna
1695 2268 1733 2297 ab
1759 2267 1790 2296 il.
1828 2266 1980 2297 diriuatio
2004 2276 2031 2309 γ.

200 2323 268 2352 rell.
296 2333 358 2352 om.
387 2322 428 2352 C:
457 2322 581 2352 ‘Umber
605 2328 632 2352 ec
655 2323 760 2362 iliyncz.
788 2334 805 2352 a
824 2324 900 2359 1000,
928 2324 967 2352 (le
986 2322 1120 2353 Umbria
1144 2322 1265 2352 scilicet.
1292 2323 1396 2362 iliyrta.
1423 2324 1622 2354 deriuatiuum
1647 2325 1686 2355 ab
1706 2325 1789 2354 ilice.
1814 2323 1902 2361 Aper
1926 2327 2033 2354 autem

202 2381 344 2410 nutritus
370 2379 471 2418 iligna
497 2380 612 2418 glande
639 2380 773 2409 solidam
801 2389 926 2410 carnem
953 2381 1049 2409 habet
1078 2385 1109 2410 et
1134 2380 1280 2410 dulcem.'
1319 2380 1429 2410 ilicimz
1452 2391 1478 2422 γ.
1507 2382 1575 2410 rell.
1603 2391 1662 2411 om.
1687 2380 1789 2411 forma
1814 2390 1879 2411 non
1905 2380 2032 2410 Latina.

201 2438 308 2467 iliceus
333 2437 418 2467 Stat.
443 2437 478 2466 T.
505 2437 558 2473 VI,
589 2438 662 2474 101,
689 2441 724 2466 ut
751 2437 879 2467 siliceus
905 2436 988 2467 Cato
1014 2438 1050 2467 lt.
1078 2437 1114 2467 R.
1146 2438 1196 2469 18.
1223 2438 1252 2474 3,
1285 2441 1313 2466 et
1340 2438 1456 2476 iligmcs
1481 2438 1551 2467 Ter.
1577 2438 1638 2467 Ad.
1665 2437 1719 2474 IV,
1739 2438 1770 2473 2,
1788 2437 1841 2467 46.
1869 2437 1966 2476 Verg.
1995 2436 2032 2467 G.

200 2495 256 2532 ΙΙΙ,
285 2495 361 2531 330,
387 2498 484 2532 atque
510 2495 643 2532 iligneus
667 2493 789 2523 Colum.
816 2493 870 2531 VI,
896 2496 926 2524 3.
953 2494 1023 2524 VII.
1052 2496 1081 2531 6,
1120 2498 1153 2523 ut
1180 2495 1319 2533 salignas
1344 2494 1426 2524 Cato
1452 2494 1487 2524 R.
1517 2494 1552 2524 P..
1581 2496 1622 2524 20
1649 2498 1680 2524 et
1706 2495 1866 2532 saligneus
1891 2492 1960 2523 Col.
1978 2492 2032 2531 VI,

203 2553 232 2581 2.
259 2551 315 2589 IX,
345 2552 395 2581 15.
422 2555 535 2581 contra
559 2550 762 2590 bombycinus
787 2551 870 2580 Plin.
886 2550 941 2582 XI.
961 2552 1012 2580 22.
1040 2550 1108 2580 qu.
1135 2551 1190 2588 VI,
1210 2552 1283 2583 258,
1310 2551 1451 2581 Martial.
1478 2551 1566 2588 xlv,
1587 2552 1639 2588 24,
1661 2553 1689 2588 l,
1716 2555 1747 2580 et
1773 2550 1958 2589 bombycz’us
1982 2550 2033 2580 uel

202 2608 387 2648 bombycias
414 2603 582 2649 (Κάλαμος
600 2605 777 2650 βομβυκίας
800 2608 978 2647 Theophr.)
996 2608 1081 2638 Plin.
1100 2607 1186 2646 XVI,
1206 2609 1258 2638 36.
1340 2610 1395 2647 10)
1420 2618 1450 2637 u.
1470 2609 1508 2637 41
1536 2609 1633 2638 habet
1649 2617 1682 2650 γε
1709 2606 1839 2637 uitantis.
1859 2607 1901 2636 al.
1920 2606 2033 2636 uitian-

202 2668 244 2696 tis
271 2667 303 2704 (1
331 2666 400 2704 nr).
455 2665 578 2695 Carnes
615 2665 778 2695 hominum
814 2669 841 2694 et
865 2666 985 2695 inertes
1011 2664 1159 2695 facientes
1183 2675 1212 2703 q.
1240 2675 1263 2694 s.
1289 2675 1330 2694 m.
1358 2670 1408 2694 est
1433 2665 1554 2703 aliquis
1580 2665 1704 2703 apimae
1729 2674 1758 2693 u.
1785 2673 1812 2693 e.
1839 2663 2031 2693 stomachus.

201 2723 242 2753 al.
271 2740 312 2744 ψ
337 2723 513 2753 subdentes
545 2731 572 2764 γ.
604 2722 674 2751 rell.
708 2731 768 2752 om.
806 2722 932 2760 apimae
957 2731 982 2763 γ.
1020 2722 1112 2760 posui
1152 2721 1266 2760 opimae
1306 2727 1337 2751 et
1375 2722 1485 2752 addidi
1520 2731 1645 2751 mensae.
1684 2720 1766 2751 conf.
1794 2719 1849 2751 Sil.
1873 2720 1930 2757 XI,
1958 2720 2031 2750 282.

202 2781 325 2818 opimus
350 2780 408 2809 bos
433 2778 501 2811 Cic.
530 2778 565 2808 T.
593 2778 630 2816 V,
657 2779 708 2808 34.
735 2778 847 2808 Diuin.
874 2778 898 2814 Ι,
926 2779 977 2808 52.
1016 2779 1113 2817 dapes
1137 2779 1235 2817 Vei-g.
1263 2779 1298 2808 A.
1326 2779 1382 2815 111,
1410 2780 1485 2809 2:24.
1553 2778 1608 2817 14)
1635 2778 1777 2808 Laurens
1803 2795 1845 2798 —
1870 2778 1939 2808 loco
1962 2787 1989 2819 γ.
2014 2785 2032 2806 a

202 2837 282 2867 loco.
309 2846 327 2865 a.
352 2836 526 2867 Laurentio
552 2835 640 2866 Latii
666 2836 783 2874 oppido
811 2834 846 2864 C.
873 2835 940 2864 rell.
966 2845 1026 2865 om.
1057 2835 1153 2865 malus
1171 2836 1287 2866 lemma
1304 2836 1483 2874 interposui
1502 2836 1522 2865 i.
1544 2845 1569 2865 e.
1588 2836 1709 2865 noxius
1725 2845 1752 2877 γ.
1778 2835 1885 2865 malus.
1912 2835 2031 2865 noxius

203 2894 239 2923 C.
267 2894 335 2923 rell.
362 2903 422 2924 om.
475 2894 530 2932 16)
554 2892 641 2923 uluis.
668 2892 777 2922 Herba
803 2892 977 2930 paulustris
1007 2910 1048 2913 —
1078 2894 1281 2923 harundinea
1304 2902 1331 2935 γ.
1356 2893 1425 2922 rell.
1451 2902 1510 2922 om.
1545 2891 1571 2921 C
1596 2893 1672 2921 ulua
1696 2895 1746 2922 est
1761 2892 1861 2921 herba
1877 2891 2031 2930 palustris

203 2950 250 2979 sie
274 2949 381 2980 Maro:
406 2950 518 2980 Pastas
540 2949 656 2989 siliquis
681 2954 708 2979 et
730 2948 879 2979 amndine
903 2949 1001 2988 lonqa.
1053 2951 1109 2989 18)
1131 2950 1262 2990 pin-quis.
1288 2950 1439 2979 Insuauis
1456 2958 1515 2978 om.
1533 2958 1559 2991 γ.
1612 2949 1668 2988 19)
1694 2949 1798 2978 iernen
1822 2958 1849 2990 γ.
1899 2948 1956 2986 21)
1983 2947 2031 2977 di·

204 3010 314 3036 cantur
339 3010 383 3035 ter
406 3016 432 3048 γ.
459 3007 528 3036 rell.
566 3006 682 3036 dicitur
706 3015 804 3045 saepe.
868 3002 925 3045 23)
953 3007 1029 3044 quia
1054 3016 1080 3035 a.
1109 3017 1134 3036 c.
1161 3008 1300 3046 concipit
1327 3006 1496 3036 delendam
1521 3006 1662 3043 glossam
1687 3008 1764 3043 puto
1790 3005 2030 3043 interpolatam.

192 3062 259 3101 sec.
296 3062 416 3101 leporis.
456 3063 531 3101 quia
557 3063 710 3092 dicuntur
736 3063 858 3100 lepores
885 3071 1010 3100 semper
1035 3071 1105 3092 esse
1131 3068 1352 3101 praegnantes.
1380 3080 1421 3083 --
1447 3062 1561 3091 scholii
1597 3066 1721 3100 partem
1755 3061 1827 3100 quia
1853 3079 1892 3082 —-
1918 3060 2031 3100 lepores

203 3129 263 3149 om.
291 3118 437 3156 G,man
462 3118 578 3159 (unc)

2128 293 2131 363 l
