2148 3412
113 961 150 993 10

110 1330 149 1361 15

182 158 263 199 294
818 168 922 200 Aen.
949 168 1009 199 ΕΤ
1036 167 1203 200 PouPH.
1231 167 1380 200 COMM.

293 294 357 334 59.
390 293 543 333 lactuca
572 292 731 333 innatat
766 293 862 333 acri.
937 290 1054 334 Hinc
1085 297 1276 347 apparet,
1323 291 1436 346 apud
1465 290 1644 334 Veteres
1672 290 1832 333 ultimis
1861 291 2017 333 mensis

178 366 385 408 lactucam
416 365 509 405 dari
545 364 722 406 solitam.

292 440 357 481 65.
387 440 533 495 pinqui
559 440 724 480 miscere
754 453 863 480 mero
893 454 944 480 m.
997 440 1148 495 Pinquz‘
1164 452 1287 487 mero,
1317 444 1454 480 musto
1464 453 1474 488 ς
1504 439 1665 480 miscere
1698 436 1878 495 [autem]
1911 445 2015 480 tem-

177 527 339 567 perare.

292 587 357 627 68.
391 586 634 643 Corycioque
666 601 783 628 croco
814 602 870 642 sp.
903 595 950 628 st.
1009 584 1101 627 Aut
1131 585 1304 641 proprie
1336 600 1466 636 croco,
1514 591 1584 626 aut
1615 599 1692 640 pro
1723 584 1823 626 uino
1856 600 2017 627 crocum

177 659 332 714 posuit,
363 666 407 701 ut
446 660 556 715 Ver-9.
589 658 664 716 (G.
698 659 733 710 Ι,
767 660 860 715 56);
896 674 1054 702 croceos
1089 660 1255 701 Tmolus
1287 660 1437 701 odores-

293 734 357 774 73.
385 734 540 787 faecem
570 733 642 788 (P).
706 731 980 775 Condimenti
1009 747 1143 789 genus
1175 732 1235 774 sic
1266 732 1515 788 adpellatur.

291 815 327 848 et
358 808 472 849 allec.
533 805 657 857 Nota,
693 806 846 863 [quod]
880 807 981 848 allec
1011 813 1159 848 neutro
1191 820 1348 863 genere
1379 805 1497 847 dixit.

291 881 355 922 75.
390 881 603 923 Increlum.
663 879 760 922 Non
792 886 970 922 cretum.

290 955 354 995 81.
400 955 546 996 Vilibus
576 956 618 995 iu
650 968 792 1010 scopes,
824 956 865 995 z‘n
895 958 1061 1010 mappis,
1121 955 1290 1011 Mappas
1311 952 1492 1007 Antiqui
1523 952 1734 1003 dicebant,
1767 966 1875 1007 quae
1906 968 2016 995 nunc

175 1028 366 1069 mantelia
414 1027 607 1069 dicimus.
643 1027 794 1084 [unde]
834 1028 1012 1069 Lucilius
1057 1026 1116 1068 ait
1148 1027 1219 1081 (ex
1249 1027 1330 1068 inc.
1362 1026 1456 1068 libr.
1488 1027 1639 1083 fragm.
1673 1028 1753 1068 103
1786 1024 1947 1081 Gerl.):
1981 1037 2016 1069 et

175 1102 286 1143 uellit
317 1116 497 1157 mappas,
555 1100 611 1142 Et
643 1101 721 1142 ait:
756 1108 913 1156 quanto
944 1101 988 1142 in
1018 1100 1084 1142 his
1114 1100 1293 1157 exiguus
1323 1108 1384 1142 est
1416 1108 1620 1156 sumptus,
1667 1107 1782 1142 tanto
1814 1100 2014 1156 culpandi

174 1174 313 1216 facilis
344 1174 585 1230 offensus.*)

288 1249 354 1290 83.
388 1249 542 1304 lapides
575 1249 726 1290 uarios.
786 1247 1006 1289 Marmora
1037 1247 1151 1289 dicit.

291 1323 356 1364 95.
390 1337 532 1379 queam
562 1324 669 1364 uitae
695 1336 829 1378 praec.
890 1321 1081 1364 Ironicos
1111 1329 1254 1363 totum.

290 1537 321 1574 1)
347 1537 463 1566 lattuca
491 1553 531 1556 e*
558 1536 707 1565 lattucam
731 1536 768 1565 R.
796 1536 923 1564 innatat
948 1536 1017 1575 affl’i
1042 1535 1086 1565 M.
1117 1535 1174 1564 Hic
1200 1544 1273 1573 app.
1298 1534 1346 1564 fh.
1412 1533 1446 1572 3)
1474 1533 1571 1563 mulso
1596 1533 1663 1563 afh.
1701 1538 1807 1564 autem
1832 1545 1893 1565 om.
1921 1534 2015 1566 MR2.

173 1594 333 1622 abstraere
358 1593 395 1621 R.
422 1594 557 1622 miscere
583 1593 602 1621 i.
630 1596 726 1630 temp.
752 1592 815 1634 Βφ.
882 1593 915 1631 ὃ)
942 1591 1007 1621 Aut
1032 1592 1159 1629 proprie
1185 1601 1275 1621 croco
1302 1594 1357 1619 ant
1384 1600 1440 1628 pro
1474 1591 1549 1620 uino
1575 1600 1703 1620 crocum
1729 1592 1837 1629 posuit
1865 1592 1959 1622 Mei-2.
1985 1596 2017 1622 uc

173 1650 312 1688 proprie,
343 1659 446 1679 croceo
470 1659 588 1688 genere
614 1650 700 1679 dixit
726 1649 761 1678 fh
789 1652 819 1679 et
846 1658 864 1678 a
890 1648 1020 1687 (croco),
1060 1652 1113 1677 aut
1136 1657 1182 1686 pr.
1211 1657 1299 1677 croco
1324 1657 1443 1685 genere
1469 1648 1556 1677 dixit
1582 1657 1612 1676 v.
1651 1647 1815 1687 coritioque
1838 1658 1935 1678 eroes».
1963 1652 2017 1679 aut

174 1715 230 1744 pro
256 1707 330 1736 uino
355 1716 480 1736 crocum
507 1707 616 1744 posuit
641 1706 677 1743 R,
704 1715 764 1737 om.
798 1705 863 1735 Aut
889 1715 935 1743 pr.
963 1714 1064 1735 croco.
1094 1702 1252 1744 Cotinoque
1276 1713 1365 1734 croco
1390 1714 1420 1734 v.
1472 1705 1511 1743 6)
1535 1713 1663 1734 croceus
1689 1708 1725 1734 ut
1750 1705 1852 1734 molos
1877 1705 1919 1734 M.
1947 1715 2015 1735 cro-

171 1772 242 1792 ceus
268 1768 301 1792 ut
332 1763 480 1792 Tlnnolus
505 1763 541 1791 R.
580 1771 703 1792 croceos
726 1767 762 1791 ut
792 1762 915 1791 Tmolus
942 1761 992 1790 Ae
1022 1761 1218 1799 (Thmolus).
1246 1761 1349 1792 locum
1374 1761 1470 1799 Verg.
1497 1770 1557 1790 om.
1587 1760 1675 1791 vafh.
1719 1761 1843 1792 Tmolus
1869 1762 1958 1792 Seru.
1985 1767 2015 1792 et

172 1818 305 1848 Probus.
332 1818 430 1848 Molas
454 1819 547 1848 Ribb.
575 1818 657 1848 conf.
677 1819 836 1849 Fleckeis.
864 1827 937 1847 ann.
958 1817 1118 1854 LXXVII,
1142 1818 1215 1847 195.
1235 1828 1323 1856 seqq.
1375 1819 1409 1857 7)
1435 1818 1479 1847 sic
1504 1818 1688 1856 appellatur
1713 1828 1774 1848 om.
1801 1818 1883 1862 2Βφ.
1912 1822 2014 1849 totum

172 1874 231 1904 hoc
256 1875 354 1905 schol.
383 1880 413 1905 et
440 1885 578 1914 sequens
604 1885 664 1905 om.
681 1874 716 1905 C.
767 1872 801 1916 8)
827 1875 907 1904 allec
923 1874 994 1910 MR,
1022 1875 1075 1913 qui
1102 1875 1239 1904 habent:
1266 1875 1305 1904 Et
1329 1874 1404 1904 allec
1429 1878 1506 1905 nota
1530 1874 1607 1904 allec
1633 1879 1747 1904 neutro
1774 1884 1889 1913 genere
1916 1876 2014 1905 dixit.

161 1931 285 1970 ιἴαεσενη
310 1933 401 1962 cond.
429 1942 502 1971 gen.
531 1933 577 1962 sic
603 1932 794 1970 appellatur,
821 1931 901 1970 quod
924 1932 1023 1961 tacite
1050 1932 1112 1961 inc.
1141 1930 1179 1966 Q.
1221 1931 1346 1961 Vitium
1373 1932 1485 1962 scholii
1512 1931 1610 1961 altius
1635 1932 1736 1969 latet3
1766 1941 1838 1961 nam
1867 1937 2014 1970 reputan-

173 1988 249 2018 dum
275 1993 324 2018 est
349 1990 499 2028 primum,
525 1999 589 2020 non
615 1988 736 2018 faecem
763 1988 818 2019 sed
836 1988 917 2018 allec
935 1997 1005 2017 esse
1023 1987 1250 2026 condimentum,
1277 1989 1395 2018 deinde
1422 1997 1483 2017 non
1510 1987 1631 2018 faecem
1651 1989 1752 2018 solam
1770 1989 1826 2018 sed
1840 1988 1965 2027 faecem
1989 1994 2016 2019 ec

172 2044 249 2074 allec
273 2045 431 2083 adpellari
457 2046 655 2076 condimenti
681 2055 794 2084 genus.
844 2045 1008 2075 Lemmate
1046 2045 1240 2083 amplificato
1278 2045 1386 2074 omnia
1424 2050 1499 2075 sunt
1536 2045 1639 2074 clara:
1658 2044 1786 2083 faecem
1812 2063 1854 2066 »ἢ
1878 2050 1905 2075 et
1927 2046 2012 2076 allec.

174 2100 379 2132 Condimenti
405 2111 505 2140 genus
533 2103 579 2132 sic
604 2102 796 2140 adpellatur.
826 2101 919 2131 Hanc
945 2101 1057 2132 scholii
1083 2104 1206 2139 partem
1234 2101 1349 2131 habent
1374 2101 1463 2139 vasli,
1497 2102 1631 2131 alteram
1650 2102 1844 2132 abiecerunt.
1877 2103 1913 2132 In
1931 2103 2013 2133 hane

173 2158 253 2188 Nota
277 2160 470 2189 uocabulum
496 2160 633 2189 intrauit
659 2169 699 2189 ex
726 2160 871 2198 margine
897 2159 1016 2188 ueteris
1042 2159 1128 2196 libri,
1159 2159 1214 2188 ubi
1241 2157 1462 2195 Grammatici,
1501 2160 1555 2197 qui
1582 2159 1706 2189 indices
1733 2159 1913 2199 (Register)
1940 2170 2013 2189 con-

172 2215 325 2245 ficiebant
348 2220 380 2245 et
406 2216 535 2246 nomina
560 2217 689 2254 propria
715 2220 747 2246 et
771 2216 966 2254 adpellatiua
991 2215 1124 2244 rarioris
1149 2225 1225 2245 usus
1250 2220 1305 2245 aut
1331 2216 1428 2245 uerbo
1455 2216 1534 2245 Nota
1558 2220 1614 2245 aut
1640 2217 1708 2246 eius
1734 2216 1817 2255 siglo
1842 2217 1884 2253 N,
1904 2209 2011 2247 'cuius

172 2272 280 2301 nai-iae
306 2273 512 2303 exsistebant
537 2273 668 2310 formae,
703 2273 890 2311 significare
916 2274 936 2302 i.
965 2282 990 2302 e.
1018 2276 1130 2302 notare
1156 2272 1312 2302 solebant.
1361 2272 1437 2302 Rem
1475 2273 1570 2311 tetigi
1608 2274 1641 2302 in
1678 2273 1789 2303 libello
1827 2273 1865 2302 de
1903 2274 2012 2303 codice

171 2328 262 2357 Baro.
283 2338 310 2366 p.
331 2330 383 2358 31.
433 2329 520 2365 Quae
547 2339 616 2359 cum
643 2330 689 2358 ita
716 2330 794 2365 sint,
820 2330 879 2358 hoc
906 2330 1049 2359 scholion
1076 2330 1196 2366 euadit,
1224 2330 1351 2358 sublato
1379 2330 1477 2359 etiam
1504 2330 1664 2368 superfluo
1690 2331 1840 2360 lemmate
1867 2334 1893 2359 el
1916 2330 2007 2361 allec:

172 2384 264 2414 Allee
281 2390 391 2415 neutro
409 2395 524 2423 genere
549 2386 646 2416 dixit.
675 2385 728 2416 Sic
754 2386 812 2415 hoc
837 2386 970 2415 difficile
996 2386 1141 2416 scholion
1168 2386 1333 2423 digestum
1352 2390 1383 2415 et
1400 2387 1613 2416 constitutum
1640 2390 1700 2415 est.
1728 2386 1799 2430 Btp:
1826 2386 1910 2416 allec.
1939 2397 2011 2416 con—

174 2442 308 2471 dimenti
348 2451 459 2480 genus.
498 2446 612 2472 neutro
650 2451 774 2480 genere.
844 2441 898 2482 ll)
925 2442 1059 2472 dicimus
1088 2443 1117 2472 2.
1146 2442 1213 2472 rell.
1242 2452 1301 2472 om.
1340 2443 1493 2472 mantelia
1518 2442 1614 2472 MAG
1640 2442 1673 2483 (1
1702 2444 1772 2482 nn),
1799 2443 1834 2479 Q.
1864 2445 2011 2474 mantilia

173 2497 300 2541 RQBgo,
327 2498 476 2537 (uterque
502 2509 572 2528 cum
598 2500 641 2537 gl.
669 2499 834 2536 mantelis)
862 2499 950 2528 vafh.
969 2498 994 2529 C
1018 2499 1101 2529 nihil
1127 2500 1224 2528 habet
1251 2500 1314 2528 nisi
1341 2500 1501 2538 glossam:
1528 2499 1654 2538 mcwpz‘s.
1682 2500 1843 2529 lauandis.
1863 2501 2009 2530 mantele.

173 2553 255 2584 Plin.
281 2554 351 2592 VII,
379 2556 408 2584 2.
434 2555 531 2594 Verg.
559 2555 597 2585 A.
624 2556 649 2591 I,
678 2556 751 2584 702.
780 2554 817 2584 G.
844 2555 898 2593 IV,
926 2556 1001 2586 377.
1029 2555 1171 2586 Martial.
1197 2556 1270 2593 XII,
1299 2556 1351 2592 29,
1374 2557 1424 2586 12.
1450 2556 1534 2593 XIV,
1566 2557 1638 2586 138.
1667 2556 1751 2586 conf.
1776 2556 1892 2586 Isidor.
1920 2557 2010 2595 Orig.

175 2610 260 2649 XIX,
288 2612 327 2640 26
356 2616 415 2641 etc.
466 2611 602 2650 Saepius
628 2612 679 2641 his
706 2612 781 2641 loeis
808 2612 841 2641 in
866 2613 958 2642 codd.
986 2623 1001 2642 e
1027 2613 1059 2642 in
1085 2614 1094 2642 i
1121 2617 1200 2642 mut..
1230 2630 1267 2634 -μ
1294 2613 1372 2642 unde
1397 2614 1496 2643 tacite
1522 2613 1637 2642 inculc.
1667 2612 1695 2648 Q
1721 2614 1790 2643 rell.
1817 2623 1876 2642 om.
1904 2631 1944 2634 -—-
1969 2613 2012 2643 ait

173 2667 203 2696 h.
230 2668 249 2696 l.
277 2668 449 2697 delendum
474 2669 613 2698 uidetur.
682 2668 737 2707 12)
764 2668 857 2698 uellis
882 2669 924 2698 M.
952 2674 983 2699 et
1008 2669 1084 2699 uelli
1107 2668 1175 2699 RG.
1213 2669 1305 2698 euelli
1332 2669 1372 2698 A.
1400 2670 1469 2700 rell.
1509 2674 1536 2698 et
1570 2669 1675 2699 uellit.
1712 2678 1833 2708 nappas
1858 2669 1901 2698 M.
1955 2669 2009 2708 15)

173 2720 343 2766 εἰρωνικῶς,
367 2725 421 2754 Ιιοο
446 2729 548 2755 totum
575 2724 621 2754 fh.
649 2725 716 2754 rell.
745 2726 883 2755 ironicos
910 2730 1024 2762 totuin,
1051 2736 1111 2755 oni.
1139 2726 1202 2755 hoc.
1254 2725 1287 2763 ἔθ’)
1316 2731 1436 2764 quanto
1463 2726 1556 2766 massis
1584 2744 1621 2746 —-
1655 2726 1778 2756 facilius
1808 2736 1835 2756 o.
1868 2725 1902 2756 C.
1928 2726 2009 2755 Her-

175 2789 284 2809 lnanll.
