2148 3412
256 98 338 137 650
887 107 992 139 Aea.
1018 106 1079 139 ΕΤ
1105 106 1270 139 Pon-PH.
1296 105 1444 139 COMM.

369 231 433 272 15.
466 231 530 271 16.
565 231 819 286 Purpureus,
851 231 928 272 lale
959 232 1028 286 qui
1054 230 1273 287 splendeat,
1319 243 1426 271 unus
1458 236 1492 271 et
1536 229 1638 271 alter
1669 229 1867 272 Adsuz'tur
1909 244 2079 285 pannus.

254 303 339 345 Per
368 304 447 346 hoc
477 303 589 346 locos
620 318 848 345 conmunes
879 303 1101 359 signifieat.

368 378 432 418 18.
464 376 548 418 Aut
574 377 724 433 flumen
754 377 951 419 Rhenum.
1021 375 1116 418 Non
1162 375 1265 417 dicit
1309 389 1464 431 genere
1508 375 1740 418 masculino
1788 376 1960 424 Rhenum,
2007 375 2080 417 sed

254 457 424 492 neutro:
457 451 529 492 hoc
560 451 758 501 Rhenum,
792 450 892 505 quia
922 458 984 492 est
1013 450 1086 492 hoc
1115 450 1276 506 flumen.

370 525 433 565 19.
466 524 531 564 20.
564 531 599 565 et
626 524 800 578 sortasse
829 537 1066 580 cupressum
1087 523 1173 564 Scis
1192 523 1396 564 simulare.
1436 521 1532 564 Hoc
1553 522 1824 578 prouerbium
1846 529 1907 564 est
1926 522 1970 563 in
1991 537 2081 563 ma-

255 597 340 638 lum
373 596 591 652 pictorem,
622 597 695 652 qui
726 596 938 639 nesciebat
974 596 1089 638 aliud
1110 595 1216 637 bene
1238 595 1414 651 pingere
1436 610 1562 650 quam
1585 609 1842 650 cupressum.
1902 594 1972 636 Ab
2003 595 2082 636 hoc

254 670 486 726 naufragus
518 670 690 726 quidam
722 671 839 726 petit,
886 676 1048 712 scutum
1079 684 1200 711 suum
1232 668 1481 723 exprimere.
1541 668 1619 709 Ille
1651 668 1942 724 interrogauit,
1977 683 2076 709 num

256 758 306 785 ex
338 758 535 800 cupresso
566 743 691 785 uellet
722 743 883 798 aliquid
914 743 1037 786 adici.
1113 741 1238 795 Quod
1270 741 1541 797 prouerbium
1573 739 1752 783 Graecis
1797 741 1842 782 in
1880 757 1957 783 usu
2001 748 2081 782 est:

257 816 324 872 Μή
356 832 392 857 τι
424 817 469 858 ἐκ
507 817 759 870 κυπαρίσσου
794 817 944 862 θέλεις.
1007 815 1129 858 Conf.
1153 815 1321 857 Erasmi
1343 814 1485 871 Adag.
1506 813 1606 856 Bas.
1631 815 1752 857 1559.
1775 829 1816 870 p.
1840 815 1933 856 164.
1954 814 2081 857 Prou.

255 890 299 932 in
331 890 432 946 Παρ.
465 889 575 932 Ἑλλ.
608 906 675 946 ap.
707 890 761 932 A.
795 889 1016 932 Schottum
1048 889 1323 932 desideratur.

370 966 435 1006 21.
467 966 532 1006 22.
563 964 758 1020 amphora
790 965 913 1021 coepit
942 964 1128 1009 Iustina:
1173 971 1360 1004 currente
1390 970 1480 1004 roca
1512 977 1586 1004 cur
1616 976 1765 1004 urceus
1803 963 1912 1004 emit?
1983 960 2081 1003 Hoc

256 1037 378 1079 dicit:
412 1037 570 1090 Quare,
613 1052 706 1079 cum
737 1037 862 1079 aliam
894 1037 1112 1079 materiam
1144 1035 1372 1078 institueris
1403 1034 1600 1086 scribere,
1645 1035 1770 1076 aliam
1803 1034 1956 1083 efficis3
2002 1035 2082 1090 (sic

256 1103 457 1152 ridendus
488 1111 566 1166 es‚)
597 1111 806 1166 quomodo
837 1110 1038 1152 ridendus
1069 1117 1130 1152 est
1159 1109 1332 1166 figulus,
1365 1108 1450 1164 qui,
1493 1123 1588 1150 cum
1617 1108 1890 1150 destinauerit
1910 1108 2084 1164 ampho-

259 1200 350 1226 ram
380 1184 554 1240 fingere‚
586 1199 758 1226 urceum
789 1183 970 1226 efficiat?

371 1259 437 1299 24.
470 1259 535 1299 25.
568 1259 753 1301 Maxima
778 1272 882 1314 pars
912 1266 1067 1307 uatum,
1096 1265 1215 1313 pater
1245 1264 1281 1298 et
1316 1257 1480 1298 {omenes
1517 1264 1634 1312 patre
1675 1257 1797 1312 diynz',
1838 1256 2084 1313 Decipz'mur.

257 1330 353 1372 Hoc
382 1330 465 1373 tale
496 1331 768 1386 παράγγελμα
800 1338 882 1373 est:
915 1330 1135 1382 Erramus,
1180 1330 1329 1385 inquit,
1362 1337 1401 1370 et
1432 1330 1531 1371 dum
1563 1345 1765 1372 conamur
1808 1344 1951 1371 ueram
1997 1329 2085 1370 uir-

257 1410 386 1446 tutem
430 1404 563 1459 sequi‚
608 1405 750 1447 uicina
780 1405 924 1446 uirtuti
955 1405 996 1445 in
1028 1405 1132 1446 uitia
1166 1403 1410 1453 incidimus3
1456 1419 1554 1444 nam
1601 1403 1785 1445 breuiter
1830 1403 2082 1445 scribentem

258 1586 328 1612 tura
351 1583 458 1612 vcafh.
491 1581 547 1620 (nii
572 1581 608 1623 v)
635 1594 664 1621 q.
690 1592 739 1621 po.
766 1584 905 1620 pessima
931 1584 994 1621 qui.
1023 1594 1053 1613 r:
1080 1582 1216 1621 ltccepcis.
1285 1581 1441 1621 prqjessis.
1480 1591 1528 1611 est
1559 1586 1674 1612 natura
1700 1584 1841 1621 pessima
1865 1592 1894 1621 q.
1921 1585 2086 1620 poetarum

259 1639 323 1676 qui.
350 1639 425 1668 Post
442 1635 556 1669 καθολ.
577 1639 673 1669 habet
697 1639 747 1668 M:
775 1643 806 1668 et
832 1649 947 1678 magna
975 1639 1129 1677 professis
1156 1643 1204 1668 est
1229 1643 1345 1668 natura
1369 1649 1397 1677 q.
1424 1649 1472 1677 po.
1498 1648 1559 1668 csse
1579 1639 1741 1678 pessimam
1766 1640 1832 1678 qui.
1860 1635 1901 1668 Bb
1934 1642 2005 1677 post
2040 1639 2086 1668 la-

258 1704 371 1724 cunam
409 1694 551 1725 Graecae
587 1696 656 1725 uoci
694 1696 858 1725 relictam:
896 1698 1023 1734 ‘magna
1061 1695 1213 1734 professis
1239 1699 1289 1724 est
1314 1704 1386 1724 nam
1425 1696 1544 1734 (ortum
1572 1706 1612 1725 cx
1639 1697 1679 1725 115
1696 1709 1739 1723 z
1757 1696 1886 1735 natura)
1912 1705 1942 1734 q.
1970 1706 1999 1734 p.
2026 1704 2087 1724 esse

252 1750 413 1789 pessimam
436 1752 502 1790 qui.
528 1752 612 1781 unde
637 1751 665 1787 Q
691 1753 821 1790 scripsit
845 1756 916 1791 post
943 1754 1080 1791 repetita
1105 1753 1263 1782 lemmatis
1289 1753 1387 1781 uerba
1411 1756 1437 1781 et
1460 1763 1570 1792 magua
1588 1752 1752 1791 prcffessis:
1792 1753 1914 1782 ‘Sensus
1938 1756 1996 1781 est:
2031 1760 2087 1781 na-

257 1812 361 1838 turam
378 1818 408 1847 q.
426 1818 457 1846 p.
484 1818 552 1838 esse
577 1810 761 1847 pessimam.
812 1810 882 1848 Ego
909 1814 1036 1839 secutus
1063 1819 1132 1839 sum
1158 1809 1201 1838 R:
1228 1809 1351 1838 Natura
1377 1819 1405 1847 q.
1432 1819 1461 1847 p.
1487 1813 1529 1838 est
1545 1809 1678 1847 pessima
1703 1809 1767 1846 qui.
1829 1809 1886 1847 21)
1912 1813 1938 1838 et
1954 1818 2023 1846 sup.
2048 1808 2085 1838 R.

374 1866 406 1904 1)
431 1865 509 1895 Ads.
534 1865 578 1895 M.
603 1867 670 1895 rell.
697 1876 758 1896 ass.
806 1867 841 1904 3)
869 1866 923 1895 sed
949 1871 1094 1896 neutrum
1118 1867 1153 1895 R.
1202 1865 1238 1905 4)
1263 1867 1340 1904 quia
1365 1871 1411 1896 est
1439 1866 1555 1895 flumen
1581 1866 1626 1894 fh.
1676 1866 1710 1904 7)
1738 1866 1820 1904 petit
1843 1869 1874 1894 ut
1899 1864 2027 1903 (petiuit
2052 1863 2086 1903 a)

258 1939 300 1943 —
326 1923 517 1960 exprimeret
540 1923 636 1959 2‚rfh.
663 1923 774 1961 petiuit
798 1927 832 1953 ut
857 1933 884 1953 a.
911 1924 1040 1962 quidam
1073 1923 1179 1961 sculpta
1204 1922 1282 1962 (sic)
1310 1923 1388 1960 petit
1428 1927 1462 1952 ut
1486 1922 1689 1961 suzcmfatum
1715 1922 1908 1960 exprimeret
1933 1932 1957 1951 r.
1984 1920 2087 1960 satum

258 1988 343 2008 suum
367 1978 463 2014 ath.
501 1980 583 2017 petit
618 1984 763 2018 sumptum
799 1989 889 2010 suum
916 1981 1097 2018 exprimere
1122 1990 1152 2009 v.
1180 1981 1264 2018 petit
1287 1983 1400 2008 scutmsz
1426 1978 1485 2016 (ἰ
1503 1979 1547 2017 Α)
1574 1988 1665 2008 suum
1692 1980 1871 2017 exprimere
1895 1978 1937 2010 M.
1963 1981 2086 2007 scutum

260 2040 295 2065 ut
316 2039 430 2065 scutum
453 2045 544 2065 suum
571 2037 766 2075 exprimeret
790 2038 851 2067 (42.
878 2037 1011 2075 quidam
1035 2041 1148 2066 scutum
1176 2036 1299 2074 (casum
1333 2036 1373 2075 R)
1403 2036 1485 2073 petit
1518 2045 1609 2064 suum
1635 2037 1815 2074 exprimere
1839 2032 1920 2064 B¹’R.
1948 2033 2084 2064 conf.C:

258 2092 365 2122 irrisio
388 2093 521 2131 pictoris
548 2094 660 2131 inepti,
687 2095 741 2132 qui
767 2094 821 2123 uix
849 2095 937 2123 aliud
967 2098 1099 2123 nouerat
1128 2103 1222 2131 quam
1241 2093 1416 2131 depingere
1441 2101 1646 2130 cupressum:
1685 2102 1703 2121 a
1728 2102 1790 2131 quo
1815 2102 1885 2122 eum
1910 2091 2087 2129 naufragus

259 2149 391 2187 quidam
417 2154 550 2188 peteret,
575 2154 611 2180 ut
636 2150 748 2180 uultum
772 2161 861 2180 suum
887 2155 913 2180 el
936 2150 1133 2190 mnfinyium
1152 2151 1360 2188 exprimeret,
1389 2149 1614 2186 interrogauit,
1640 2158 1715 2178 num
1741 2158 1782 2178 ex
1809 2158 1959 2187 cupresso
1984 2147 2084 2178 uellet

259 2207 383 2244 aliquid
419 2207 563 2246 adpingi.
589 2207 648 2237 hoe
674 2207 803 2237 Graecis
829 2208 1007 2246 episodium
1034 2207 1159 2237 dicitur‘
1187 2210 1245 2236 etc.
1272 2205 1353 2236 conf.
1382 2205 1447 2248 13:52:
1476 2207 1527 2225 ⁴2<
1557 2205 1651 2234 Unde
1675 2215 1746 2235 cum
1771 2205 1810 2234 ab
1836 2215 1871 2235 eo
1897 2208 2086 2243 exposceret

259 2264 390 2302 quidam
409 2264 586 2302 «naufragus
609 2268 641 2294 uc
660 2263 796 2304 pingyeret
819 2263 877 2293 sihi
898 2264 930 2294 z'n
953 2268 1034 2294 scuto
1058 2263 1253 2304 nansi-affiatu
1279 2263 1362 2301 quod
1388 2271 1501 2300 passus
1527 2262 1640 2292 fuerat'
1657 2281 1708 2292 w.
1724 2263 1822 2292 Recte
1848 2263 1987 2297 Senam,-
2012 2262 2097 2290 nans

260 2329 325 2350 non
351 2321 417 2350 fato
440 2321 496 2350 sed
522 2324 613 2350 scuto
638 2321 723 2351 adici
749 2323 874 2359 poterat
898 2329 1078 2358 cupressus.
1128 2321 1163 2359 8)
1188 2320 1269 2349 adiri
1297 2319 1340 2348 M.
1369 2318 1472 2347 addici
1497 2315 1547 2347 Bb.
1574 2319 1643 2348 rell.
1676 2319 1785 2348 adiici.
1836 2319 1870 2357 9)
1897 2312 2087 2354 ΜΗΤΗΞΚΥ

261 2371 406 2407 PlCCON
447 2372 624 2419 (Κημισσον
660 2372 766 2412 Θελεις
802 2377 979 2407 Hocheder.
1008 2387 1037 2414 p.
1069 2376 1158 2414 176.)
1197 2370 1324 2406 l-leaelc
1350 2376 1427 2414 (sic)
1453 2375 1496 2404 M.
1524 2375 1607 2405 conf.
1639 2375 1675 2412 Q,
1707 2377 1760 2414 qui
1787 2376 1918 2414 scripsit
1942 2384 2012 2404 cum
2038 2373 2084 2404 G:

261 2427 312 2475 Μή
337 2442 366 2463 τι
389 2430 426 2463 ἐκ
449 2431 644 2474 κυπαρίσσου
667 2430 774 2477 θέλῃς.
802 2433 846 2463 A:
865 2430 941 2476 μήτι
966 2431 1019 2463 καὶ
1043 2430 1214 2475 κύπρισσον
1234 2432 1311 2470 (sic)
1330 2428 1438 2467 θέλεις.
1457 2433 1493 2461 2ι
1519 2429 1637 2474 μηλισα
1654 2440 1849 2474 κυπαρίσσου
1872 2428 1974 2467 θελεις
1994 2430 2085 2471 (sic).

261 2489 330 2527 Ego
356 2490 476 2519 retinui
501 2487 614 2527 θέλεις,
639 2490 714 2528 quia
737 2487 782 2532 μὴ
809 2490 905 2519 etiam
933 2490 1144 2519 indicatiuum
1170 2489 1355 2519 adiunctum
1382 2489 1488 2519 habet.
1515 2489 1574 2518 hoc
1601 2498 1714 2519 sensu:
1742 2485 1808 2531 ὅρα,
1835 2485 1880 2531 μὴ
1909 2506 1945 2509 —
1973 2483 2086 2524 θέλεις,

260 2550 293 2575 ut
318 2545 454 2576 Philoct.
481 2556 510 2575 v.
538 2547 597 2575 30:
624 2542 692 2588 ὅρα,
718 2543 789 2576 καθ’
819 2541 914 2578 ὕπνον
946 2543 991 2587 μὴ
1016 2541 1221 2580 κατακλιθεὶς
1257 2546 1378 2586 κυρεῖ.
1416 2544 1500 2577 conf.
1526 2544 1686 2575 Schacfer.
1713 2544 1824 2574 Melet.
1851 2555 1880 2583 p.
1911 2545 1982 2575 115.
2011 2545 2085 2576 116.

260 2607 292 2632 et
318 2602 355 2633 G.
381 2603 558 2633 Hermann.
585 2604 625 2633 ad
651 2604 723 2642 Vig.
752 2603 815 2633 459
843 2613 871 2641 p.
899 2604 973 2633 810.
1013 2604 1183 2633 Editiones
1209 2606 1240 2632 et
1267 2602 1291 2632 G
1318 2613 1377 2632 om.
1408 2603 1620 2640 prouerbium.
1647 2603 1686 2631 ΙΙ.
1718 2602 1903 2640 Stephanus
1929 2602 1960 2630 in
1986 2601 2083 2631 diatr.

261 2661 389 2690 secund.
415 2660 482 2699 (ed.
511 2661 606 2691 1568.
633 2659 680 2700 8.)
706 2671 735 2699 p.
766 2662 826 2691 158
865 2661 1030 2690 lectionem
1057 2661 1178 2690 ueteris
1209 2661 1281 2690 libri
1309 2653 1407 2689 ΜΗἸἸ
1437 2653 1594 2689 ΚΙΡΙΟΗΝ
1622 2653 1773 2688 ΘΗΛΕΙΟ
1808 2662 1918 2696 aperte
1955 2657 2086 2688 mendo·
2121 2684 2126 2717 ἲ,

262 2718 399 2746 samita
425 2719 645 2756 corrigendam
672 2722 763 2756 putat
802 2713 900 2747 ¹illl‘l'l
940 2712 1000 2746 lisil
1040 2712 1296 2747 KYUJXPICCUN
1335 2711 1494 2751 f-lEilCIS,
1532 2715 1661 2744 dicens:
1700 2715 1768 2744 ‘Vir
1805 2715 1918 2744 doctus
1956 2714 2084 2752 quidam

262 2774 432 2804 Erasmum
458 2776 676 2813 reprehendit,
703 2776 785 2813 quod
813 2776 872 2805 hoc
899 2775 983 2804 inter
1009 2775 1126 2811 :idagia
1151 2774 1299 2803 retulerit
1327 2773 1491 2812 (i11iuria);
1530 2772 1677 2809 peccauit
1702 2781 1775 2800 uero
1804 2771 1962 2808 Erasmus,
2000 2769 2085 2808 quod

263 2832 424 2868 prouerbii
450 2831 577 2869 quidem
604 2841 743 2868 sensum,
783 2832 838 2860 sed
865 2841 924 2860 non
951 2836 982 2859 et
1009 2831 1077 2867 ipsa
1115 2831 1327 2867 prouerbialia
1354 2830 1452 2858 uerba
1479 2829 1571 2858 nobis
1598 2828 1765 2858 retulerit)
1827 2830 1880 2865 11)
1906 2827 2028 2857 Anfora
2051 2825 2085 2856 M

268 2887 321 2924 13)
350 2891 397 2916 est
422 2897 505 2917 omn.
536 2889 620 2917 libri.
658 2898 717 2917 om.
744 2887 780 2923 Q.
807 2904 849 2909 -—
875 2886 1025 2916 amforam
1051 2886 1093 2915 M.
1121 2886 1159 2916 H.
1187 2886 1367 2923 Stephanus
1395 2887 1423 2915 in
1450 2886 1544 2915 (liatr.
1571 2885 1698 2914 secund.
1726 2895 1754 2922 p.
1785 2885 1843 2913 156
1870 2885 2008 2922 aliquem
2034 2884 2085 2913 hic

264 2943 431 2972 uerborum
457 2944 615 2974 defectum
641 2945 833 2982 suspicatur.
870 2946 970 2981 ‘quem
997 2948 1061 2971 uet.
1088 2943 1169 2971 liber
1194 2944 1369 2979 confirmat,
1397 2943 1427 2971 in
1454 2951 1514 2980 quo
1541 2942 1692 2979 scriptum
1719 2945 1783 2970 est:
1810 2941 1852 2970 sic
1877 2940 2020 2970 ridendus
2044 2949 2084 2977 es,

265 3000 421 3037 quomodo
447 3001 599 3030 ridendus
625 3005 673 3030 cst
700 3001 838 3039 figulus?
872 3000 959 3028 Haec
987 2999 1082 3029 uerba
1109 3009 1170 3028 om.
1196 2999 1286 3028 codd.
1313 3000 1384 3028 mei.
1453 2998 1506 3036 16)
1533 2998 1598 3027 tale
1623 3007 1706 3027 omn.
1735 2997 1806 3026 libri
1836 2998 1935 3027 tacite
1960 3006 2018 3026 om.
2047 2995 2082 3031 Q.

266 3050 485 3086 llal'l'l'eailrs,
513 3057 553 3085 M.
581 3056 660 3094 (sic)
693 3066 753 3085 om.
779 3055 905 3093 R‚vafh.
943 3060 1025 3094 spat.
1059 3065 1127 3084 uae.
1154 3056 1187 3085 in
1214 3053 1263 3084 Bb.
1292 3074 1329 3076 »ψ
1357 3055 1429 3085 dum
1456 3055 1540 3084 libri.
1567 3064 1632 3084 cum
1657 3054 1753 3085 tacite
1778 3054 1905 3083 induxit
1936 3053 1974 3089 Q.
2027 3052 2082 3091 17)
2120 3046 2124 3131 ν

266 3112 298 3140 in
326 3112 430 3141 uicina
457 3113 529 3141 uirt.
557 3113 636 3141 uitia
663 3112 708 3141 l'h.
736 3113 842 3142 uicina
868 3113 942 3141 uirt.
970 3113 999 3141 iu
1028 3112 1110 3141 nicia
1138 3108 1208 3141 213³:
1236 3113 1353 3141 uirtute
1378 3108 1465 3140 Ml'›'¹.
2120 3133 2123 3150 :

2120 3154 2122 3165 l
