2148 3412
142 914 179 945 10

139 1281 177 1311 lz')

135 2379 176 2410 30

211 114 291 154 120
841 121 947 153 Aen.
973 121 1033 153 ΕΤ
1058 120 1223 152 rom’H.
1251 119 1398 152 coMM.

208 248 308 288 tiam
342 247 383 287 in
415 261 480 287 me
511 244 785 299 reprehendis
815 258 951 299 neque
982 243 1178 285 tabernas
1208 248 1248 283 et
1282 241 1429 284 amicis
1472 242 1576 283 meis
1621 256 1742 283 carus
1787 255 1896 282 sum:
1942 255 2032 282 sum

208 320 352 361 insons
383 326 421 360 et
453 319 666 368 innocens,
701 316 831 374 [sum]
865 324 910 358 ut
939 332 1005 358 me
1035 316 1214 357 laudem.

321 394 384 433 71.
422 393 554 433 Causa
584 392 662 445 fuit
687 400 806 446 paler
837 391 908 432 his.
968 389 1065 431 Hoc
1095 396 1178 431 est:
1225 403 1350 443 quem
1388 388 1459 429 alii
1496 403 1573 443 pro
1613 387 1793 443 ignobili
1830 386 2030 438 obiciunt,

205 466 275 506 illc
306 466 409 506 hacc
441 464 627 514 contulit,
658 464 807 505 haruin
838 478 992 513 rerum,
1024 463 1172 504 harum
1203 462 1407 503 uirtutum
1439 467 1559 516 pater
1589 475 1715 502 causa
1744 460 1836 510 fuit,
1881 468 1926 501 ut
1956 460 2033 501 sim

205 540 405 580 innocens
437 545 475 579 ct
506 537 652 579 amicis
684 552 817 579 carus.
880 536 1023 593 [Quae
1045 535 1117 577 alii
1138 543 1184 576 ut
1204 534 1383 591 ignobili
1406 534 1606 584 obiciunt,
1638 533 1708 575 ille
1729 534 1833 575 haec
1855 534 1872 588 Η
1893 533 2004 575 bona
2018 533 2033 589 Η

206 611 413 668 contulit]

317 687 386 740 qui
413 700 550 727 macro
578 699 737 740 pauper
768 684 907 739 aqello.
966 682 1100 724 Deest
1130 684 1328 738 quamuis,
1368 688 1413 723 ut
1444 681 1524 723 sit:
1570 680 1763 736 quamuis
1793 695 1945 731 macro,
1991 680 2035 721 id

205 765 278 808 est,
312 757 455 807 sterili,
489 758 579 798 siue
610 763 790 813 angusto
823 770 998 810 corpore
1030 755 1201 797 stultum
1231 762 1358 797 notat.

320 834 384 872 72.
416 832 556 874 Noluit
587 834 626 872 in
660 832 781 872 Flaui
808 830 891 871 lud.
952 830 1123 871 Flauius
1154 829 1327 883 quidam
1357 827 1446 870 siue
1477 828 1631 869 Flauus
1674 826 1788 883 [fuit]
1812 827 1894 869 illis
1925 833 2028 868 tem-

205 905 377 960 poribus
411 904 650 946 calculator.
735 904 920 944 Flauiwn
950 902 1161 957 significat
1204 903 1316 943 hunc
1361 908 1624 942 cateruarum
1662 900 1791 942 fuisse
1822 900 2035 942 doctorem

203 979 561 1033 instruentemque
591 992 744 1032 pueros
775 977 829 1017 ad
859 976 1049 1017 diuersos
1078 975 1213 1017 ludos.
1289 974 1386 1027 Quo
1417 974 1710 1016 conuenticulo
1751 974 1886 1015 solent
1915 974 2036 1029 pueri

202 1052 293 1093 fieri
322 1052 464 1093 uitiosi
495 1058 535 1092 et
564 1051 740 1091 nimium
771 1049 932 1099 lasciui,
979 1048 1078 1102 quia
1109 1064 1133 1090 a
1164 1048 1358 1089 domibus
1404 1054 1622 1103 parentem
1665 1047 1882 1088 uenientes
1925 1047 2033 1087 fere-

202 1125 303 1166 bant
323 1126 366 1166 in
387 1124 571 1166 brachiis
592 1123 771 1173 tabulas,
802 1122 876 1164 ubi
897 1122 1058 1177 aliquid
1079 1121 1322 1176 exciperent
1343 1128 1383 1162 et
1403 1120 1561 1162 loculos
1582 1120 1636 1161 ad
1657 1120 1827 1171 uictum,
1860 1121 2032 1161 iterum-

203 1213 282 1253 que
314 1198 510 1253 expensis
540 1197 622 1238 illis
652 1196 966 1238 reuertebantur
997 1195 1051 1236 ad
1081 1202 1289 1250 parentes,
1319 1200 1581 1250 reportantes
1611 1194 1655 1234 in
1686 1193 1846 1236 octonis
1875 1192 2035 1243 Idibus,

204 1272 315 1313 unde
347 1271 427 1313 sibi
459 1276 645 1312 emerent
676 1269 805 1311 cibos.

316 1346 380 1386 73.
413 1360 430 1386 e
463 1344 759 1395 centurionibus
790 1344 877 1384 orti.
935 1342 986 1383 Id
1017 1348 1090 1392 est,
1121 1341 1297 1383 nobiles.

317 1421 379 1459 74.
417 1419 549 1459 Laeuo
571 1418 757 1473 suspensi
775 1416 916 1458 loculo.
975 1415 1241 1472 Hypallage:
1274 1430 1358 1456 non
1379 1413 1462 1470 ipsi
1483 1415 1676 1471 suspensi,
1713 1418 1804 1456 sed:
1828 1429 2035 1471 suspensos

204 1492 354 1534 loculos
384 1492 582 1533 habentes.

317 1565 582 1620 tabulamque.
640 1563 824 1613 Buxum,
856 1563 900 1603 in
930 1578 1012 1617 quo
1043 1562 1299 1604 meditantur
1330 1561 1527 1604 scribere.

317 1640 380 1679 75.
416 1639 532 1678 Ibant
561 1639 710 1679 oclom's
741 1637 815 1691 ref.
848 1637 990 1678 Idibus
1022 1651 1133 1677 aera.
1205 1634 1411 1676 Nummos
1443 1649 1520 1690 pro
1550 1634 1829 1685 mercedibus,
1866 1641 2037 1676 octonos

202 1725 314 1752 asses
345 1711 453 1752 aeris
500 1710 619 1767 [quia
649 1716 744 1750 ante
774 1709 878 1751 Idus
918 1709 1135 1750 mercedes
1166 1708 1407 1765 dabantur]
1481 1709 1622 1750 Idibus
1653 1723 1762 1750 aera.
1821 1707 1906 1749 Per
1935 1707 2037 1749 Idus

201 1791 326 1825 antea
357 1784 572 1825 mercedes
604 1782 826 1824 dabantur.

314 1859 378 1898 76.
404 1866 584 1914 portare.
643 1856 820 1898 Portare
852 1863 892 1897 et
922 1871 1046 1898 ausus
1076 1863 1198 1912 pater
1227 1871 1345 1897 meus
1376 1862 1550 1911 propter
1581 1861 1823 1911 egestatem.

315 1933 378 1971 77.
411 1933 539 1978 Artes,
572 1945 669 1987 quos
702 1931 851 1972 doceat.
925 1930 1094 1971 Docere
1137 1929 1278 1980 faciat,
1325 1936 1369 1970 ut
1414 1928 1487 1985 (A.
1520 1929 1620 1980 VII,
1653 1930 1776 1984 282):
1826 1928 1943 1985 [quos
1974 1928 2039 1969 illi

161 2015 172 2019 ⁷
205 2005 391 2045 Daedala
427 2004 538 2045 Circe
561 2004 777 2060 Supposz‘ta
809 2004 855 2045 cle
886 2002 1032 2059 matre]
1065 2003 1205 2045 nothos
1235 2004 1375 2057 furata
1407 2004 1569 2045 creauit.

316 2079 380 2118 78.
413 2086 532 2119 semet
553 2086 792 2133 proqnatos.
853 2075 896 2117 A
927 2091 970 2118 se
1000 2084 1120 2118 natos
1151 2076 1177 2117 i.
1209 2091 1244 2119 e.
1276 2076 1396 2118 filios.

314 2159 462 2192 uestem
483 2166 698 2207 seruosque
720 2166 793 2207 seq.
852 2150 917 2191 Ita
947 2165 1013 2191 me
1043 2150 1215 2191 honeste
1246 2149 1454 2200 tractauit,
1486 2156 1544 2199 ut,
1578 2149 1613 2191 si
1637 2149 1730 2204 quis
1758 2164 1825 2191 me
1846 2149 2034 2200 uidisset,

201 2229 378 2277 putaret,
411 2238 477 2264 ine
508 2239 532 2264 a
563 2223 792 2265 maioribus
822 2223 928 2265 meis
960 2237 1049 2265 esse
1081 2223 1265 2264 nobilem
1296 2230 1420 2276 atque
1452 2222 1639 2264 diuitem.

314 2297 378 2337 81.
409 2298 788 2353 incorruptissimus.
846 2296 919 2337 Ad
950 2297 1293 2351 conparationem
1324 2296 1514 2347 aliorum,
1551 2296 1622 2351 qui
1653 2296 1878 2347 interdum,
1932 2296 2033 2337 dum

204 2368 302 2425 [est]
335 2369 599 2411 luxurientur
630 2370 881 2421 scholastici,
913 2370 1035 2412 donis
1067 2371 1232 2412 student
1264 2385 1359 2412 suos
1392 2384 1661 2424 corrumpere
1691 2370 1977 2426 paedagogos.

318 2555 348 2593 1)
374 2555 484 2585 charus
509 2555 573 2585 afh.
601 2566 669 2586 sum
696 2557 805 2585 insons
830 2565 855 2597 γ.
882 2556 952 2585 rell.
982 2556 1043 2585 ins.
1070 2565 1149 2585 sum.
1180 2556 1283 2585 innoc.
1310 2560 1355 2593 ut,
1392 2566 1451 2585 om.
1477 2565 1541 2585 sum
1567 2553 1854 2596 (fh)⁴(<G‘?Q)mva.
1921 2555 1956 2594 3)
1984 2564 2032 2584 or-

202 2611 308 2640 dinem
334 2613 434 2641 statui
472 2621 514 2641 ex
537 2622 555 2654 γ
579 2613 637 2641 alii
655 2622 716 2650 pro
741 2613 806 2649 ign.
832 2621 858 2653 γ.
885 2612 939 2640 alii
963 2615 994 2640 ut
1019 2612 1084 2649 ign.
1110 2611 1188 2646 th.
1215 2612 1271 2640 alii
1298 2612 1435 2649 ignobili
1460 2622 1489 2641 v.
1520 2612 1577 2641 alii
1609 2612 1776 2650 ignobilem
1801 2621 1830 2641 a.
1894 2611 1930 2650 5)
1957 2611 2034 2641 bona

202 2665 312 2705 (G⁴?)Q
338 2677 378 2696 ex
406 2669 533 2706 ingenio
559 2669 746 2697 inculcauit.
796 2668 830 2706 8)
858 2669 927 2697 siue
943 2685 982 2689 >—
1000 2672 1093 2698 notat
1116 2678 1142 2709 γ.
1169 2668 1238 2697 rell.
1265 2678 1325 2697 om.
1376 2668 1411 2707 9)
1435 2668 1499 2698 siue
1523 2668 1639 2697 fiauus
1663 2678 1689 2709 γ.
1716 2669 1750 2698 in
1777 2672 1934 2698 contestu.
1960 2669 2031 2697 rell.

201 2734 259 2751 om.
312 2724 366 2761 10)
392 2725 574 2754 cauculator
597 2734 623 2766 γ.
652 2724 720 2753 rell.
747 2725 823 2753 calc.
849 2728 884 2753 ut
910 2724 1051 2754 Martial.
1078 2724 1116 2762 X,
1145 2725 1197 2760 62,
1225 2726 1253 2753 4.
1282 2724 1408 2762 Ulpian.
1436 2726 1470 2753 in
1494 2725 1595 2754 Pand.
1621 2724 1798 2761 XXXVIII,
1828 2726 1855 2761 1,
1876 2726 1904 2754 7.
1931 2724 2031 2755 Scho-

203 2781 268 2808 lion
296 2780 435 2809 Flauiam
464 2799 501 2801 -—
528 2781 605 2810 cibos
631 2791 672 2810 ex
697 2790 714 2822 γ
739 2785 770 2809 et
784 2781 847 2823 Βφ,
875 2791 1005 2818 quornm
1031 2790 1098 2810 uar.
1126 2782 1196 2810 lect.
1223 2782 1366 2818 adpono:
1395 2782 1527 2810 lemnia:
1554 2782 1587 2810 in
1613 2780 1700 2809 flauz'i
1723 2782 1788 2810 lud.
1803 2781 1935 2820 stallium
1959 2791 2031 2818 om.‚

202 2837 361 2865 doctorem
390 2837 498 2873 fuisse,
525 2838 690 2874 instruens,
719 2838 786 2866 fieri
814 2838 914 2874 pueri,
941 2841 1081 2866 emerent
1107 2838 1215 2866 cibum.
1242 2837 1278 2865 C:
1309 2838 1408 2867 Flacci.
1433 2837 1560 2867 Iss'luuz'zcs
1585 2838 1716 2876 quidam
1742 2838 1807 2867 illis
1834 2838 2031 2876 temporibus

203 2893 309 2921 docuit
335 2897 436 2922 :utem
462 2895 650 2923 numerandi
678 2898 708 2922 et
735 2894 872 2923 calculos
899 2894 1047 2931 ponendi.
1116 2895 1170 2931 16)
1197 2898 1223 2923 et
1247 2895 1413 2923 centurion
1439 2894 1520 2937 Βφί).
1556 2892 1584 2922 &
1609 2898 1691 2923 cent.
1717 2903 1733 2934 γ
1765 2904 1842 2923 corr.
1875 2904 1975 2932 expu.
2002 2891 2031 2923 ἃ

203 2954 284 2977 cent.
307 2949 328 2976 1ss
349 2959 426 2977 «forr.
447 2959 462 2977 c
480 2951 626 2987 suprabo.
677 2952 733 2987 21)
761 2951 835 2987 quia
874 2968 889 2969 e
908 2950 1069 2978 dabantur
1094 2960 1153 2979 om.
1179 2959 1205 2990 γ.
1234 2950 1343 2979 Idibus
1376 2952 1575 2979 —dabantur
1599 2960 1625 2991 γ.
1653 2951 1721 2979 rell.
1748 2960 1808 2979 om.
1835 2931 1926 2988 aeriisy
1945 2959 2031 2980 man.

203 3006 392 3041 glossatoris
418 3016 548 3047 Ct›1'1'.'(.

202 3065 340 3089 Senatus.
371 3061 410 3090 Ut
431 3067 522 3090 nato>-
541 3063 641 3091 furata
659 3064 780 3092 creauit
799 3064 819 3092 i.
840 3064 963 3092 curauit
981 3063 1146 3092 creandos.
1165 3063 1308 3092 notanda
1327 3067 1373 3092 cst
1393 3064 1488 3093 lectio
1506 3063 1551 3092 illi
1567 3072 1622 3100 pro
1632 3062 1724 3101 patri
1739 3063 1774 3092 in
1791 3060 2030 3101 mvath(G?).

600 3008 656 3045 23)
682 3008 815 3036 Portare
846 3025 870 3026 n
889 3012 1068 3044 egestatem
1092 3017 1119 3048 γ.
1147 3007 1213 3035 rell.
1244 3017 1303 3035 om.
1355 3007 1411 3045 24)
1439 3016 1509 3045 quos
1528 3010 1673 3035 —matre
1698 3017 1758 3036 om.
1784 3017 1811 3047 γ,
1838 3007 1892 3044 qui
1917 3007 2029 3038 habet:

205 3121 260 3155 26)
289 3118 314 3145 A
410 3125 500 3148 natus
527 3119 594 3159 TA),
620 3130 679 3149 om.
707 3121 739 3148 id
767 3124 824 3149 est.
852 3120 920 3148 rell.
947 3130 1005 3148 om.
1055 3120 1113 3157 30)
1142 3120 1387 3149 luxuriarentur
1413 3120 1458 3156 fh,
1485 3129 1544 3149 om.
1572 3123 1615 3148 ut.
1643 3119 1802 3149 interdum
1828 3120 2031 3149 luxurientur
