2148 3412
184 896 219 925 lo

178 1264 218 1294 15

177 1629 218 1660 20

249 96 329 135 (314
883 101 988 133 ACR.
1015 101 1074 132 ET
1100 99 1266 132 PORPH.
1293 100 1442 133 COMM.

247 228 436 284 goediae,
469 227 568 281 quia
598 232 808 280 spectator
838 232 960 280 grata
990 230 1078 265 erat
1109 224 1295 265 nouitate
1316 224 1572 274 retinendus,
1605 223 1677 278 qui
1699 229 1908 278 spectator
1928 223 2072 264 uenie-

248 301 315 342 bat
347 308 440 355 post
471 299 690 347 sacrificia,
724 299 806 339 iam
838 313 1030 352 pransus,
1053 297 1136 338 iam
1158 303 1336 352 potatus.
1400 297 1615 339 Inlecebris
1632 305 1784 346 autem,
1823 296 1921 351 quia
1949 296 2075 337 habet

247 381 388 415 satura
419 372 666 421 inlecebras,
697 386 805 425 quae
836 371 974 413 iocum
1005 370 1189 412 continet
1219 378 1259 412 et
1290 370 1419 413 risum
1450 378 1588 413 mouet
1622 370 1681 427 [et
1711 369 1877 411 auditor
1906 369 2074 412 uolebat

246 446 543 488 delectationes
574 445 738 487 nouiter
768 446 899 487 factas
931 443 1113 500 audire]

358 521 452 560 223.
480 528 601 574 qrata
631 534 724 560 nou.
758 519 989 560 morandus.
1049 516 1346 559 Admiratione
1378 524 1542 559 saturae
1572 516 1826 559 retinendus.

358 595 453 634 224.
489 592 729 649 [Spectator.
789 591 979 646 Populus
1015 590 1243 647 uidelicet.]

356 668 601 722 functusque
631 667 772 707 sacris.
832 664 921 705 Aut
952 663 1221 706 obseruantia
1252 672 1290 705 et
1323 664 1466 714 sacris,
1498 672 1569 705 aut
1598 664 1771 706 feriatus
1790 663 1898 721 [aut]
1918 670 1957 705 et
1986 678 2076 706 om-

244 740 314 780 nia
344 740 619 795 neglegenter
649 738 875 793 accipiens.
936 746 971 779 et
1002 738 1131 779 exlex.
1165 737 1361 788 Securus,
1396 737 1473 794 [et]
1507 738 1596 780 sine
1628 738 1738 794 lege.

359 815 451 854 225.
492 814 634 855 Verum
665 814 721 854 ita
752 814 914 853 risores.
974 810 1040 852 Ita
1069 810 1194 852 debet
1214 811 1436 853 admisceri
1458 818 1597 853 satura
1618 810 1875 866 tragoediae,
1905 818 1950 852 ut
1979 825 2077 866 per-

245 886 357 929 sonis
387 902 508 928 suum
539 887 666 928 decus
697 892 897 928 seruetur.
958 885 1142 926 Risores:
1174 884 1317 934 saturi,
1363 891 1433 925 aut
1463 884 1561 939 quia
1603 884 1733 925 risum
1777 891 1960 933 mouent,
2004 891 2073 925 aut

244 960 343 1015 quia
374 960 511 1001 rident
543 975 608 1002 res
629 961 846 1001 humanas.
908 959 1186 1001 conmendare.
1226 956 1420 1014 [Scilicet
1440 956 1778 1013 spectatoribus]
1839 957 2074 1007 Insinuare,

243 1033 406 1082 dieere;
439 1049 537 1074 nam
568 1033 722 1083 omnia,
756 1047 862 1088 quae
894 1032 1086 1082 dicimus,
1118 1031 1288 1086 placere
1319 1031 1620 1081 desideramus,
1652 1045 1701 1072 ac
1728 1045 1804 1086 per
1824 1031 1903 1072 hoc
1923 1031 2075 1072 uiden-

242 1116 310 1148 tur
340 1107 636 1157 conmendare,
670 1121 776 1162 quae
808 1106 1002 1156 dicimus,
1035 1104 1207 1146 auribus
1237 1104 1488 1146 auditorum.
1552 1103 1693 1161 [Alias
1709 1103 1739 1160 z]
1759 1102 1918 1146 Omnia
1948 1105 2073 1155 enim,

243 1195 352 1234 quae
383 1180 582 1222 dicuntur
612 1196 636 1221 a
668 1180 815 1236 poetis,
848 1180 905 1220 ita
935 1179 1090 1220 debent
1120 1178 1218 1228 dici,
1265 1185 1310 1219 ut
1341 1177 1613 1220 conmendari
1643 1177 1880 1229 uideantur,
1926 1178 1970 1219 id
2001 1186 2075 1228 est,

246 1261 289 1294 ut
319 1254 499 1295 libenter
530 1253 875 1309 adspicientur.*)
935 1253 1105 1295 Die-aces
1131 1258 1291 1293 autem:
1324 1251 1499 1302 iocosos,
1533 1252 1610 1305 (et)
1642 1250 1810 1302 liberos,
1829 1252 1910 1308 (et)
1928 1252 1982 1293 ad
2013 1252 2078 1292 di-

245 1327 424 1368 cendum
455 1327 686 1369 mordaces.

359 1401 452 1441 226.
485 1401 663 1457 Satyros.
724 1399 775 1440 Id
797 1406 870 1448 est,
893 1399 1121 1441 saturicum
1143 1413 1327 1440 carmen.
1390 1398 1464 1454 [ita
1484 1409 1640 1441 uertere
1661 1404 1768 1441 seria
1791 1399 1920 1456 luda]
1981 1413 2078 1441 uer-

245 1485 333 1515 !ere.
365 1473 563 1523 Miscere,
595 1473 840 1528 adiungere.
901 1474 1006 1514 seria
1038 1473 1147 1514 ludo.
1179 1471 1230 1513 Id
1262 1479 1336 1522 est,
1369 1486 1463 1513 cum
1493 1472 1607 1521 ludo,
1653 1472 1852 1514 uidelicet
1883 1487 1978 1514 cum
2010 1488 2076 1514 sa-

243 1555 358 1595 tura3
394 1546 690 1603 [tragoediam,
722 1560 817 1587 cum
847 1545 966 1602 ludo]
999 1548 1108 1587 seria
1139 1552 1210 1586 aut
1241 1545 1449 1600 (autemffi
1480 1559 1546 1587 res
1590 1545 1742 1596 tristes,
1788 1546 1832 1587 id
1873 1552 1947 1596 est,
1991 1553 2076 1586 tra-

245 1619 457 1675 goediam.

358 1695 451 1734 227.
484 1694 542 1736 Ne
573 1694 809 1749 quicumque
839 1693 949 1740 dem,
982 1693 1086 1748 quic.
1108 1692 1239 1734 adhib.
1262 1692 1391 1734 heros.
1454 1691 1627 1735 Scilicet
1656 1692 1700 1733 in
1732 1692 1918 1734 carmine
1951 1691 2076 1749 [tu0],

245 1860 311 1889 ludi
339 1865 413 1890 sunt
439 1861 562 1890 inuenti
590 1860 645 1889 secl
671 1860 859 1898 religionis:
888 1863 917 1889 et
945 1862 1018 1897 post
1043 1859 1201 1888 sacrificia
1226 1862 1386 1897 spectator
1409 1869 1488 1890 nnnc
1525 1869 1659 1898 pransus
1697 1869 1780 1890 nunc
1812 1863 1900 1899 potus
1936 1865 2005 1891 erat
2043 1860 2075 1890 in

245 1918 350 1947 officio
375 1921 467 1955 grata
491 1919 637 1947 nouitate
663 1917 804 1946 tenendus
828 1920 860 1946 et,
885 1917 953 1945 risu
977 1919 1008 1945 et
1034 1917 1114 1946 ioco.
1137 1920 1239 1955 gyrata.
1266 1916 1480 1945 admirandas

362 1975 392 2013 l)
419 1979 511 2011 grata
538 1980 605 2004 erat
630 1983 699 2003 nou.
724 1975 831 2015 ⁴(N,ca.
852 1977 919 2003 erat
937 1983 1008 2003 nou.
1028 1977 1123 2010 grata
1141 1972 1226 2001 Med.
1246 1976 1313 2002 erat
1332 1976 1425 2010 grata
1443 1982 1515 2002 nou.
1535 1982 1581 2002 rv.
1631 1972 1665 2011 2)
1693 1973 1756 2002 iam
1782 1977 1869 2011 potus
1892 1974 1928 2002 fh
1954 1973 2074 2012 (Hor.).

244 2030 344 2059 Pctus
370 2031 517 2069 (lemma)
544 2040 680 2068 pransus
704 2034 835 2067 potatus
862 2040 886 2059 r.
912 2030 982 2059 rell.
1019 2029 1079 2058 iam
1109 2032 1237 2066 potatus
1304 2029 1338 2068 3)
1364 2038 1442 2066 quas
1466 2029 1517 2058 ha.
1545 2033 1656 2067 satyra
1681 2039 1706 2058 r.
1732 2029 1810 2068 quod
1834 2028 1872 2059 G.
1898 2030 1968 2059 rell.
1993 2029 2074 2069 quia.

251 2104 286 2107 Α
312 2087 477 2116 illecebras
504 2097 563 2118 om.
589 2097 613 2116 r.
641 2105 681 2107 ψ
710 2091 740 2116 et
766 2087 891 2116 auditor
918 2104 958 2106 -νή
984 2086 1095 2115 audire
1121 2095 1181 2115 om.
1210 2095 1228 2126 γ
1261 2089 1292 2114 et
1316 2094 1374 2114 om.
1394 2095 1418 2114 r.
1468 2085 1501 2122 5)
1528 2084 1659 2114 Lemma
1683 2085 1847 2115 morandus
1870 2086 2075 2124 amplifieaui.

242 2143 414 2173 morandus.
442 2144 650 2173 admirandus
676 2144 738 2185 Βφ.
765 2144 864 2173 schol.
893 2152 952 2172 om.
978 2142 1007 2171 N
1031 2141 1115 2170 Med.
1143 2140 1332 2178 G,rvcaCQ.
1398 2141 1432 2179 G)
1460 2142 1629 2179 Spectator.
1657 2142 1733 2180 Pop.
1772 2142 1925 2172 uidelicet
1961 2152 2021 2172 orn.
2046 2152 2074 2184 γ.

244 2200 278 2238 7)
304 2199 366 2228 Aut
391 2200 593 2229 obseruantia
617 2204 644 2229 et
668 2200 768 2229 sacris
792 2202 845 2228 auc
867 2198 907 2228 fe.
934 2202 961 2227 ec
984 2207 1066 2227 omn.
1093 2198 1219 2236 negleg.
1247 2208 1311 2227 ace.
1337 2207 1363 2239 γ.
1401 2198 1553 2227 uidelicet
1590 2203 1646 2227 aut
1682 2199 1884 2228 obseruanda
1920 2198 2074 2238 sacrificia

242 2260 293 2285 auc
317 2256 358 2286 fe.
383 2260 435 2285 auc
459 2266 541 2285 omn.
568 2256 689 2294 neglig.
715 2266 780 2285 ace.
808 2255 864 2290 N‚r
889 2254 932 2292 (et
956 2255 1076 2293 neglig.
1103 2254 1185 2292 acc.)
1212 2255 1278 2283 uid.
1305 2264 1322 2283 a
1347 2253 1382 2294 (a
1407 2264 1461 2292 pro
1488 2254 1506 2283 Ξ,
1522 2268 1566 2282 z
1582 2258 1644 2291 aut,
1671 2255 1756 2284 unde
1793 2254 1938 2285 fecerunt
1975 2264 2008 2284 ea
2035 2254 2077 2284 ad

242 2313 307 2341 obs.
335 2314 433 2351 sacr.)
457 2313 658 2342 obseruanda
684 2312 791 2341 sacrif.
819 2316 874 2341 aut
902 2311 940 2340 se.
966 2316 992 2340 et
1019 2320 1102 2341 omn.
1130 2311 1252 2349 neglig.
1278 2320 1340 2339 acc.
1367 2310 1451 2339 Med.
1479 2309 1591 2347 G7vca.
1618 2310 1686 2340 Aut
1709 2311 1909 2341 obseruantia
1932 2322 1952 2341 a
1977 2311 2075 2342 sacris

244 2369 281 2397 fe.
308 2372 363 2398 aut
388 2378 471 2397 omn.
499 2378 528 2397 n.
556 2378 619 2398 acc.
646 2368 712 2403 th
738 2366 905 2406 (negleg)
937 2367 1016 2397 conf.
1044 2366 1113 2408 Βφε
1152 2367 1172 2396 i.
1199 2366 1304 2396 faetus
1330 2371 1380 2396 est
1405 2367 1553 2396 sacerdos
1579 2367 1654 2397 dum
1680 2368 1797 2397 ebrius.
1823 2367 1864 2397 C:
1890 2367 2074 2407 functusque

242 2433 287 2453 sa.
315 2429 387 2462 post
413 2434 503 2454 sacra
529 2429 561 2454 et
586 2425 707 2462 epulas.
757 2426 792 2463 8)
818 2433 920 2453 secum
944 2427 973 2452 et
1000 2424 1068 2452 sine
1097 2423 1166 2460 lege
1191 2422 1236 2451 fh.
1262 2422 1355 2454 eaeleae.
1383 2423 1402 2452 i.
1428 2424 1498 2452 sine
1523 2423 1594 2461 lege
1619 2423 1681 2466 Βφ.
1709 2428 1741 2453 et
1766 2434 1827 2454 om.
1853 2423 1909 2465 γΟ.
1942 2424 2074 2454 Lemma

242 2485 269 2509 et
293 2481 377 2510 euclem
401 2490 461 2510 om.
488 2482 514 2510 N
541 2481 625 2510 Med.
654 2480 780 2517 G,rvca.
807 2479 888 2509 conf.
916 2479 955 2510 C:
982 2479 1076 2509 aulem.
1105 2480 1257 2515 ‘secui-us,
1291 2479 1359 2508 sine
1385 2479 1454 2517 lege
1479 2480 1584 2509 onmia
1609 2479 1812 2518 negligenter
1836 2479 1967 2517 faciens,
1999 2480 2072 2510 feri.

243 2537 340 2566 atus.‘
402 2537 437 2575 9)
463 2537 514 2567 Ita
539 2547 598 2566 om.
623 2536 670 2566 fh.
698 2554 738 2556 —
765 2537 865 2566 satira
889 2545 914 2576 γ.
943 2535 1009 2565 rell.
1036 2539 1152 2574 satyra.
1218 2535 1272 2574 11)
1301 2535 1360 2564 rid.
1387 2545 1436 2565 res
1463 2537 1516 2565 hu.
1543 2545 1569 2577 γ.
1595 2536 1662 2565 rell.
1689 2545 1739 2566 res
1765 2537 1825 2566 rid.
1851 2537 1903 2566 hu.
1934 2555 1972 2558 —-
1997 2535 2072 2567 Scil.

245 2597 343 2630 spect..
370 2603 430 2623 om.
456 2602 482 2634 γ.
510 2594 540 2622 h.
565 2593 585 2621 l.
614 2592 688 2622 uide
713 2592 806 2621 infra.
835 2608 872 2612 Ἀ
900 2592 1077 2627 Insinuare,
1105 2592 1210 2621 dicere
1246 2601 1272 2633 γ.
1300 2592 1370 2621 rell.
1397 2601 1458 2621 om.
1498 2590 1578 2621 conf.
1606 2591 1648 2622 C:
1684 2593 1843 2622 commend.
1881 2594 2072 2630 describere,

242 2649 419 2686 insinuare,
447 2650 608 2679 inducere.
634 2649 717 2687 plac.
746 2648 850 2678 desid.
874 2657 900 2690 γ.
934 2648 1004 2677 rell.
1031 2648 1134 2678 desid.
1160 2648 1240 2686 plac.
1294 2646 1349 2686 12)
1376 2657 1455 2686 quae
1481 2648 1617 2678 dicimus
1642 2658 1668 2691 γ.
1694 2649 1764 2678 rell.
1790 2659 1850 2680 om.
1901 2650 1955 2689 13)
1979 2649 2072 2680 Alias

244 2715 302 2735 om.
328 2715 354 2746 γ.
381 2706 462 2735 Nam
488 2706 594 2736 omnia
618 2722 658 2725 *-
684 2704 777 2735 Alias
802 2715 861 2735 om.
887 2705 917 2733 N
940 2704 1025 2734 Med.
1053 2704 1181 2741 G‚rvca.
1234 2703 1290 2743 15)
1316 2709 1351 2734 ut
1376 2714 1437 2734 om.
1465 2704 1547 2734 eafh.
1574 2705 1607 2733 id
1633 2709 1680 2734 est
1705 2715 1765 2735 om.
1791 2716 1816 2735 r.
1842 2723 1884 2726 —-
1909 2710 1936 2735 et
1960 2706 2016 2735 lib.
2041 2704 2072 2735 N

243 2762 342 2799 Med,
369 2772 453 2792 rvca.
480 2767 507 2792 et
531 2763 572 2792 ad
597 2760 757 2800 NG‚rvca.
821 2760 876 2799 17)
904 2764 1042 2800 satyros.
1070 2761 1090 2790 i.
1117 2761 1283 2790 satiricum
1309 2770 1435 2790 carmen
1461 2770 1486 2802 γ.
1515 2761 1584 2790 rell.
1611 2771 1671 2791 om.
1691 2766 1821 2791 -ue7-t.
1846 2762 1937 2792 misc.
1963 2762 2071 2792 adiun.

242 2827 268 2857 γ.
296 2818 364 2846 rell.
393 2828 452 2847 0111.
479 2820 560 2848 cont.
588 2817 631 2848 C:
669 2818 858 2856 adiungere,
884 2817 1063 2846 immiscere
1088 2817 1160 2858 Btp:
1198 2820 1332 2847 mutare.
1358 2818 1474 2846 lemma
1499 2816 1591 2846 Ser-ia
1615 2817 1684 2847 ludo
1707 2828 1733 2860 γ.
1759 2818 1829 2847 rell.
1856 2828 1916 2848 om.
1955 2819 1975 2847 i.
2001 2827 2071 2848 cum

243 2873 317 2903 ludo
344 2875 407 2903 uid.
435 2885 505 2904 cum
531 2875 629 2904 satira
653 2884 679 2916 γ.
706 2875 776 2904 rell.
804 2874 872 2904 uid.
899 2884 925 2903 c.
952 2873 1070 2912 Satyra
1097 2874 1250 2913 (satyra).
1277 2874 1361 2904 seria
1385 2879 1440 2903 aut
1466 2874 1502 2912 (l.
1529 2873 1650 2912 autem)
1680 2883 1705 2914 γ.
1732 2874 1799 2903 rell.
1826 2883 1886 2903 oin.
1938 2875 1994 2913 19)
2019 2882 2069 2903 res

244 2933 279 2957 tr.
307 2930 326 2957 i.
354 2932 554 2967 tragoediam
579 2941 605 2973 γ.
633 2931 702 2961 rell.
730 2940 790 2960 om.
818 2948 854 2951 -ή
876 2930 918 2959 ita
942 2934 1059 2960 uertere
1083 2930 1165 2959 seria
1189 2931 1268 2960 lado.
1295 2930 1455 2960 Videlicet
1481 2940 1551 2960 cnm
1577 2933 1687 2969 satyra
1713 2931 1924 2968 tragoediam,
1951 2930 1985 2959 id
2010 2932 2069 2966 est,

244 2994 313 3014 cum
341 2986 413 3014 ludo
439 2996 487 3016 res
513 2987 625 3017 tristes
650 2987 695 3016 fh.
733 2987 767 3016 id
793 2990 840 3016 est
866 2996 935 3016 eum
961 2986 981 3016 l.
1007 2996 1032 3016 r.
1059 2990 1098 3018 tr.
1125 2987 1215 3016 uncis
1241 2997 1300 3016 0111.
1327 2986 1442 3021 rvcaQ.
1492 2986 1568 3016 Post
1593 2986 1710 3015 lemma
1734 2985 1777 3015 ita
1810 2989 1886 3016 uert.
1912 2995 1937 3016 s,
1964 2986 1983 3015 l.
2014 2986 2069 3015 ha-

244 3041 322 3070 bent
348 3040 452 3076 NG,r:
488 3043 664 3081 satyricum
702 3051 830 3073 carmen
866 3043 998 3072 miseere
1034 3042 1212 3080 adiungere
1248 3052 1318 3072 cum
1356 3042 1430 3072 ludo
1468 3042 1568 3081 (adiu.
1595 3052 1620 3072 c.
1646 3042 1667 3070 l.
1693 3051 1752 3070 om.
1778 3040 1835 3081 N).
1899 3042 1957 3081 21)
1984 3051 2070 3072 sut:

245 3098 313 3125 sen.
341 3106 365 3137 γ.
392 3097 460 3126 rell.
490 3097 625 3127 subaudi
648 3098 774 3134 N‚cal'h.
802 3098 952 3129 subaudis
977 3096 1022 3129 G?
1036 3098 1112 3134 ch.
1141 3116 1146 3119 ·
1208 3103 1264 3129 tuo
1289 3109 1349 3129 om.
1375 3109 1402 3140 γ.
1464 3097 1494 3136 Σὲ·)
1521 3099 1695 3129 audiantur
1720 3097 1756 3129 C.
1781 3090 1955 3129 Hermann.
