2148 3412
142 950 179 980 10

205 139 288 180 400
840 148 945 182 Aca.
971 149 1031 180 ΕΤ
1056 147 1223 181 PORPH.
1249 147 1396 181 COMM.

841 426 1215 482 EPISTVLA
1256 427 1298 495 1,
1341 429 1387 481 6.

1025 537 1215 582 ACRON.

316 642 387 684 Nil
430 642 639 683 admirari.
714 640 764 681 In
809 640 889 682 hac
933 639 1114 695 epistula
1153 640 1287 689 docet,
1334 639 1545 681 uicturum
1589 639 1768 681 feliciter
1811 654 1919 690 eum,
1965 640 2037 695 qui

204 715 314 757 infra
344 715 666 756 admirationem
697 713 839 755 omnia
869 712 1087 754 habiturus
1120 712 1183 754 sit.
1256 712 1318 754 Ut
1348 712 1459 754 enim
1499 728 1666 754 omnem
1712 713 2037 755 sollicitudinem

204 803 255 830 ex
287 787 588 844 cupiditatibus
618 787 734 829 nasci
765 802 848 828 non
880 786 1054 827 dubium
1086 794 1159 835 est,
1191 787 1248 826 ita
1279 786 1445 827 beatam
1474 786 1604 828 uitam
1635 787 1679 827 in
1701 793 1943 843 contemptu
1963 788 2037 829 de-

204 862 397 904 liciarum
429 861 713 917 (diuitiarum)
746 859 1012 902 constitutam
1043 873 1132 901 esse
1164 859 1232 900 ait.

320 937 356 976 1.
381 951 511 992 prope
540 949 604 977 res
635 943 692 976 est
720 949 815 976 mm.
877 933 1020 975 Unica
1050 941 1090 974 et
1119 933 1361 988 praecipua,
1403 940 1447 974 ut
1477 934 1617 989 (Verq.
1639 932 1692 975 A.
1712 933 1770 984 V,
1794 934 1888 985 704,
1913 933 2035 989 705):

203 1024 332 1051 unmn
366 1010 550 1051 Tritonia
583 1009 722 1050 Pallas
756 1008 882 1058 Quem
914 1008 1058 1048 (locuit.

319 1084 355 1124 6.
393 1082 500 1134 Quid
528 1083 662 1123 moris.
723 1080 918 1122 Munera.

319 1159 356 1197 7.
391 1157 582 1198 Ludicra.
612 1154 775 1196 Inania.

319 1231 424 1272 douo
461 1230 640 1280 Quiritis.
704 1227 774 1284 [Id
805 1227 899 1285 est‚]
922 1227 1078 1282 Populi
1099 1228 1221 1269 dona.
1284 1226 1371 1280 Qui
1402 1227 1561 1269 scilicet
1592 1242 1677 1270 non
1706 1227 1863 1270 iudicio
1893 1229 2037 1270 fauent

161 1318 178 1348 5
206 1304 279 1346 sed
310 1303 458 1345 studio.
521 1303 689 1353 Quiritis
720 1309 871 1351 autem,
905 1302 1016 1356 quia,
1048 1309 1091 1342 ut
1114 1303 1234 1344 Maro
1257 1300 1332 1356 (G.
1353 1301 1410 1351 ΙΙ,
1434 1302 1698 1357 508-510):
1733 1302 1838 1344 hunc
1860 1303 2038 1358 plausus

205 1378 378 1419 hiantem
410 1378 489 1418 Per
522 1391 670 1418 cuneos·
695 1377 919 1431 yeminatus
951 1377 1052 1416 euim
1080 1372 1281 1432 plebisque
1304 1385 1550 1432 patrumque
1581 1376 1783 1431 Corripuit
1812 1382 1888 1417 etc.

322 1452 358 1493 8.
393 1450 509 1507 [Quo
541 1451 756 1506 spectanda
787 1450 916 1491 modo.
993 1447 1089 1500 Quo
1121 1449 1280 1490 scilicet
1312 1449 1469 1490 iudicio
1500 1449 1724 1504 utrobique
1755 1449 1797 1489 in
1830 1463 1904 1504 spe
1936 1463 2036 1493 con-

206 1523 422 1579 sequendi,
469 1538 520 1565 ex
552 1523 705 1578 quibus
736 1530 806 1564 aut
838 1522 987 1578 gratia,
1034 1530 1103 1563 aut
1138 1523 1281 1564 odium
1321 1522 1560 1579 contingit]
1635 1538 1710 1579 quo
1747 1538 1868 1565 seusu
1907 1524 2038 1565 credis

207 1607 243 1640 et
272 1600 368 1640 ore?
425 1595 602 1639 Sensus:
636 1598 680 1638 in
711 1604 912 1651 quantum
944 1596 1023 1638 ista
1055 1596 1392 1650 contempnenda
1423 1603 1530 1646 sunt,
1573 1596 1607 1637 si
1638 1596 1820 1637 inueniri
1850 1603 2037 1652 possunt,

139 1690 145 1699 ·
207 1672 280 1728 qui
312 1671 474 1713 caelum
504 1671 644 1726 ipsum
675 1685 759 1712 non
790 1670 1020 1711 mirentur?

320 1746 385 1786 14.
418 1753 556 1801 torpet.
617 1744 713 1787 Hoc
746 1752 819 1795 est,
853 1751 1022 1799 stupore
1054 1743 1264 1799 (torpore)
1296 1743 1439 1784 haeret
1470 1750 1509 1784 et
1541 1743 1693 1785 deficit.

318 1967 478 2002 ACRON.
525 1968 586 1998 AD
614 1967 831 1998 NVMICIVM
855 1968 962 2010 ·(‚vafh
987 1968 1022 1997 in
1046 1967 1133 2004 Hor.‚
1164 1971 1200 1997 ut
1225 1967 1336 1997 Ambr.
1365 1967 1425 1997 AD
1445 1961 1637 1997 NVMITIV
1652 1967 1743 1998 Barc.
1761 1968 1858 1998 Bern.
1885 1967 1924 1996 Β.
1948 1967 2037 1996 Parr.

205 2025 313 2061 FOQJ
331 2025 431 2063 (rubr.
450 2025 635 2063 NVMIVM,
662 2026 718 2055 sed
744 2029 813 2055 atra
834 2027 847 2054 1
868 2035 908 2054 m.
935 2033 1091 2062 suprascr.
1110 2023 1166 2063 CI)
1185 2023 1276 2053 Sorb.
1297 2029 1329 2054 et
1345 2024 1440 2054 Fran.
1466 2025 1521 2063 qui
1548 2025 1621 2054 add.
1648 2034 1734 2054 num.
1752 2024 1806 2053 VI.
1831 2022 1970 2054 NVMIC
1980 2024 2043 2053 VM

204 2082 293 2125 ΕΒφ.
321 2082 439 2113 Graeu.
464 2082 559 2112 Bern.
587 2082 623 2112 C.
650 2082 762 2120 Neque
786 2081 1006 2110 MINVTIVM
1028 2082 1081 2110 uel
1106 2080 1327 2110 MINVCIVM
1353 2091 1456 2120 neque
1472 2081 1707 2111 MVNATIVM
1732 2085 1788 2111 aut
1805 2079 2038 2111 NVMACIVM

206 2140 240 2168 in
265 2140 429 2169 codicibus
447 2139 578 2175 offendi,
605 2148 707 2178 neque
732 2139 953 2168 additamenta
977 2137 1012 2167 de
1036 2137 1203 2176 cupiditate·
1220 2142 1275 2167 aut
1301 2138 1337 2167 de
1360 2139 1567 2168 admiratione.
1594 2140 1648 2168 Nil
1666 2139 1817 2168 admirari
1832 2138 2000 2181 fivcath.
2018 2138 2037 2168 b

205 2196 312 2226 addit:
341 2197 392 2225 ‘aL
411 2197 457 2225 nil
474 2195 650 2226 admiraris
670 2196 760 2225 decet
777 2196 896 2233 prope.⁷
922 2195 989 2224 Alii
1015 2195 1119 2232 codd.⁷
1144 2199 1182 2224 ut
1206 2195 1239 2223 M
1256 2195 1385 2234 Porph.,
1412 2197 1505 2234 plene
1532 2197 1676 2226 scribunt
1692 2195 1789 2233 Nihil,
1816 2196 1885 2233 alii,
1910 2195 2035 2237 ut'Par.

203 2253 232 2283 A
256 2253 370 2290 Niclzil.
397 2255 465 2292 alii,
490 2259 527 2284 ut
552 2258 617 2284 uet.
643 2253 738 2283 Laur.
764 2253 856 2282 Harl.
885 2252 949 2291 (St.
975 2253 1038 2283 Iac.
1066 2262 1148 2282 saec.
1175 2252 1251 2292 XII)
1278 2252 1396 2282 Bernn.
1423 2252 1492 2283 AC.
1519 2257 1591 2290 etc.‚
1629 2254 1795 2289 ammirari,
1830 2262 1912 2282 unus
1938 2253 2035 2282 etiam

204 2311 275 2340 Par.
301 2311 316 2340 I
341 2311 512 2342 admirare.

319 2369 353 2407 6)
379 2369 529 2398 uictorem
553 2369 603 2410 γὶ).
630 2367 700 2397 rell.
728 2368 893 2397 uicturum.
931 2367 1014 2396 intra
1038 2367 1285 2397 admirationem
1310 2367 1359 2408 γΙ).
1392 2367 1507 2405 scripsi
1532 2367 1584 2396 uel
1609 2367 1716 2405 potius
1742 2366 1879 2396 scribere
1904 2367 2036 2395 conatus

205 2436 272 2455 suni
297 2425 383 2464 infra
407 2426 490 2456 adm.
517 2436 573 2464 pro
598 2425 661 2454 sine
685 2424 893 2461 admiratione,
932 2424 1078 2462 simplice
1103 2424 1246 2462 satisque
1271 2425 1355 2454 bona
1380 2424 1451 2453 leet.
1475 2424 1564 2462 uulg.
1590 2424 1748 2453 destituta
1784 2427 1893 2452 tamen
1929 2425 2036 2452 aucto-

203 2483 298 2512 ritate
324 2483 478 2513 codicum.
503 2482 603 2512 omnia
619 2481 682 2511 sine
698 2481 777 2511 adm.
804 2481 832 2516 Q
849 2485 960 2511 contra
978 2482 1071 2510 fidem
1089 2482 1244 2511 librorum
1262 2482 1471 2519 transposuit.
1521 2481 1555 2519 8)
1581 2482 1709 2511 beatam
1727 2481 1827 2510 uitam
1851 2477 1938 2522 *sb‚C.
1966 2478 2034 2508 rell.

204 2540 451 2570 beatitudinem.
513 2539 547 2578 9)
574 2539 763 2568 deliciarum
779 2539 827 2579 γΙ),
845 2538 915 2567 rell.
943 2539 1142 2569 diuitiarum.
1172 2539 1284 2568 eadem
1299 2538 1444 2568 confusio
1462 2539 1632 2568 uerborum
1650 2539 1714 2568 iam
1732 2547 1838 2576 supra.
1870 2535 1909 2566 ef.
1926 2535 1962 2566 C.
1978 2535 2034 2573 IV,

205 2598 234 2631 8,
251 2598 279 2626 9.
307 2596 485 2626 deliciarum
501 2596 532 2625 h.
551 2596 571 2625 1.
590 2599 685 2625 recte.
712 2596 784 2633 lege
809 2596 894 2624 enim
918 2605 948 2624 u.
968 2596 1008 2625 29
1021 2596 1111 2624 κ31.
1139 2594 1179 2624 cf.
1199 2594 1263 2624 Cic.
1290 2595 1397 2626 Rabir.
1420 2597 1468 2625 10.
1535 2595 1589 2634 10)
1615 2595 1720 2625 Unica
1745 2605 1774 2633 q.
1803 2595 1833 2624 d.
1858 2603 1885 2635 γ.
1912 2593 2034 2630 Αωίπ.,

205 2652 240 2682 C.
268 2654 334 2682 rell.
360 2663 422 2683 om.
476 2651 531 2692 12)
556 2653 691 2682 Munera
715 2662 741 2694 γ.
769 2652 837 2682 rell.
865 2663 925 2682 om.
951 2653 1031 2682 conf.
1048 2652 1090 2682 C:
1117 2661 1248 2681 munera
1274 2648 1336 2683 ἀπὸ
1361 2649 1472 2682 κοινοῦ
1489 2656 1549 2681 ete.
1602 2651 1658 2690 13)
1684 2651 1799 2681 Inania
1823 2660 1850 2692 γ.
1876 2650 1946 2680 rell.
1972 2659 2033 2679 om.

204 2710 242 2739 cf.
264 2709 305 2739 C:
332 2711 424 2740 ludos
450 2711 588 2739 inaneis.
616 2726 657 2731 —
682 2709 719 2738 Id
746 2713 795 2739 est
820 2719 879 2739 om.
904 2719 930 2751 γ.
957 2709 1049 2738 Dona
1073 2709 1184 2747 populi
1202 2709 1343 2743 Romani,
1370 2712 1508 2747 sceptra,
1534 2709 1713 2747 dignitates
1740 2707 1775 2737 C.
1827 2707 1883 2746 14)
1911 2706 1975 2742 Qui
1994 2723 2032 2727 —-

204 2767 312 2796 studio
329 2776 357 2807 γ.
385 2767 454 2796 rell.
481 2777 542 2797 om.
595 2766 649 2805 15)
678 2765 787 2801 Quiris
810 2770 906 2795 autem
922 2784 961 2786 —
975 2775 1081 2795 cuneos
1105 2775 1130 2807 γ.
1150 2766 1218 2795 rell.
1238 2775 1300 2795 om.
1353 2766 1408 2805 17)
1435 2765 1559 2801 Quo—
1574 2765 1733 2803 contingit
1749 2774 1769 2794 v
1788 2763 1893 2803 (Quae
1910 2763 2034 2793 scilicet

204 2823 259 2862 va)
287 2824 352 2853 afh.
379 2824 432 2853 Ex
450 2823 474 2854 C
492 2833 561 2853 cum
586 2823 836 2861 Dillenburgero
863 2823 907 2858 Q:
935 2822 1003 2858 Quo
1030 2832 1071 2852 se.
1098 2823 1228 2853 iudicio.
1252 2832 1283 2852 ιι.
1314 2822 1362 2851 10.
1388 2821 1549 2860 utrobique.
1576 2822 1617 2852 Ει
1641 2820 1673 2850 in
1697 2820 1801 2850 timore
1825 2819 1978 2850 amittendi
2001 2821 2034 2848 et

204 2881 235 2909 in
261 2890 317 2918 spe
344 2897 383 2901 —
411 2881 580 2919 contingit.
607 2879 690 2910 conf.
717 2879 761 2909 C:
789 2880 866 2914 ‘Quo
890 2890 933 2918 sp.
959 2879 1054 2909 modo.
1081 2879 1149 2914 Quo
1175 2880 1308 2917 iudicio,
1334 2888 1395 2917 quo
1421 2879 1541 2916 studio,
1568 2887 1630 2917 qua
1655 2887 1721 2916 spe.
1740 2895 1774 2898 —-
1790 2886 1890 2916 pauor
1913 2880 1946 2905 ut
1966 2874 2031 2904 rob.

205 2937 272 2968 mol.
299 2941 330 2966 et
355 2938 386 2966 in
412 2939 528 2968 timore
553 2937 726 2966 amittendi
753 2946 778 2967 e.
803 2937 835 2965 iu
861 2946 915 2974 spe
941 2946 1067 2975 conseq.
1095 2946 1135 2965 ex
1161 2946 1190 2974 q.
1225 2940 1278 2965 aut
1313 2937 1400 2966 dolor
1434 2941 1486 2966 aut
1517 2935 1660 2976 (laudium
1697 2934 1878 2973 contingit)
1916 2933 2033 2963 Totum

207 2993 303 3022 schol.
332 3003 389 3022 om.
417 3003 444 3035 γ.
513 2995 567 3033 19)
594 2994 714 3023 Sensus
741 3011 781 3013 —
807 2994 965 3022 mirentur
990 3002 1015 3034 γ.
1043 2993 1112 3021 rell.
1139 3003 1199 3022 om.
1263 2993 1320 3031 21)
1348 2994 1410 3022 Hoc
1436 2997 1486 3023 est
1509 2993 1612 3035 ·(b‚va.
1638 2992 1708 3022 rell.
1748 2992 1783 3020 Id
1807 2994 1867 3020 est.
1905 2993 2033 3028 torpore

207 3050 236 3079 b.
263 3050 332 3079 rell.
359 3053 497 3087 stupore.
525 3051 615 3079 heret
642 3053 672 3079 et
699 3049 799 3088 deficit
821 3051 850 3079 b.
889 3051 998 3079 haeret
1025 3052 1056 3078 et
1081 3048 1181 3088 defuit
1202 3058 1227 3091 γ.
1255 3050 1274 3078 i.
1301 3050 1404 3079 hebet.
1443 3050 1502 3079 hoc
1527 3052 1576 3079 est
1602 3053 1731 3087 stupore
1755 3047 1842 3078 hebet
1867 3051 1899 3077 et
1924 3046 2033 3076 deficit

207 3116 258 3136 va.
286 3107 319 3136 id
345 3111 404 3144 est,
431 3111 494 3136 stu.
519 3106 599 3136 hebet
624 3111 654 3136 et
679 3107 787 3136 deficit
813 3106 858 3136 fh.
887 3107 907 3136 i.
936 3115 961 3136 e.
985 3106 1081 3136 hebet
1106 3106 1136 3135 h.
1163 3115 1187 3135 e.
1215 3110 1276 3136 stri.
1303 3106 1404 3135 haeret
1429 3109 1458 3135 et
1489 3105 1551 3135 def.
1577 3103 1641 3140 CQ.
