2148 3412
227 112 308 154 570
861 120 968 152 Aen.
993 118 1054 151 ET
1078 117 1246 151 PORPH.
1271 116 1420 151 COMM.

339 247 443 289 alter
484 247 677 300 fratrum.
750 241 866 284 Bene
910 244 1111 298 fratremn
1157 242 1261 283 haee
1305 254 1371 283 res
1415 239 1528 282 enim
1558 239 1671 290 facit,
1716 244 1762 280 ut
1799 237 1953 280 mirum
1984 237 2049 289 sit,

227 319 450 361 dissimiles
481 333 582 360 esse.

340 394 432 434 184.
470 392 640 433 Herodis
667 391 848 447 palmetis
873 389 1102 446 pinym‘bus.
1163 386 1358 429 Herodes
1388 387 1431 428 in
1464 386 1591 442 Syria
1619 385 1846 435 Phoenice,
1877 399 1952 426 rex
1981 384 2055 426 Iu-

226 466 438 515 daeorum,
469 479 545 520 per
576 464 693 506 cuius
718 464 892 520 palmeta
922 477 1098 517 magnas
1129 461 1298 502 diuitias
1330 460 1553 515 significat.

160 548 179 579 5
341 540 434 581 185.
464 541 718 595 inportunus.
780 536 882 578 Sine
912 542 1036 591 portu
1066 550 1115 577 ac
1145 534 1303 590 requie,
1334 535 1414 576 hoo
1444 540 1518 584 est,
1550 548 1714 576 auarus.
1773 532 1831 574 Et
1860 533 1951 588 ipse
1981 546 2056 574 ex-

228 612 370 668 plicat,
407 611 511 666 quid
550 611 603 653 sit
638 613 892 667 inportunus,
925 608 1126 651 dicendo:
1165 609 1219 650 ad
1248 608 1430 650 umbram
1469 608 1569 649 lucis
1601 608 1650 648 ab
1681 614 1786 657 ortu,
1817 606 1898 648 hoe
1928 612 2001 655 est,
2034 620 2059 646 a

228 700 351 727 mane
381 699 514 740 usque
545 685 599 726 ad
630 699 869 739 uesperum.

344 761 436 802 186.
467 760 699 801 Sz‘luestrem
718 758 890 814 flammis
911 765 947 798 et
974 757 1098 810 ferro.
1161 754 1361 797 Officium
1383 760 1445 796 est
1465 754 1678 811 agricolae
1699 768 1784 796 non
1806 752 2059 809 quiescentis

229 840 269 875 et
299 848 428 875 auara
459 847 532 887 spe
563 832 607 873 in
636 833 797 874 futuros
828 830 987 872 reditus
1017 828 1179 870 intenti.

163 914 205 946 10
345 908 436 949 187.
469 909 550 948 Scit
591 906 756 953 Genius,
796 905 930 946 natale
969 917 1094 945 comes
1131 904 1200 958 qui
1233 910 1426 959 temperat
1463 909 1631 944 astrum.
1691 901 1788 943 Hoc
1825 900 2057 943 secundum

229 981 286 1029 id,
332 980 444 1035 quod
485 986 634 1035 putant
671 978 861 1021 homines
903 976 1151 1031 εὐδαίμονας
1190 983 1230 1017 et
1271 975 1576 1031 κακοδαίμονας
1622 975 1720 1027 dici,
1762 975 1862 1029 quia
1901 973 2058 1029 δαίμων

232 1052 396 1096 Genius
427 1053 691 1109 intelligitur.

345 1128 438 1169 189.
469 1127 588 1169 mdtu
603 1126 816 1168 mutabilis.
876 1123 967 1166 Aut
995 1112 1154 1167 uult-um
1188 1139 1300 1167 nune
1329 1138 1406 1179 pro
1427 1123 1642 1165 uoluntate
1662 1122 1815 1179 posuit,
1846 1129 1917 1164 aut
1946 1121 2064 1164 deest

232 1216 333 1250 cum,
364 1208 407 1242 ut
439 1200 510 1242 sit:
545 1215 639 1241 oum
670 1199 788 1241 uultu
818 1197 1033 1240 mutabilis
1064 1204 1102 1240 et
1133 1204 1218 1240 tam
1250 1198 1405 1253 dispar,
1437 1212 1566 1252 quam
1596 1202 1691 1239 sunt
1721 1196 1830 1237 inter
1860 1210 1903 1238 se
1923 1195 2061 1237 homi-

167 1284 207 1316 15
232 1290 333 1316 num
363 1274 515 1316 uultus.

346 1349 460 1390 albus
497 1356 531 1390 et
567 1356 689 1390 ater.>
724 1346 1076 1394 Prouerbialiter3
1115 1345 1195 1387 hoo
1225 1351 1299 1395 est,
1336 1345 1471 1387 bonus
1508 1351 1548 1386 et
1578 1344 1731 1393 malus3
1772 1350 1811 1385 et
1844 1344 1980 1386 album
2004 1342 2064 1384 'ad

232 1422 452 1464 liberalem
483 1428 523 1463 et
557 1421 713 1463 laetum
744 1420 914 1469 rettulit,
954 1428 1090 1462 atrum
1120 1419 1174 1460 ad
1211 1419 1428 1461 sordidum
1459 1425 1498 1461 et
1536 1433 1842 1461 aerumnosum.
1903 1416 2064 1473 Figura

236 1495 509 1552 [συνεκδοχή]
544 1494 823 1539 ἀνταπόδοσις.

347 1571 441 1612 190.
473 1577 509 1611 et
544 1585 594 1611 ex
630 1569 784 1611 modico
822 1575 1017 1624 quantum
1053 1582 1118 1609 res
1150 1568 1289 1623 poscit.
1352 1565 1486 1608 Caute
1522 1566 1733 1609 adiectum
1770 1574 1965 1623 quantum
2001 1580 2089 1626 res(

167 1653 209 1685 20
228 1645 367 1699 poscit,
399 1651 446 1685 ut
473 1643 679 1685 mundum
710 1657 766 1693 se,
798 1657 882 1684 non
912 1641 1140 1697 prodigum
1170 1640 1299 1682 fuisse
1331 1641 1601 1683 demonstret.

348 1727 383 1759 et
422 1733 474 1760 ex
509 1718 677 1759 modico.
737 1715 872 1758 Deest
908 1717 1095 1772 quamuis
1134 1721 1174 1756 et
1203 1723 1345 1765 tamen,
1385 1721 1430 1756 ut
1467 1714 1538 1756 sit:
1581 1713 1773 1770 quamuis
1804 1729 1855 1756 ex
1885 1714 2064 1765 modico,

235 1800 375 1834 tamen
404 1791 561 1834 tollam.
620 1789 949 1840 Ἀνακόλουῦον,
980 1796 1046 1831 ut:
1079 1804 1164 1831 non
1194 1788 1376 1830 tertium.

349 1867 444 1907 191.
473 1866 570 1922 quid
591 1865 718 1907 deme
749 1864 895 1906 iudicet
929 1864 1081 1906 haeres.
1141 1862 1228 1905 Hic
1257 1863 1406 1905 haeres
1436 1877 1520 1904 non
1549 1862 1776 1919 legitimus,
1815 1862 1889 1905 sed
1917 1862 2066 1904 haere-

236 1940 392 1995 dipeta.

170 2023 210 2054 25
351 2014 444 2054 192.
481 2013 599 2064 Quod
627 2027 708 2055 non
732 2013 862 2069 plura
900 2012 1003 2054 (latis
1040 2013 1251 2054 inuenerit.
1313 2010 1439 2063 Quod
1470 2025 1554 2052 non
1584 2011 1679 2067 plus
1711 2017 1958 2053 consecutus
1988 2010 2067 2052 fuit

238 2102 289 2128 ex
319 2086 436 2137 meis,
469 2101 595 2141 quam
624 2086 668 2127 in
699 2100 765 2127 me
796 2085 953 2141 pendit.
1013 2084 1071 2126 Et
1101 2099 1286 2141 congrue
1316 2084 1519 2127 Horatius
1550 2085 1602 2127 de
1633 2100 1676 2128 se
1706 2085 1901 2141 loquitur.

374 2225 410 2266 2)
436 2225 587 2256 dissimile⁸
609 2234 680 2255 esse
702 2225 746 2254 M.
783 2224 939 2254 dissimile
964 2233 1032 2254 esse
1056 2223 1125 2254 RG.
1152 2224 1326 2254 dissimiles
1351 2233 1420 2254 esse
1442 2224 1542 2260 vth.
1571 2233 1642 2255 esse
1667 2224 1744 2255 diss.
1771 2234 1800 2254 a.
1864 2222 1900 2264 6)
1925 2224 2003 2263 quid
2028 2226 2070 2253 est

238 2282 281 2312 M.
307 2283 385 2322 quid
408 2283 447 2312 sit
469 2282 571 2322 R(Q).
596 2291 710 2312 auarus
735 2281 813 2321 quod
835 2281 983 2321 signfficat
1007 2281 1143 2312 dicendo
1168 2281 1255 2311 vafh.
1320 2281 1354 2320 9)
1383 2290 1483 2311 auara
1506 2291 1557 2320 spe
1591 2281 1789 2320 MRAG(Q).
1827 2290 1920 2312 auare
1956 2290 2013 2319 spe
2036 2290 2066 2310 v.
2125 2306 2128 2316 ,

238 2350 331 2370 auare
356 2350 439 2379 spem
463 2341 527 2370 afh.
554 2357 595 2362 ——-
621 2340 745 2369 eoetenti
769 2338 897 2375 MRG‚v
923 2337 1106 2378 (extenctz').
1133 2338 1277 2368 redditus
1303 2338 1498 2368 extendentis
1515 2348 1542 2368 a.
1567 2338 1685 2368 intenti
1700 2337 1777 2374 th.
1829 2338 1885 2377 10)
1911 2338 1980 2368 Hoc
2006 2346 2066 2367 see.

238 2397 311 2436 quid
332 2401 464 2435 propter
488 2398 549 2427 hoe
574 2400 661 2435 putat
683 2395 776 2425 MRG
796 2393 946 2437 (putant).
966 2396 1024 2425 hoc
1050 2405 1111 2425 sec.
1139 2396 1171 2425 id
1198 2395 1275 2434 quid
1291 2395 1437 2434 (quidem
1462 2395 1494 2434 a)
1512 2399 1642 2434 propter
1667 2395 1750 2434 quod
1775 2399 1887 2433 putant
1909 2399 1959 2425 va.
2012 2394 2066 2433 13)

238 2455 359 2485 vultum
383 2454 420 2484 ab
444 2454 504 2484 illis
516 2467 560 2482 z:
573 2454 661 2483 uultu
686 2453 864 2489 mutabilis,
889 2456 925 2482 ut
951 2453 1045 2490 infra,
1071 2453 1127 2482 ubi
1142 2452 1170 2488 Q
1188 2453 1336 2491 scripsit:
1364 2461 1435 2481 cum
1459 2452 1552 2481 uultu
1576 2453 1737 2489 mutabili,
1765 2453 1891 2482 dicens:
1918 2452 2067 2488 Fortasse,

240 2513 356 2550 inquit,
382 2511 450 2541 aliis
475 2510 623 2550 continyet
645 2514 676 2540 ut
700 2509 795 2539 lenias
819 2509 993 2539 emendent.'
1009 2527 1049 2530 ἡ
1071 2513 1126 2539 aut
1151 2510 1240 2539 deest
1266 2496 1332 2539 cam
1357 2509 1394 2544 Q.
1421 2519 1485 2539 eum
1508 2508 1572 2539 MG
1598 2510 1719 2540 uultum
1742 2513 1775 2538 ut
1796 2508 1834 2539 ab
1856 2508 1917 2538 illis
1941 2508 1992 2547 (ut
2017 2517 2068 2538 su—

240 2571 311 2609 pra)
340 2574 371 2600 et
395 2573 461 2599 tam
485 2567 588 2598 MRG.
614 2568 699 2598 ultra
722 2567 880 2597 mutabilis.
907 2571 937 2597 et
963 2570 1029 2597 tam
1055 2568 1163 2606 dispar
1186 2578 1218 2605 v,
1245 2577 1306 2598 om.
1333 2567 1402 2596 Aut
1418 2584 1462 2587 —-
1478 2566 1645 2596 mutabilis
1671 2563 1909 2605 (homoeotel.)‚
1934 2569 1971 2595 ut
1995 2564 2067 2594 afh:

249 2626 335 2656 Vultu
364 2630 433 2656 mut.
471 2629 503 2655 et
538 2629 604 2655 tam
642 2626 723 2664 disp.
791 2625 844 2663 17)
871 2624 1008 2654 reddidit
1033 2623 1134 2654 MRG.
1160 2625 1229 2654 rell.
1255 2624 1375 2654 rettulit.
1400 2623 1442 2652 Et
1467 2624 1574 2653 album
1599 2627 1650 2653 aut
1673 2624 1713 2652 ad
1726 2623 1782 2652 lib.
1808 2626 1862 2652 aut
1883 2621 1925 2652 ad
1948 2622 2068 2651 laetum

239 2683 339 2712 reddit
350 2683 491 2712 vafh.—
502 2683 555 2721 fig.
570 2679 720 2717 αποδοσις
732 2682 835 2720 prima
848 2680 951 2711 MRG.
966 2682 1120 2720 figuratur
1134 2704 1139 2709 .
1156 2703 1161 2710 .
1180 2681 1270 2720 (spat
1285 2680 1379 2718 .uac.)
1397 2703 1403 2709 .
1419 2703 1425 2709 .
1441 2673 1461 2718 ii
1485 2680 1520 2709 R.
1549 2679 1590 2715 Q:
1618 2680 1717 2710 ‘F0rt.
1755 2675 1931 2714 άπόὸειξις’.
1970 2677 2068 2716 Equi·
2126 2706 2129 2711 ,

243 2740 314 2769 dem
340 2740 484 2769 codicum
510 2740 656 2777 uestigiis
681 2739 834 2768 insistens
851 2739 961 2776 posui:
999 2735 1208 2774 ανταττὸὂοσις
1225 2738 1245 2767 i.
1265 2747 1291 2766 e.
1310 2738 1507 2767 conmutatio
1526 2746 1631 2767 rerum
1648 2737 1682 2766 in
1700 2736 1896 2766 contrarium
1914 2734 2066 2774 (Polyb).

243 2796 348 2826 Simili
375 2806 472 2827 sensu
496 2796 689 2826 Ascensius:
715 2796 819 2834 figura
843 2794 1006 2824 antithesis.
1042 2795 1125 2824 Utar
1151 2799 1183 2825 et
1208 2804 1248 2824 ex
1275 2794 1411 2825 modico.
1437 2803 1475 2824 v:
1502 2794 1606 2832 figura
1631 2816 1638 2822 .
1658 2815 1664 2823 .
1683 2816 1689 2822 .
1710 2816 1716 2821 .
1744 2792 1845 2832 (spat.
1872 2791 1955 2831 uae.)
1983 2814 1990 2821 .
2009 2814 2015 2821 .
2034 2813 2040 2820 .
2060 2812 2067 2819 .

239 2853 341 2890 prima
367 2863 408 2883 ex
425 2853 561 2885 modico.
588 2853 642 2891 fig.
668 2849 846 2895 συνεκδοχή
871 2851 1037 2880 Fabricius
1065 2851 1130 2890 (fh)
1156 2852 1240 2880 unde
1265 2851 1407 2889 petierit,
1433 2851 1629 2889 ignoramus.
1658 2849 1712 2893 Βφ
1734 2850 1820 2880 nihil
1843 2849 1963 2879 habent
1987 2848 2066 2878 nisi:
2126 2845 2128 2856 ¹

244 2908 329 2937 albus
353 2913 381 2938 et
401 2914 476 2939 ater.
503 2918 633 2947 prosper
659 2913 691 2938 et
715 2909 883 2940 aduersus.
910 2906 951 2937 C:
989 2907 1046 2936 alb.
1073 2912 1100 2936 et
1122 2911 1195 2937 ater.
1223 2908 1325 2937 bonus
1353 2911 1384 2937 et
1408 2908 1522 2943 malus,
1561 2907 1701 2937 liberalis
1727 2910 1759 2936 et
1786 2906 1945 2936 sordidus.
1971 2904 2068 2944 possit

245 2964 348 2995 MRG.
376 2966 458 2995 Edd.
484 2975 547 2995 non
572 2966 693 2995 habent
711 2969 823 3004 poscet⁷
850 2968 886 2994 ut
910 2965 967 2994 ref.
995 2964 1032 3001 Q,
1059 2974 1130 2994 cum
1155 2968 1285 2994 careant
1310 2965 1369 2994 hac
1394 2964 1555 2994 lemmatis
1580 2967 1679 3002 parte.
1733 2962 1792 3001 21)
1819 2966 1855 2992 ut
1881 2972 1940 2992 om.
1966 2959 2066 2990 MRA.

247 3022 306 3060 22)
331 3031 421 3052 ανακ.
446 3021 509 3060 (sic
534 3022 641 3051 Halm.
668 3017 806 3052 ANAKA
832 3020 874 3060 Q)
901 3021 946 3051 M.
973 3017 1094 3051 ανακο).
1119 3020 1158 3050 G.
1184 3017 1405 3052 ἀνακόλουθον
1430 3021 1470 3050 Α.
1495 3025 1533 3051 ut
1557 3030 1622 3050 non
1646 3020 1779 3049 tertium
1802 3017 1968 3055 MRVG‚v.
2008 3016 2068 3046 To-
2124 3041 2127 3046 ,

244 3082 312 3107 tum
338 3079 436 3107 schol.
463 3088 522 3107 om.
547 3079 593 3108 fh.
618 3089 655 3108 v:
687 3088 727 3108 ex
753 3078 867 3108 modico
892 3078 967 3118 (om.
993 3081 1147 3115 quantum
1174 3095 1213 3098 -—
1238 3078 1367 3117 modico)
1397 3081 1428 3108 et
1453 3078 1563 3108 tollam
1587 3080 1623 3106 ut
1647 3086 1710 3106 non
1734 3076 1880 3105 tertium.
1907 3084 1941 3105 a:
1981 3073 2069 3104 ‘Vtar

247 3139 278 3165 et
295 3144 335 3164 ex
353 3134 466 3164 modico
481 3135 556 3173 (om.
572 3139 729 3174 quantum
744 3153 783 3157 -ι
799 3135 926 3175 modico)
942 3138 973 3165 et
990 3134 1113 3171 tollam,
1137 3144 1191 3164 nec
1216 3138 1343 3165 metuam
1361 3135 1432 3165 etc.'
1482 3135 1540 3173 25)
1567 3133 1648 3164 dites
1664 3132 1724 3172 (G)
1743 3131 1907 3162 inueneris
1918 3131 1963 3161 M.
2012 3129 2067 3168 26)
