2148 3412
796 109 847 142 IN
872 110 981 143 ΛΒΤ.
1005 108 1140 141 POET.
1806 97 1886 138 665

166 232 261 273 457.
294 232 372 272 Ηίο
394 232 490 273 dum
521 232 702 273 sublimis
733 247 879 275 uersus
911 242 1112 275 ructatur.
1163 233 1369 275 Ructatur
1399 248 1476 288 pro
1506 241 1656 275 ructat.
1706 231 1887 286 Antiqui

56 304 167 345 enim
198 312 238 345 et
267 313 383 346 ructo
414 311 452 344 et
484 313 627 347 ructor
657 305 864 347 dixerunt.
940 305 1025 348 Hic
1072 321 1226 362 genere
1272 306 1460 361 patiendi
1501 307 1647 348 extulit
1683 313 1886 353 ructatur,

11 415 12 418 ,
56 385 102 419 ut
132 386 322 427 uertatur,
356 378 537 419 lauatur.

167 452 262 492 463.
293 452 388 492 464.
421 451 625 507 Siculique
653 460 793 508 poetae
824 453 1008 495 Neu-rato
1046 455 1262 495 interilum.
1335 452 1616 508 Empedocles
1646 452 1721 494 fuit
1753 452 1886 508 Agri-

56 524 253 580 gentinus
285 523 499 579 physicus,
532 524 602 579 qui
635 539 678 566 se
710 525 750 565 in
784 532 987 566 craterem
1019 525 1295 580 praecipitem
1327 526 1441 567 dedit
1473 525 1652 577 Aetnae,
1686 526 1885 570 inmorta-

55 597 212 638 litatem
244 597 471 639 adfectans.

166 671 262 712 465.
296 672 390 712 466.
425 672 632 713 ardentem
648 673 825 727 [riq-idus
842 672 1014 714 Aetnam
1032 673 1202 713 Insiluit.
1264 672 1379 713 Dum
1403 687 1446 714 se
1469 672 1601 714 credit
1623 672 1886 728 (credebat?)

55 758 105 785 ex
135 743 334 799 opinione
365 744 581 786 hominum
613 744 885 786 collecturum
916 745 1194 794 diuinitatem,
1227 745 1261 786 si
1293 760 1497 799 nusquam
1530 747 1830 800 conparuisset.

168 819 262 858 471.
296 833 348 859 an
381 825 494 860 triste
516 819 702 860 bidental.
744 818 807 868 Id,
841 818 952 873 quod
973 818 1088 859 Iouis
1118 818 1293 859 fulmine
1334 833 1579 873 percussum
1611 826 1684 868 est,
1718 820 1888 860 bidental

56 891 311 946 adpellatur3
359 891 437 933 hoc
483 891 646 947 expiari
678 907 759 933 non
792 898 938 946 potest.
1013 891 1169 933 Errant
1201 899 1353 941 autem,
1401 891 1472 945 qui
1512 899 1657 946 putant
1690 892 1742 933 ab
1774 908 1886 948 agna

59 965 219 1006 dictum
251 965 437 1006 bidental.

169 1039 265 1080 476.
298 1039 456 1080 leit-ado.
518 1037 638 1080 Haec
669 1046 709 1078 et
739 1039 1000 1094 sanguisuga
1031 1039 1280 1095 adpellatur.

173 1188 204 1227 1)
231 1198 341 1218 uersus
367 1188 507 1219 luctatur
532 1188 575 1218 M.
603 1199 657 1227 pro
684 1189 816 1218 ructanti
838 1186 916 1218 Rssb.
945 1198 1000 1226 pro
1028 1193 1111 1218 ructo
1137 1189 1207 1218 anni
1235 1189 1287 1227 qui
1313 1189 1354 1218 M.
1384 1189 1566 1219 Hocheder:
1599 1191 1723 1218 ‘uersus
1748 1190 1888 1220 luctatur

59 1269 65 1275 .
83 1267 89 1275 .
105 1268 110 1274 .
128 1245 206 1283 (sic)
226 1247 280 1284 qui
307 1246 413 1275 enim.v
464 1246 497 1284 2)
525 1246 610 1275 enim
629 1255 689 1275 om.
709 1246 798 1275 vafh.
849 1246 884 1285 5)
897 1245 1013 1283 fisicus
1031 1246 1074 1274 M.
1093 1245 1175 1284 phis.
1196 1255 1219 1274 r.
1236 1264 1275 1266 vn
1292 1250 1419 1275 aeterne
1438 1246 1523 1275 imm.
1542 1255 1572 1274 v.
1598 1242 1689 1274 a&ne
1714 1246 1814 1276 imort.
1842 1247 1886 1276 M.

58 1303 93 1341 6)
118 1301 182 1331 ads.
208 1302 251 1331 M.
278 1303 346 1334 rell⁴
373 1302 424 1331 aff.
490 1303 525 1341 7)
551 1302 659 1332 credat
685 1312 714 1331 v.
775 1303 810 1340 8)
837 1311 960 1339 conpar.
987 1301 1030 1330 M.
1095 1303 1128 1340 9)
1154 1302 1299 1331 uidental
1325 1301 1367 1330 M.
1393 1303 1461 1331 ouis
1488 1301 1560 1339 (ἦν.
1587 1290 1655 1331 duis
1682 1302 1707 1340 (i
1733 1312 1828 1340 supra
1853 1303 1886 1341 o)

55 1357 99 1396 M,
125 1368 189 1388 non
214 1358 278 1387 ouis
303 1358 516 1397 (Hocheder).
569 1360 623 1398 10)
651 1358 769 1387 Errant
787 1356 993 1395 MRAB11‚1·Q.
1013 1359 1081 1387 rell.
1109 1357 1201 1387 Sunt.
1234 1357 1317 1387 conf.
1343 1358 1486 1387 Dillenb.
1506 1368 1535 1395 p.
1556 1359 1609 1387 24.
1678 1359 1733 1398 12)
1759 1359 1846 1388 Haec
1863 1364 1890 1388 et

56 1412 318 1454 MRBbQG(Q),r.
345 1415 413 1445 rell.
440 1425 501 1445 om.
530 1416 728 1453 sanguisuca
755 1415 782 1449 2,
810 1414 976 1453 sanguissu
999 1414 1042 1443 M.
1069 1414 1280 1453 sanguissuga
1307 1413 1346 1451 Gr⁷
1371 1418 1407 1443 ut
1432 1414 1496 1455 Βφ.

169 1471 200 1511 †)
225 1472 262 1501 In
287 1472 355 1501 cod.
384 1472 433 1501 ‘A'
461 1471 633 1511 (Beruensi
660 1482 719 1502 scr.
746 1481 764 1501 a
788 1472 823 1501 P.
850 1471 998 1500 Danielis
1024 1471 1136 1509 manu)
1164 1475 1236 1509 post
1263 1471 1385 1500 scholia
1412 1472 1443 1500 in
1461 1470 1575 1500 Artem
1602 1471 1757 1508 poetieam
1784 1472 1889 1509 posita

56 1532 106 1559 est
131 1528 188 1558 illa
214 1529 379 1567 expositio
405 1532 544 1565 saturae,
571 1538 651 1567 quae
677 1529 867 1559 inscribitur
884 1528 942 1556 DE
962 1526 1128 1557 SATVRA
1148 1527 1295 1566 (Satura
1320 1528 1439 1557 dicitur
1464 1536 1591 1557 carmen
1616 1528 1701 1565 apud
1726 1527 1888 1558 Romanos

58 1604 100 1608 ——
124 1585 474 1625 comprehendantur'),
501 1586 535 1616 in
560 1586 635 1616 aliis
661 1586 828 1616 codicibus
854 1595 916 1616 non
942 1589 1019 1615 ante
1045 1584 1214 1615 Sermones
1252 1585 1307 1614 sed
1345 1585 1376 1615 in
1414 1584 1521 1623 Epist.
1548 1583 1571 1621 Ι,
1602 1586 1652 1622 11,
1679 1585 1765 1615 inter
1789 1594 1819 1614 v.
1849 1586 1886 1614 11

59 1646 91 1674 et
120 1644 158 1673 12
185 1643 291 1674 obuia.
324 1643 445 1673 uidesis
471 1652 500 1681 p.
527 1643 603 1673 430.
631 1643 706 1672 431.

59 1798 333 1841 POfflPONI
364 1801 439 1855 (Ξ
459 1798 699 1841 Hocheder.
732 1813 955 1854 perperam
987 1796 1293 1840 POMPONII
1324 1798 1366 1849 Q
1397 1804 1437 1838 et
1467 1796 1630 1853 Halm.)
1661 1796 1888 1839 PORFY-

59 1871 267 1915 RIONIS
301 1871 687 1915 COmfflENTVM
718 1872 777 1912 IN
802 1870 1135 1914 HORATIVM
1166 1869 1251 1911 DE
1282 1870 1445 1911 ARTE
1475 1869 1748 1913 POETICA
1778 1869 1888 1910 EX-

60 1944 278 1989 PLICIT.
311 1944 539 1988 INCIPIT
572 1944 828 1988 CARMEN
861 1943 1235 1987 SAECVLARE
1274 1941 1604 1985 FELICITER
1635 1943 1737 1998 (M).

79 2070 387 2128 Porphyrionis
419 2070 699 2114 Grainmatici
732 2070 972 2125 explanatio
1003 2070 1046 2111 in
1077 2076 1209 2110 artem
1240 2068 1449 2124 poeticam
1480 2067 1582 2109 finit.
1615 2067 1802 2109 eiusdem
1832 2067 1875 2108 in

623 2144 755 2186 libros
784 2159 1024 2186 sermonum
1055 2143 1206 2198 incipit
1237 2142 1329 2199 (R).

217 2270 475 2325 Explanatio
506 2268 799 2325 Porphz'rionis
830 2267 880 2309 In
912 2275 1000 2310 arte
1031 2267 1197 2323 poetica
1228 2266 1406 2308 feliciter
1438 2265 1627 2322 Explicit
1662 2266 1735 2321 (r).

147 2395 375 2451 Pomponii
404 2394 712 2450 Porphyrionis
743 2393 1082 2435 comentariorum
1115 2392 1158 2433 in
1190 2399 1320 2433 artem
1352 2391 1559 2446 poeticam
1588 2390 1683 2431 finis
1713 2389 1792 2444 (v).

1914 901 1952 931 10
