2148 3412
110 574 127 603 25!

117 943 124 973 Ι
135 943 154 973 O

175 134 255 174 284
813 139 916 171 Aen.
943 139 1002 169 ΕΤ
1030 137 1196 169 Pon-PH.
1224 135 1372 167 (ὊΜΜ.

288 268 350 308 21.
385 266 476 307 aliis
506 264 609 306 male
641 264 832 306 creditur.
892 262 942 302 Id
974 268 1056 303 est:
1088 259 1201 302 noxii
1234 266 1272 300 et
1304 257 1529 313 periculosi
1561 263 1669 305 sunt,
1707 263 1751 296 ut
1782 269 1865 296 non
1896 253 2001 295 bene

176 343 293 396 ripae
325 339 520 381 creditur.

291 413 411 470 [male
443 412 549 453 cred.
610 409 725 462 Quia
757 408 1024 465 periculose]

289 488 354 528 23.
384 501 485 542 quae
515 486 650 540 leym-ic
680 484 837 525 arbore.
900 481 1022 534 Quae
1053 495 1176 522 mane
1206 480 1355 536 legerit
1392 479 1445 520 ab
1477 478 1638 520 arbore.

289 563 353 602 24.
389 560 572 615 Aufidius
599 560 698 613 forti
727 558 920 599 miscebat.
995 555 1181 611 Aufidius
1213 553 1426 595 conditum
1459 552 1510 593 de
1532 551 1714 592 Falerno
1749 550 1848 590 uino
1877 548 2006 590 facie-

176 636 259 686 bat,
292 634 364 676 sed
395 633 531 683 stulte,
578 632 677 688 quia
706 638 917 673 austerum
948 636 1010 670 est
1039 629 1185 670 uinum
1216 627 1458 675 Falernum,
1491 633 1529 666 et
1574 639 1657 666 non
1702 623 1884 665 debebat
1927 622 2008 663 nisi

176 709 314 751 mollis
344 707 434 749 uini
465 706 679 749 conditum
710 705 874 746 ieiunus
905 710 1087 759 gustare.
1166 699 1395 757 [Miscebat
1426 706 1565 740 autem
1595 704 1769 753 propter
1808 695 2007 738 constitu-

178 783 333 825 tionem
363 781 555 838 uentris]

293 858 357 898 25.
391 856 592 898 Mendose.
651 853 781 902 Male,
814 851 949 901 stulte,
982 849 1176 905 inperite,
1209 848 1369 890 uitiose.

292 931 447 972 uacuis.
506 926 677 969 Ieiunis.
722 925 840 967 Bene
886 924 991 965 dixit
1021 925 1178 973 uacuis,
1225 921 1425 977 quoniam
1457 936 1481 961 a
1512 920 1663 961 ieiunis
1695 918 1907 960 conditum
1942 932 2010 959 su-

121 1028 128 1029 *
180 1004 319 1054 mitur,
351 1003 451 1057 quia
481 1001 665 1057 primum
695 1000 739 1040 in
769 1013 899 1040 uenas
929 997 1035 1038 nihil
1065 995 1191 1038 debet
1221 1009 1415 1051 asperum
1446 993 1577 1042 mitti3
1610 993 1705 1035 ideo
1735 992 1848 1034 male.

124 1311 160 1341 15

121 1679 161 1710 20

295 1079 360 1119 26.
394 1077 511 1118 decet.
544 1074 736 1130 Oportet.

296 1152 378 1193 lem‘
398 1150 643 1208 praecordia
673 1148 813 1189 mulso.
889 1145 1087 1203 [Mulsum
1117 1153 1177 1186 est
1210 1143 1451 1185 commixtio
1482 1156 1616 1197 aquae
1647 1156 1778 1196 purae
1809 1147 1849 1182 et
1879 1138 2014 1180 mellis

183 1224 354 1274 incocti3
387 1224 431 1265 id
462 1231 600 1265 autem
633 1222 813 1263 mulsum
834 1229 875 1261 et
895 1219 1109 1261 conditum
1131 1218 1286 1259 dicitur
1307 1216 1587 1273 melicratum]
1651 1216 1833 1259 Mulsum
1854 1221 1893 1255 et
1915 1228 2013 1255 con-

186 1299 320 1341 ditum
350 1297 504 1340 dicitur
535 1304 573 1338 et
605 1295 880 1337 melicratum.

298 1374 363 1414 27.
398 1372 616 1414 Prolueris.
675 1368 935 1418 Profuderis,
968 1366 1234 1423 inrigaueris.
1305 1366 1491 1421 Verqilius
1524 1362 1598 1415 (A.
1623 1364 1654 1414 I,
1680 1364 1799 1416 739):
1838 1370 1873 1404 et
1896 1362 2016 1418 ple-no

184 1463 222 1489 se
247 1448 407 1504 proluit
437 1461 553 1488 auro.

299 1523 365 1562 27.
398 1520 444 1562 Sz'
462 1521 568 1561 dura
590 1518 801 1560 mab-abiten-
823 1518 958 1558 aluus.
1014 1515 1063 1556 Id
1084 1521 1164 1556 est:
1189 1514 1223 1555 si
1244 1522 1390 1555 uenter
1412 1528 1532 1554 suum
1553 1527 1637 1553 non
1659 1519 1800 1553 seruat
1820 1510 2015 1553 officium.

300 1596 365 1637 28.
399 1595 581 1638 Miculus.
642 1591 689 1633 ‘H
705 1592 833 1647 χήμη.
867 1589 1137 1632 Concharum
1168 1588 1388 1643 nigrarum
1420 1601 1553 1642 genus
1584 1593 1658 1636 est,
1691 1585 1779 1627 siue
1811 1583 2017 1640 pisciculi.

300 1669 412 1710 uz'les.
473 1666 569 1709 Non
601 1665 747 1722 magni
777 1664 915 1720 pretii.

299 1743 363 1784 29.
397 1741 550 1798 lapathi
582 1741 729 1782 breuis.
790 1738 944 1788 Parua,
978 1745 1048 1779 aut
1080 1736 1220 1778 breuis
1251 1735 1466 1790 temporis,
1499 1742 1543 1776 ut
1574 1742 1635 1776 est
1666 1734 1813 1775 lilium.

300 1817 367 1858 sed
395 1816 483 1857 albo
514 1829 594 1856 non
625 1815 707 1855 sine
743 1813 832 1855 Coo.
891 1811 1025 1861 Haec,
1058 1810 1205 1865 inquit,
1239 1825 1332 1851 cum
1365 1809 1464 1850 uino
1497 1806 1587 1850 Coo
1619 1808 1776 1863 accipe.

301 1891 367 1932 29.
406 1889 494 1932 Coo.
553 1886 668 1928 Vino
699 1885 752 1928 ab
784 1886 933 1928 insula.

301 1964 367 2005 30.
404 1963 586 2004 Lubrica.
648 1959 901 2017 [Introrsum
932 1958 1129 2014 limpida]
1162 1957 1249 1998 Aut
1296 1957 1393 2011 quia
1439 1963 1629 1997 uentrem
1675 1955 1900 2004 deducunt,
1947 1963 2017 1996 aut

122 2053 128 2061 ·
148 2048 160 2056 '
188 2039 312 2086 leuia,
351 2052 457 2092 quae
487 2042 677 2077 uentrem
699 2034 875 2076 soluant.
938 2030 1173 2086 Conchylia
1194 2030 1409 2086 inplentur
1430 2030 1529 2071 luna
1550 2036 1774 2071 crescente.
1833 2028 2021 2084 Tempus

190 2111 306 2162 dicit,
337 2126 419 2166 quo
450 2110 561 2152 bona
591 2123 681 2150 esse
712 2117 885 2162 possunt
916 2104 1150 2161 conchylia,
1183 2104 1365 2159 quando,
1398 2103 1546 2157 inquit,
1577 2102 1677 2144 luna
1708 2101 1950 2144 subcrescit.

303 2186 370 2227 31.
401 2198 616 2240 qenerosae
635 2183 761 2237 fertz'l.
784 2190 911 2223 testae.
960 2179 1028 2236 [Id
1050 2178 1146 2235 est}
1178 2193 1425 2235 generosam
1448 2184 1597 2220 testam
1619 2176 1841 2232 conchylii,
1873 2175 1917 2217 id
1938 2183 2019 2217 est:

191 2274 275 2301 non
304 2258 462 2314 ubique
492 2256 678 2299 nascitur
708 2254 987 2310 conchylium.

333 2422 365 2459 1)
393 2421 468 2451 aliis
496 2438 534 2441 »μ-
562 2420 702 2450 creditur
726 2428 752 2461 γ.
780 2418 1026 2456 Metaphoricos‚
1053 2421 1104 2446 ut:
1133 2425 1194 2445 uon
1222 2417 1303 2445 bene
1329 2416 1418 2453 ripae
1444 2414 1587 2443 ereditur
1611 2412 1645 2442 C.
1671 2413 1740 2442 rell.
1768 2422 1828 2442 om.
1878 2414 1914 2452 3)
1941 2412 2022 2448 Quia

194 2479 366 2517 periculose
392 2487 452 2508 om.
476 2487 502 2518 γ.
554 2478 590 2516 4)
616 2485 697 2515 quae
721 2476 761 2505 ab
786 2475 898 2504 arbore
922 2484 950 2517 γ.
977 2474 1046 2504 rell.
1073 2483 1131 2503 om.
1181 2473 1215 2510 ti)
1242 2473 1354 2501 uinum
1379 2471 1551 2500 Falernum
1575 2479 1601 2511 γ.
1629 2470 1699 2499 rell.
1724 2479 1784 2499 om.
1848 2470 1882 2508 7)
1908 2469 2022 2499 Misce-

194 2536 249 2565 bat
265 2553 303 2557 ⁷-
319 2536 443 2565 uentris
468 2544 529 2565 om.
555 2532 734 2576 yG,man.
784 2532 818 2570 9)
846 2531 1003 2561 Mendose
1023 2531 1139 2560 uitiose
1163 2539 1190 2571 γ.
1210 2529 1279 2558 rell.
1298 2538 1356 2558 om.
1412 2528 1465 2566 10)
1490 2526 1606 2556 uacuis.
1631 2527 1752 2556 Ieiunis
1777 2525 1844 2568 ·(‚C.
1871 2527 1941 2557 rell.
1969 2536 2019 2557 om

195 2592 282 2622 Bene
308 2609 347 2613 —
375 2592 458 2622 male
481 2601 508 2634 γ.
534 2591 602 2620 rell.
629 2599 689 2620 om.
742 2587 797 2627 13)
822 2589 961 2618 mulsum
996 2606 1027 2608 >w
1053 2587 1252 2617 melicratum
1278 2595 1339 2615 om.
1366 2582 1594 2626 †(G?)‚man.
1615 2602 1653 2604 ψ
1670 2584 1851 2613 commistio
1877 2582 1914 2613 C.
1967 2583 2022 2621 14)

196 2649 325 2685 incocti,
351 2648 436 2686 quod
461 2651 493 2677 et
519 2643 709 2689 μελίκρατον
735 2645 855 2675 dicitur
867 2644 902 2674 C.
928 2653 955 2686 γ.
981 2644 1050 2674 rell.
1079 2654 1139 2673 oui.
1164 2643 1377 2678 melicratum,
1404 2637 1604 2682 μελίκρατον,
1630 2640 1743 2678 Veget.
1770 2639 1804 2669 R.
1833 2639 1943 2677 V.111,
1973 2640 2022 2669 15.

199 2706 284 2744 (14).
336 2706 392 2744 16)
418 2703 544 2743 profud.
571 2704 662 2742 irrig.
678 2720 718 2724 —
734 2711 810 2732 auro
835 2700 900 2743 γ,Ο.
927 2701 993 2730 rell.
1021 2710 1082 2730 om.
1136 2699 1190 2737 18)
1219 2699 1253 2729 Si
1270 2699 1323 2729 du.
1343 2708 1417 2728 mor.
1437 2699 1478 2727 al.
1506 2698 1540 2728 Si
1565 2707 1595 2726 u.
1622 2707 1646 2726 s·
1673 2696 1815 2726 officium
1841 2706 1900 2726 non
1927 2696 2024 2726 faciet

197 2761 230 2792 C.
254 2763 291 2791 Id
310 2766 359 2791 est
374 2779 414 2782 —
428 2761 569 2792 officium
585 2770 613 2802 γ.
633 2760 703 2790 rell.
723 2769 783 2790 om.
835 2759 891 2797 19)
918 2757 1043 2787 Mitulzcs
1059 2755 1222 2786 HXIBAC
1251 2774 1278 2776 ν-
1298 2755 1443 2794 pisciculi
1461 2764 1488 2796 γ.
1509 2753 1627 2784 >uitulus
1644 2758 1671 2783 et
1685 2753 1768 2783 viles.
1789 2753 1965 2792 pisciculus
1983 2762 2024 2782 ex

197 2828 313 2857 genere
330 2819 522 2849 concharum
540 2818 722 2856 nigrarum:
748 2819 911 2846 enumerat
928 2815 1014 2844 cibos
1040 2814 1213 2852 parabileis
1232 2812 1268 2843 C.
1296 2813 1364 2842 rell.
1394 2821 1453 2842 om.
1504 2812 1561 2850 20)
1585 2810 1662 2840 uiles
1682 2828 1719 2832 ’-
1740 2811 1836 2848 pretii
1861 2809 1927 2852 γ,().
1954 2810 2024 2842 rell.

199 2886 258 2905 om.
310 2876 367 2914 21)
392 2875 507 2914 lapathi
530 2874 681 2904 breuis—
698 2874 803 2903 lilium
827 2882 855 2914 γ.
881 2870 961 2901 eonf.
989 2870 1022 2900 O.
1053 2870 1077 2902 l,
1104 2872 1154 2905 36,
1186 2871 1241 2899 16:
1269 2869 1354 2898 breue
1378 2868 1482 2899 lilium.
1510 2868 1569 2907 lap.
1596 2868 1675 2897 bren.
1694 2868 1721 2896 h.
1749 2878 1857 2906 parua,
1885 2877 1949 2897 non
1968 2876 2024 2896 ex-

199 2941 343 2962 crescens
369 2933 399 2961 in
426 2932 537 2961 altum.
563 2931 632 2960 rell.
661 2940 721 2959 om.
772 2930 828 2967 22)
853 2927 906 2957 sed
928 2927 1016 2958 albor
1064 2928 1172 2965 accipe
1197 2937 1222 2968 γ.
1250 2927 1319 2956 rell.
1346 2937 1404 2955 om.
1470 2926 1527 2964 23)
1554 2935 1608 2956 coo
1686 2926 1792 2954 insula
1817 2934 1832 2940 ·’
1869 2924 1935 2953 rell.
1962 2933 2023 2954 om.

1822 2948 1841 2965 ¹.

201 2990 257 3026 24)
283 2989 458 3017 Iun-orsum
485 2986 618 3025 limpida
643 2997 703 3017 om.
729 2996 754 3028 γ.
779 2985 844 3015 Aut
865 3002 883 3005 «-
917 2985 1090 3014 subcrescit
1117 2993 1143 3024 γ.
1173 2984 1240 3012 rell.
1270 2993 1329 3012 om.
1358 2982 1401 3012 C:
1427 2982 1553 3018 lubrica,
1579 2983 1674 3018 lenia,
1700 2991 1780 3020 quae
1806 2982 1970 3010 deducunt
1996 2984 2026 3009 et

201 3045 327 3074 soluunt
354 3049 510 3073 uentrem.
562 3042 620 3083 25)
645 3042 811 3081 conchylia.
838 3051 919 3080 quae
945 3042 1118 3079 implentur
1144 3041 1217 3069 luna
1244 3044 1408 3068 crescente
1434 3038 1468 3068 C.
1519 3038 1576 3076 27)
1602 3039 1637 3067 Id
1664 3044 1722 3069 est.
1756 3048 1826 3076 gen.
1854 3042 1925 3067 test.
1952 3046 2024 3066 con-

201 3101 313 3140 chylii,
339 3101 369 3129 id
397 3107 456 3132 est.
482 3111 551 3129 ¹›1sz
577 3110 605 3129 ιι.
624 3110 652 3129 n.
681 3099 875 3130 conchilium
893 3108 919 3140 γ.
947 3097 989 3127 C:
1014 3106 1078 3136 yen-
1095 3096 1127 3134 f.
1155 3101 1172 3125 t.
1201 3096 1401 3134 ‹·011chyliu1n
1429 3104 1620 3134 generosum
1644 3104 1703 3124 non
1728 3095 1846 3133 ubique
1871 3094 2023 3123 nascitur.

201 3156 270 3187 rell.
296 3166 355 3186 om.

2119 2888 2122 2960 ἑ

2119 2967 2122 3006 2

2118 3027 2122 3071 ἔ

2120 3079 2122 3111 l
