2148 3412
147 564 165 594 αἱ

149 931 189 962 10

150 1300 188 1331 15

146 1669 189 1701 20

214 129 294 169 552
843 133 950 166 ACR.
978 132 1038 165 ΕΤ
1067 130 1232 165 PORPH.
1258 130 1406 165 COMM.

329 261 421 303 109.
451 260 605 314 fecisse.
662 257 749 299 Pro
779 258 928 313 facere.

326 334 418 375 110.
456 332 555 375 Cum
586 332 734 374 tabulis
763 332 950 373 animum.
1019 328 1070 371 In
1101 328 1253 384 quibus
1284 327 1469 371 scribere
1510 327 1703 378 destinat,
1750 327 1821 382 qui
1866 325 2037 367 uitiosas

213 406 387 462 corrigit
418 413 589 447 mentes.

327 481 420 521 111.
457 479 628 522 Audebit
659 484 735 519 etc.
795 476 928 527 Dicit,
961 476 1060 531 quia
1090 475 1225 518 bonus
1255 481 1380 531 poeta
1409 475 1519 517 facto
1550 488 1622 516 aer
1643 474 1700 530 (1.
1723 488 1746 515 a
1768 474 1831 529 se)
1854 472 2039 514 carmine

213 553 419 608 diiudicat
448 553 566 603 illud,
599 559 637 593 et
667 550 800 593 uerba
829 550 1050 592 inhonesta
1079 555 1120 591 et
1148 564 1233 591 non
1266 550 1371 591 benc
1401 548 1538 604 posita
1582 546 1753 590 audebit
1795 553 1955 588 mutare
2001 552 2041 587 et

213 627 297 669 alia
328 627 412 683 (in)
445 640 583 668 serere
613 625 710 667 licet
739 623 872 666 inuita
901 623 1114 674 recedant,
1160 623 1360 678 quoniam
1390 622 1448 663 ita
1480 628 1573 663 sunt
1618 621 1865 677 plerumque
1908 619 2040 661 uerba

214 701 450 750 coniuncta,
483 714 590 754 quae
621 698 759 754 prima
788 711 1076 753 posueramus,
1107 702 1152 738 ut
1182 697 1321 745 etiam,
1368 711 1461 738 cum
1492 710 1623 752 praua
1653 695 1748 745 sint,
1794 701 1934 736 tamen
1963 707 2041 748 po-

214 775 293 818 sita
322 774 445 816 nobis
475 773 682 822 uidentur,
714 787 764 814 ac
794 786 870 827 per
899 770 979 812 hoc
1010 770 1131 825 quasi
1160 770 1294 811 inuita
1323 770 1535 811 recedunt.
1595 767 1753 819 Verba,
1785 767 1934 823 inquit,
1966 781 2041 808 an-

213 849 343 904 tiqua,
376 847 411 890 si
442 847 567 890 modo
598 846 822 902 splendida
852 852 892 887 et
920 859 1032 886 noua
1062 844 1158 895 sint,
1190 859 1334 886 rursus
1365 844 1408 884 in
1438 858 1559 886 usum
1589 842 1770 884 reducet.

330 923 425 963 112.
460 922 652 963 Pondere.
714 919 863 961 Sensu.

276 1024 280 1028 -
328 996 419 1036 113.
459 995 581 1037 Verba
597 1007 753 1036 mouere
775 993 874 1035 loco.
943 991 1196 1042 Excludere,
1227 990 1445 1032 translatio
1476 989 1530 1032 ab
1562 989 1760 1040 exercitu,
1790 988 1859 1031 uel
1890 988 2042 1038 delere,

213 1069 411 1119 eximere,
443 1076 484 1110 et
515 1068 699 1110 seruauit
729 1066 1039 1122 metaphoram3
1084 1080 1183 1107 nam
1215 1079 1409 1107 censores
1442 1070 1668 1120 negantem
1689 1062 1945 1120 [necantem]
1965 1061 2044 1104 ali·
2097 1119 2100 1123 .

213 1158 296 1198 qua
326 1157 428 1184 uera
457 1142 550 1184 loco
584 1140 776 1198 [locutio]
809 1139 1096 1190 remouebant‚
1127 1138 1172 1180 id
1202 1146 1276 1189 est,
1307 1138 1455 1181 ordine
1487 1144 1738 1180 senatorum.

332 1218 540 1268 Quamuis.
604 1213 777 1257 Scilicet
807 1213 949 1256 uerba.

329 1292 422 1332 114.
455 1291 508 1332 Et
537 1298 753 1332 uersentur
784 1289 918 1330 adhuc
948 1288 1058 1329 intra
1085 1294 1237 1343 penetr.
1276 1286 1419 1328 Vestae.
1477 1284 1575 1328 Hoc
1619 1291 1693 1336 est,
1740 1284 1860 1340 quasi
1903 1298 2044 1327 sacro-

214 1370 359 1406 sancta
390 1363 585 1419 scriptori
616 1363 851 1411 uideantur,
899 1368 939 1403 et
967 1361 1012 1402 in
1041 1360 1162 1403 libris
1192 1359 1437 1416 pontificum
1469 1359 1551 1401 sint
1595 1365 1635 1401 et
1677 1365 1891 1401 morentur
1937 1357 2045 1415 [mo-

214 1437 396 1495 rantur]

329 1512 422 1554 115.
458 1511 699 1554 Obscuram.
761 1507 910 1552 Celata
930 1508 1040 1565 lego.
1093 1508 1258 1566 Populo.
1280 1507 1504 1564 Tempore.
1556 1507 1709 1550 Bonus.
1733 1504 1907 1549 Scilicet
1921 1512 2046 1562 poeta

214 1585 382 1642 sapiens
413 1591 453 1627 et
483 1585 572 1626 sine
602 1583 800 1625 uanitate.

330 1660 423 1701 116.
459 1659 654 1713 Proferec.
716 1656 885 1700 Soribet
915 1655 1142 1698 sententias
1173 1655 1379 1707 difficiles,
1426 1668 1534 1710 quae
1565 1654 1773 1697 habentur
1802 1654 1846 1696 in
1877 1654 2046 1710 optimis

214 1733 348 1776 libris.

330 1808 423 1849 117.
460 1808 587 1859 Quae.
619 1805 778 1849 Verba.

330 1883 423 1923 118.
456 1882 577 1924 Nune
609 1882 708 1922 silus
736 1880 931 1934 informis.
990 1876 1122 1920 Modo
1153 1876 1415 1933 negligentia
1444 1882 1676 1933 poetarum,
1717 1890 1826 1931 quae
1855 1876 2045 1918 habetur.

216 1956 380 1998 deserta.
411 1955 720 2011 praetermissa.
780 1961 973 1996 uetustas.
1007 1951 1139 1994 uerba
1169 1958 1358 1993 ueterum
1381 1950 1630 2007 sapientum.
1690 1959 1737 1992 et.
1767 1949 1941 1992 Premit.

331 2030 423 2070 119.
455 2029 675 2072 Adscz‘seec.
706 2027 863 2072 Bonus.
924 2028 1058 2072 Noua.
1090 2025 1247 2068 Verba.
1312 2026 1492 2068 Genitor.
1532 2024 1716 2067 Pulchre
1748 2024 1906 2067 dictum
1934 2025 2045 2080 qem'-

219 2110 287 2145 tor
315 2118 427 2145 usus.

330 2179 423 2219 120.
457 2179 511 2219 Et
540 2177 714 2234 liquidus
744 2176 966 2219 uehemens.
1029 2172 1201 2216 Scilicet
1231 2188 1344 2216 usus.
1410 2174 1629 2215 Vehemens.
1687 2172 1814 2215 Puris
1842 2173 2045 2215 sermoni-

216 2250 294 2294 bus
324 2251 457 2302 fortis‚
488 2251 694 2295 facundus
723 2257 874 2293 utatur.
935 2251 1136 2306 Puroque.
1196 2246 1353 2290 Verbis
1383 2247 1518 2298 nouis,
1549 2247 1593 2288 id
1624 2253 1698 2298 est,
1728 2262 1807 2290 usu
1835 2246 1957 2289 natis.

329 2471 366 2512 4)
394 2489 434 2492 —
458 2474 555 2510 poeta
579 2471 756 2510 composito
781 2470 920 2500 carmine
945 2478 964 2498 a
989 2477 1022 2498 se
1048 2468 1160 2498 statim
1185 2467 1379 2497 diiudicabit
1403 2467 1485 2497 illud
1508 2467 1572 2509 Βφ.
1634 2466 1669 2506 5)
1693 2466 1804 2497 inhon.
1829 2469 1858 2496 et
1879 2476 1953 2506 quae
1977 2466 2046 2496 bene

216 2528 358 2559 ordinata
381 2538 441 2558 non
454 2528 581 2568 suerint
604 2529 678 2558 aud.
706 2528 768 2570 Βφ.
819 2528 853 2567 6)
878 2527 1016 2556 inserere
1041 2525 1102 2568 Βφ.
1131 2543 1172 2547 -
1198 2525 1347 2563 quoniam
1372 2525 1415 2562 pl.
1442 2525 1490 2554 ita
1515 2526 1589 2553 sunt
1614 2533 1644 2553 u.
1671 2523 1751 2554 coni.
1777 2523 1840 2565 Βφ.
1891 2522 1947 2563 10)
1968 2533 2045 2562 pon-

217 2585 298 2615 dere.
325 2586 499 2616 sonoritate
523 2585 587 2627 Βφ,
642 2585 698 2624 14)
725 2584 861 2624 quamuis
885 2583 980 2613 inuita
1003 2592 1063 2612 rec.
1091 2592 1115 2612 s.
1144 2582 1290 2620 quamuis
1317 2581 1544 2611 examinentur
1556 2580 1620 2622 Βφ.
1647 2581 1727 2610 inter·
1746 2584 1862 2619 penetr.
1887 2584 1997 2610 vestae.
2024 2581 2045 2610 i.

218 2645 366 2681 quamuis
392 2641 577 2683 domi[que]
606 2642 710 2672 adhuc
735 2642 879 2672 celentur
903 2640 966 2683 Βφ.
1013 2640 1082 2670 Hoc
1108 2643 1155 2669 est
1180 2638 1316 2678 quamuis
1341 2642 1545 2669 sacrosancta
1582 2647 1642 2667 scr.
1679 2638 1745 2667 uid.
1783 2641 1814 2667 et
1850 2637 2045 2667 Pontificum

218 2700 310 2730 libris
334 2704 460 2731 tantum
486 2701 596 2738 digna'
622 2700 738 2730 tamen'
755 2703 813 2729 etc.
830 2697 864 2728 C.
915 2697 972 2737 18)
997 2696 1165 2726 obscurata.
1192 2696 1295 2726 celata
1320 2696 1386 2725 diu.
1412 2695 1528 2734 populo
1542 2695 1605 2737 Βφ.
1623 2711 1662 2715 —
1678 2694 1768 2724 bonus
1785 2698 1873 2724 eruet.
1900 2703 1924 2724 s.
1951 2696 2046 2732 poeta

218 2758 398 2795 amputabit
415 2758 550 2787 obscura
567 2757 675 2787 uerba.
695 2756 787 2786 bonus
804 2759 898 2794 poeta
917 2754 952 2783 C.
1004 2754 1062 2793 20)
1083 2753 1192 2783 scribit
1205 2753 1236 2783 b.
1255 2752 1398 2792 Proferet
1413 2752 1444 2782 in
1462 2752 1564 2782 lucem.
1589 2752 1700 2788 uerba,
1720 2752 1835 2790 inquit,
1854 2752 1998 2789 antiqua,
2017 2751 2045 2781 si

218 2814 311 2844 modo
337 2814 509 2852 splendida
533 2815 598 2844 sint
624 2818 656 2844 et
680 2814 774 2849 bona,
802 2821 912 2842 rursus
937 2811 970 2841 in
995 2821 1088 2841 usum
1113 2811 1243 2840 reducet
1270 2809 1306 2839 C.
1372 2809 1430 2848 22)
1457 2809 1546 2841 Nunc
1569 2808 1641 2838 situs
1664 2808 1721 2848 inf.
1746 2809 1766 2837 i.
1791 2808 1890 2838 uerba
1915 2808 2045 2846 antiqua

219 2874 252 2899 et
276 2870 421 2901 obsoleta
446 2872 537 2901 senio
563 2879 643 2909 quae
669 2873 845 2900 memorata
869 2872 941 2897 sunt
968 2867 1166 2906 temporibus
1193 2867 1314 2897 catonis
1339 2867 1463 2905 antiqui
1489 2856 1624 2896 oratoris
1660 2869 1691 2896 et
1726 2869 1903 2903 temporum
1940 2864 2070 2897 cethe-,

219 2935 330 2965 gorum
355 2928 388 2957 in
413 2928 678 2957 consuetudinem
703 2927 869 2957 reuocabit
892 2927 996 2956 bonus
1022 2928 1117 2964 poeta
1142 2929 1173 2954 et
1198 2925 1382 2964 plerumque
1408 2925 1504 2955 etiam
1531 2924 1558 2953 si
1583 2922 1757 2953 necessitas
1793 2921 1883 2950 illum
1920 2930 2046 2958 compu-

219 2984 294 3013 lerit
319 2993 402 3014 noua
427 2985 596 3015 adhibebit
617 2985 678 3027 Βφ.
704 2983 852 3024 informis.
876 2983 982 3022 turpis
1007 2981 1067 3021 (z
1080 2982 1161 3024 Βφ),
1189 2991 1270 3021 quae
1296 2981 1531 3012 deformitatem
1555 2980 1682 3009 inducit
1702 2978 1739 3009 C.
1801 2978 1858 3017 25)
1883 2976 2043 3007 Αεῑεοίεσεί.

219 3041 373 3078 producet
399 3046 493 3078 poeta
519 3041 553 3071 C.
580 3042 599 3071 i.
626 3045 735 3071 utetur
759 3042 852 3072 nouis
876 3040 984 3070 uerbis
1011 3040 1049 3069 de
1074 3049 1143 3069 usn.
1170 3040 1388 3070 nascentibus.
1415 3056 1455 3061 -—
1480 3037 1617 3067 Pulchre
1643 3036 1672 3065 d.
1699 3044 1771 3074 gen.
1798 3043 1876 3064 usus
1901 3032 1937 3063 C.
1986 3032 2044 3071 27)

219 3101 246 3126 et
269 3097 318 3136 Ziq.
343 3097 497 3127 uehemens
520 3099 549 3129 b.
577 3099 727 3128 inuersio.
756 3098 876 3129 Omnes
902 3097 969 3128 fere
993 3100 1073 3127 uett.
1100 3096 1190 3126 codd.
1216 3096 1339 3127 habent
1370 3095 1526 3127 Vehemens
1548 3097 1576 3124 et
1599 3091 1728 3132 liquidus
1753 3092 1773 3121 i.
1801 3100 1826 3120 e.
1863 3086 2044 3120 Vss‘hemens

220 3157 251 3183 et
278 3154 334 3192 liq.
362 3154 444 3185 conf.
471 3155 616 3185 libellum
641 3165 746 3186 mcum
771 3156 809 3185 de
835 3156 905 3186 cod.
930 3154 1021 3184 Bure.
1048 3164 1078 3192 p.
1107 3154 1159 3183 22.
1186 3152 1348 3194 (ueemcns
1373 3153 1462 3183 Harl.
1491 3162 1520 3182 u.
1546 3151 1614 3190 28).
1640 3149 1734 3179 Puris
1759 3147 1909 3180 sermonis
1933 3147 1964 3177 b.
