2148 3412
780 149 828 180 IN
855 148 991 181 SERM.
1018 149 1043 187 1,
1070 153 1100 181 2.
1795 142 1846 181 41

32 269 296 326 Cleopatrae,
344 271 443 325 quia
473 270 651 312 dulciter
682 271 876 312 cantabat
907 278 947 312 et
976 271 1194 313 iocabatur
1223 272 1394 315 urbane.
1453 272 1649 330 Augusto
1684 289 1850 329 quoque

28 344 85 385 ita
112 343 281 398 placuit,
312 350 357 384 ut
385 343 494 385 inter
522 344 751 386 familiares
784 344 872 401 [ac]
904 345 1154 387 domesticos
1183 346 1419 388 haberetur.
1479 346 1586 388 Erat
1606 355 1744 389 autem
1765 347 1849 389 lar-

28 417 135 474 gitor
164 415 282 466 adeo,
328 424 372 457 ut
408 416 602 458 omnibus
640 417 810 459 musicis
848 426 888 458 et
924 418 1244 460 circulatoribus
1281 420 1410 461 multa
1448 420 1636 471 donaret,
1682 428 1722 462 et
1756 421 1851 462 ideo

27 496 157 531 morte
188 489 276 530 eius
306 489 443 531 tristes
474 489 567 531 illos
598 490 657 531 ait
692 490 824 532 factos
862 505 963 532 esse.
1038 491 1173 533 Porro
1219 500 1358 533 autem
1404 508 1573 535 causam
1619 494 1852 536 insectandi

27 561 206 604 hominis
220 577 304 603 non
321 562 544 604 mediocris
561 563 722 618 ingenii
738 563 883 604 habuit
900 563 1118 615 Horatius,
1142 566 1254 620 quod
1271 567 1458 608 carmina
1475 567 1563 608 eius
1580 582 1729 622 parum
1748 568 1849 609 scite

26 634 237 676 modulata
258 649 347 676 esse
369 635 547 677 dicebat.
590 637 833 678 Ambubaiae
854 645 992 678 autem
1014 644 1107 679 sunt
1128 638 1326 680 mulieres
1342 654 1477 695 uagae
1494 655 1543 681 ac
1558 640 1677 691 uiles,
1699 640 1851 695 quibus

26 721 177 749 nomen
207 707 285 749 hoc
308 723 433 749 causa
453 724 659 750 uanorum
679 716 720 750 et
740 709 940 751 ebrietate
961 710 1284 753 balbutientium
1305 712 1529 754 uerborum
1565 713 1732 755 uidetur
1762 729 1851 756 esse

27 780 193 822 editum.
253 781 455 823 Nonnulli
481 789 621 823 tamen
653 783 887 825 ‹mnbubaias
917 783 1111 826 tibicines
1145 783 1254 839 Syra
1284 785 1431 840 lingua
1462 795 1610 841 putant
1640 787 1737 828 dici.

137 854 372 896 balatrones.
432 853 680 897 Balatrones
720 871 743 897 a
784 856 925 897 balatu
963 864 1002 898 et
1045 857 1362 912 uaniloquentia
1406 858 1613 900 dicuntur.
1676 858 1852 915 Colligit

27 932 176 977 autem,
208 927 287 968 hac
303 927 430 968 satira
460 929 547 969 fere
577 928 780 979 homines,
813 929 912 971 dum
934 930 1036 971 uitia
1056 930 1201 981 uitent,
1233 931 1276 971 in
1298 932 1508 972 contraria
1528 932 1631 973 uitia
1651 932 1850 974 recidere.

138 1005 173 1041 7.
206 1001 310 1043 laune
341 1018 371 1041 s·
399 1003 645 1057 perconteris
675 1018 710 1043 α.
746 1018 776 1044 c.
809 1019 845 1044 α.
874 1019 912 1058 p.
953 1012 990 1045 et
1028 1004 1193 1059 reliqua.
1256 1001 1303 1045 Si
1349 1004 1678 1060 interrogaueris
1709 1005 1850 1056 alium,

25 1073 172 1128 inquit,
206 1089 278 1115 cur
308 1074 514 1115 maiorum
545 1090 714 1117 suorum
745 1075 855 1117 bona
875 1083 1084 1117 mutuatus
1106 1076 1327 1130 pecuniam
1350 1078 1535 1128 deuoret,
1567 1078 1850 1134 respondebit,

25 1146 133 1189 nolle
164 1161 207 1188 se
237 1147 374 1188 uideri
405 1148 565 1189 sordidi
596 1148 821 1204 pusillique
852 1149 994 1190 animi.
1055 1149 1112 1190 Et
1142 1158 1275 1201 erunt,
1309 1151 1379 1205 qui
1419 1165 1513 1192 eum
1549 1151 1734 1203 laudent,
1779 1152 1850 1194 alii

24 1234 137 1271 uero,
169 1220 241 1275 qui
270 1220 520 1275 uituperent.

137 1295 173 1335 9.
206 1294 409 1336 conductis
445 1319 484 1324 —
522 1296 666 1335 numz‘s.
743 1294 982 1350 [Conduetis
1012 1295 1163 1351 numis]
1196 1296 1366 1337 foenore
1402 1297 1591 1352 sumptis,
1637 1298 1852 1354 eleganter

25 1366 142 1416 dixit,
174 1367 280 1409 sicut
310 1367 528 1409 conductae
559 1381 713 1422 operae
744 1367 940 1409 dicuntur
973 1367 1094 1424 [eius‚
1128 1368 1229 1425 cui],
1263 1368 1415 1424 quibus
1459 1384 1618 1413 merces
1663 1371 1716 1413 ob
1747 1387 1852 1427 opus

25 1447 271 1497 praestatur.

140 1516 203 1555 12.
236 1514 417 1569 Fufidius
448 1529 541 1569 παρ.
571 1514 669 1568 sam.
701 1516 807 1555 timec
838 1530 886 1556 ae
916 1515 1002 1556 neb.
1061 1514 1112 1555 Id
1144 1522 1217 1564 est,
1251 1515 1380 1565 timet,
1422 1530 1488 1566 ne,
1520 1516 1555 1557 si
1586 1532 1669 1559 non
1700 1518 1853 1560 acriter

25 1603 169 1630 usuras
199 1588 399 1644 exegerit,
432 1603 569 1644 uappa
600 1588 763 1629 dicatur
794 1603 843 1629 ac
873 1588 1027 1637 nebulo,
1060 1587 1103 1628 id
1134 1595 1208 1636 est,
1239 1588 1336 1630 uilis
1368 1604 1416 1630 ac
1447 1590 1707 1644 nugatorius.

139 1663 204 1703 14.
236 1663 379 1717 quinas
410 1662 472 1703 hic
504 1663 627 1717 capili
652 1662 851 1703 mercedes
883 1669 1053 1702 escsecac.
1129 1662 1330 1704 Mercedes
1360 1676 1436 1717 pro
1467 1663 1605 1703 usuris
1643 1663 1749 1704 dixit
1786 1678 1851 1704 se-
1877 1678 1884 1686 ⁶

27 1735 207 1778 cundum
237 1734 342 1775 illud
373 1734 565 1789 superius
597 1734 710 1789 quod
740 1734 904 1775 dixerat
935 1736 1142 1777 conductis
1172 1737 1313 1777 mamis.
1379 1737 1550 1777 Eoesecat
1569 1743 1707 1777 autem
1737 1738 1858 1792 capiti

26 1809 80 1851 ad
109 1808 214 1850 illud
244 1807 436 1863 pertinet,
473 1807 584 1862 quod
615 1807 733 1849 auari
762 1808 1059 1858 foeneratores,
1091 1822 1186 1850 cum
1217 1809 1318 1850 dant
1348 1808 1582 1851 usurariam
1614 1809 1851 1864 pecuniam,

27 1958 205 1998 praedictus
231 1958 270 1993 Q.
297 1968 326 1996 p.
352 1957 495 1987 XXXVI.
522 1957 654 1987 scientia
679 1958 788 1995 praed.
815 1958 949 1994 R2‚af11.
981 1959 1129 1988 sententia
1161 1959 1271 1996 praed.
1302 1969 1331 1988 v.
1364 1959 1504 1988 musicae
1535 1960 1617 1989 artis
1650 1958 1854 1997 peritissimus

29 2014 65 2053 C,
91 2014 197 2054 (Aer.)
223 2024 283 2044 om.
311 2014 476 2044 scientiae.
503 2014 659 2043 scientiae
680 2013 800 2051 peritus
827 2011 948 2052 (G‘r‘Q).
974 2015 1115 2044 musicae
1140 2015 1220 2044 artis
1246 2019 1394 2053 emper-tas.
1427 2015 1519 2044 ualde
1551 2016 1660 2054 largus
1686 2016 1726 2045 D.
1759 2015 1855 2045 scien-

28 2071 86 2101 tiae
109 2080 219 2101 uocem
242 2071 306 2100 noli
332 2075 443 2108 putare
468 2070 707 2108 interpolatam,
733 2074 768 2100 ut
795 2071 838 2099 sit
862 2069 937 2099 artis
961 2070 980 2099 i.
1006 2070 1145 2100 scientiae
1172 2071 1226 2099 sed
1254 2071 1435 2108 genitiuum
1463 2072 1616 2101 scientiae
1641 2076 1745 2102 ortum
1766 2082 1807 2101 ex
1823 2081 1854 2101 u.

28 2128 114 2158 artis.
140 2128 279 2158 scientia
304 2127 422 2156 artium
448 2126 516 2156 Cic.
543 2125 632 2156 Orat.
658 2126 682 2163 I,
710 2127 739 2157 6.
764 2126 888 2155 scientia
905 2126 1075 2164 praeditus,
1112 2131 1147 2156 ut
1173 2127 1319 2156 sensibus
1351 2137 1397 2164 pr.
1426 2126 1491 2157 Cic.
1525 2128 1564 2157 N.
1591 2128 1630 2157 D.
1657 2128 1681 2164 I,
1709 2130 1738 2165 8,
1765 2129 1855 2158 boni-

29 2188 94 2215 tate
120 2183 186 2215 Cic.
211 2184 304 2214 Dom.
330 2184 384 2220 42,
411 2183 611 2218 crudelitate⁷
639 2187 736 2219 metu7
767 2183 926 2212 modestia
951 2183 992 2211 al.
1018 2200 1057 2202 ψ
1085 2182 1166 2212 Gaio
1192 2182 1235 2211 M.
1261 2182 1425 2212 familiaris
1450 2183 1492 2212 M.

143 2241 177 2279 2)
203 2250 240 2270 ac
265 2250 348 2270 omn.
376 2240 460 2275 edd„
488 2238 691 2269 0111.MR2G.
717 2238 860 2277 Utraque
886 2249 951 2268 uox
964 2237 1071 2277 scmzll.
1099 2242 1129 2268 et
1153 2238 1271 2268 domest.
1298 2242 1462 2277 tamquam
1488 2240 1618 2268 nomina
1644 2244 1676 2269 et
1694 2241 1797 2269 subst.
1825 2244 1856 2269 et

30 2298 94 2327 adi.
120 2298 154 2327 in
178 2307 239 2327 usu
265 2301 365 2331 erant,
379 2295 554 2335 familiaris
579 2300 687 2325 autem
712 2295 885 2324 domesticus
911 2295 1047 2333 quidem,
1085 2305 1148 2324 nou
1181 2294 1354 2325 domesticus
1374 2294 1457 2334 fam.
1492 2296 1670 2327 dicebatur.
1734 2294 1769 2335 3)
1795 2296 1857 2324 lar-

32 2354 123 2393 gitior
146 2353 190 2383 M.
217 2353 322 2382 Halm.
349 2357 381 2382 et
411 2354 429 2382 2
462 2351 518 2390 (111.
551 2353 563 2381 1
591 2352 698 2391 coru).
727 2352 795 2381 rell.
823 2352 963 2389 largitor.
988 2351 1072 2381 conf.
1097 2352 1170 2380 Acr.
1226 2351 1262 2389 4)
1289 2356 1419 2381 mortem
1443 2351 1486 2380 M.
1520 2360 1567 2380 eos
1592 2352 1638 2381 ait
1667 2351 1755 2381 vassi.
1789 2352 1856 2380 rell.

30 2410 96 2441 illos
119 2410 283 2440 ait.factos
308 2408 380 2438 dicit
405 2409 434 2437 2.
470 2408 575 2437 Verba
600 2408 701 2437 Porro
721 2426 759 2428 *j
779 2408 907 2437 dicebat
931 2407 1014 2437 Mus.
1042 2408 1143 2437 Rhen.
1170 2408 1263 2444 Nou„
1290 2408 1353 2437 473
1380 2406 1512 2436 Teuffel.
1540 2408 1735 2444 interpolata
1760 2408 1857 2437 dixit.

33 2465 68 2496 C.
93 2466 125 2496 Is
149 2465 289 2496 fortasse
313 2465 451 2495 carmina
475 2462 603 2494 Horatii
630 2464 768 2502 negabat
794 2465 874 2494 satis
900 2465 1001 2502 perite
1019 2467 1048 2493 et
1066 2464 1204 2493 modulis
1231 2464 1297 2492 suis
1323 2464 1494 2501 descripta,
1521 2467 1551 2492 et
1577 2463 1689 2492 iccirco
1715 2464 1859 2501 carpitur

32 2524 71 2552 ab
96 2523 162 2553 illo.
212 2523 247 2561 6)
271 2531 307 2551 ac
332 2521 376 2550 M.
403 2521 471 2550 rell.
497 2525 533 2550 et.
560 2530 632 2550 casn
649 2520 691 2549 M.
718 2521 788 2549 rell.
814 2530 919 2550 causa.
983 2519 1018 2559 8)
1043 2520 1180 2549 inditum
1198 2519 1264 2549 afh.
1315 2520 1349 2557 9)
1376 2520 1498 2549 balam-10
1522 2519 1558 2548 R.
1610 2519 1665 2557 10)
1691 2523 1798 2548 satura
1814 2519 1858 2548 M.

36 2578 91 2617 11)
118 2582 275 2617 perennet.
301 2578 346 2607 fh.
375 2595 413 2598 —
438 2577 528 2607 illum
554 2576 618 2606 afli.
678 2577 732 2616 12)
758 2576 833 2605 bona
857 2576 981 2606 MRA2.
1009 2580 1104 2606 recte.
1130 2576 1199 2605 rell.
1226 2585 1330 2606 mores.
1357 2579 1512 2604 nmtzcatus
1538 2574 1600 2604 A2.
1626 2578 1760 2604 mutatus
1784 2574 1858 2604 MR.

33 2634 150 2666 uitatus
175 2645 205 2664 v.
232 2635 332 2664 uetans
356 2633 484 2669 athQ.
536 2633 590 2672 14)
617 2642 691 2662 uero
716 2632 817 2662 MAR.
845 2633 915 2662 rell.
943 2643 1003 2662 om.
1056 2631 1111 2671 15)
1138 2631 1240 2661 Cond.
1267 2641 1351 2660 num.
1378 2642 1439 2661 om.
1458 2631 1500 2660 M.
1552 2632 1607 2669 16)
1634 2631 1727 2661 sicuti
1742 2631 1778 2660 R.
1805 2631 1859 2660 In-

35 2700 144 2721 sanam
169 2701 238 2721 esse
262 2692 335 2720 lect.
364 2691 450 2728 uulg.
476 2694 508 2719 et
532 2690 623 2720 codd.
654 2693 683 2718 et
710 2689 780 2718 edd.
808 2689 955 2719 conducti
978 2698 1072 2726 oper-e
1097 2698 1178 2718 unus
1204 2688 1381 2717 Ascensius
1407 2688 1490 2716 uidit
1522 2688 1665 2716 scribens
1691 2688 1861 2717 conductae

36 2756 147 2786 operae
164 2749 184 2777 i.
204 2757 230 2777 e.
249 2746 392 2785 operarii.
412 2745 494 2775 conf.
512 2744 577 2775 Cic.
595 2744 683 2774 Sext.
705 2746 765 2774 50:
784 2754 898 2783 operae
917 2745 1104 2774 conductae.
1125 2744 1192 2774 Cic.
1210 2744 1299 2773 Verr.
1316 2744 1341 2780 Ι,
1362 2744 1419 2772 56;
1439 2746 1592 2781 quantum
1610 2751 1728 2779 paucae
1749 2752 1861 2781 operae

38 2802 195 2834 fabrorum
220 2804 376 2833 mercedis
400 2803 557 2832 tulerunt.
577 2802 644 2831 Cic.
663 2802 802 2839 Hal-usp.
824 2803 880 2831 13:
909 2812 1020 2831 numos
1048 2801 1192 2829 diuidere
1217 2801 1322 2838 operis
1349 2800 1413 2828 [uis
1440 2800 1458 2827 i.
1479 2808 1505 2827 e.
1525 2799 1704 2828 conductis.
1729 2799 1790 2828 eius
1815 2799 1864 2828 cui

37 2859 129 2889 MR2.
157 2861 225 2889 rell.
253 2859 274 2888 ἱὶ
298 2859 342 2897 (ei
361 2860 402 2897 Q)
427 2858 540 2897 quibus.
590 2858 647 2886 Pro
672 2857 734 2886 eius
758 2857 806 2886 cai
830 2858 1031 2887 scribendum
1058 2860 1136 2895 puto
1161 2856 1272 2895 quibus,
1300 2866 1369 2885 cum
1395 2855 1444 2884 ςιιὶ
1468 2864 1522 2892 pro
1547 2864 1566 2883 (ι
1590 2864 1645 2892 quo
1669 2864 1731 2883 non
1757 2854 1862 2883 feren-

38 2916 112 2945 dum
138 2917 189 2945 sit.
258 2916 311 2954 18)
338 2916 431 2945 timet
456 2915 520 2944 nisi
547 2923 608 2943 non
633 2923 695 2942 aer.
721 2912 910 2950 MRA2G‚v.
937 2924 995 2943 non
1020 2923 1079 2943 om.
1107 2913 1150 2941 fh.
1178 2913 1244 2942 tim.
1274 2922 1309 2940 ne
1333 2911 1393 2940 nisi
1416 2920 1477 2939 acr.
1515 2910 1552 2945 Q.
1584 2911 1654 2939 tim.
1687 2910 1714 2939 si
1742 2920 1800 2939 ‘non
1835 2920 1862 2939 a.

39 2970 176 3010 Scripsi:
203 2973 269 3003 tim.
295 2981 341 3008 ne,
366 2971 394 3000 si
417 2980 475 3000 non
499 2971 625 3007 acriter,
652 2970 701 2999 lit.
731 2970 739 2999 i
766 2974 892 2999 mutans
920 2971 953 2999 in
979 2979 1004 2999 e.
1072 2969 1126 3007 19)
1154 2978 1190 2997 ac
1214 2978 1273 2997 om.
1299 2967 1369 2996 Mu.
1396 2966 1570 3004 (exegerit.
1596 2966 1710 3004 Vappa
1735 2967 1863 3003 nebulo,

39 3032 75 3058 ut
97 3028 165 3066 va).
192 3027 348 3066 exegerit,
382 3028 488 3065 Vappa
511 3030 643 3056 uocetur.
669 3026 712 3054 Ac
736 3024 902 3064 nebulonis]
930 3025 1043 3054 Nebula
1068 3025 1187 3054 dicitur
1211 3024 1287 3052 uilis
1314 3032 1350 3052 ac
1374 3023 1560 3061 nugatorius
1585 3021 1633 3053 fh.
1662 3040 1702 3042 —
1730 3026 1865 3059 nugator

40 3082 74 3113 R.
101 3083 220 3122 (Aen).
268 3084 325 3122 20)
351 3083 450 3123 exigat
471 3081 546 3113 MG.
573 3082 641 3112 rell.
667 3081 773 3121 exiyz't.
839 3082 895 3121 21)
922 3082 1006 3120 quod
1033 3082 1164 3111 dixerat
1188 3089 1246 3109 om.
1274 3079 1320 3109 fh.
1353 3097 1379 3099 —
1415 3078 1517 3116 capidi
1541 3078 1586 3107 M.
1651 3078 1708 3117 22)
1735 3087 1863 3107 uenera-

42 3142 126 3169 tores
138 3138 182 3169 M.
209 3149 275 3169 nec.
301 3149 388 3170 usur.
417 3141 446 3169 2.

1879 942 1919 974 10

1882 1309 1917 1339 15
