2148 3412
224 158 304 199 268
862 167 966 199 ACR.
992 167 1051 198 ET
1076 167 1244 199 PORPH.
1272 166 1419 200 COMM.

222 291 404 333 Erectus
435 290 625 332 ambulas
655 298 695 332 et
725 305 921 346 proceres
951 290 1130 332 imitaris
1161 305 1210 332 ac
1240 290 1404 332 nobiles
1434 298 1608 346 propter
1638 290 1946 342 Maecenatem,
1979 292 2050 347 qui

222 374 320 406 tunc
350 365 491 406 hortos
522 364 771 406 aedificabat
801 380 990 420 magnos,
1038 380 1087 406 ac
1117 364 1268 406 diuites
1298 364 1476 407 imitaris
1507 380 1556 407 ac
1587 372 1626 406 te
1657 365 1701 406 in
1732 365 1861 406 altum
1907 365 2050 421 erigis,

224 454 318 481 culn
349 438 406 480 sis
436 452 599 493 pauper
629 444 669 479 et
699 437 833 493 pusio.

335 513 430 554 308.
462 512 556 553 309.
588 513 636 553 ab
657 513 734 553 imo
758 513 821 554 Ad
841 527 1040 554 summum
1060 520 1124 553 lot.
1147 513 1249 553 mod.
1273 512 1397 568 bz'pecl.
1455 512 1506 553 Id
1537 519 1617 554 est:
1649 528 1674 553 a
1703 512 1885 567 pedibus
1916 527 2049 567 usque

224 585 278 627 ad
309 592 434 640 caput
464 592 574 627 totus
606 586 783 627 duorum
816 586 971 640 pedum
1003 600 1059 636 es,
1091 593 1131 626 et
1160 585 1217 626 ita
1249 585 1389 626 studio
1421 585 1618 627 aedificas
1648 586 1839 627 altiorem
1871 586 2052 636 domum,

223 666 440 714 tamquam
470 666 509 700 te
540 674 624 700 non
657 658 735 715 [te]
769 659 910 714 capiat
939 659 1056 709 haec,
1102 659 1145 699 in
1177 674 1261 713 qua
1290 674 1446 700 manes.
1507 660 1670 701 moduli.
1728 659 2053 716 Magnitudinis.

225 734 426 790 bipedalis.
484 732 630 774 Duum
662 733 832 793 pedum,
874 733 954 775 hoc
985 740 1058 783 est,
1106 748 1277 788 paruus,
1323 740 1361 774 et
1393 739 1452 774 est
1485 747 1647 774 sensus:
1695 733 1847 774 diuites
1891 747 2056 788 semper

224 806 403 848 imitaris
433 814 561 861 tuque
592 821 635 848 es
667 808 870 862 bipedalis.

337 881 431 922 310.
467 881 679 922 Turbonis.
747 881 880 922 Turbo
911 880 1083 934 quidam
1115 880 1268 922 dicitur
1289 880 1418 922 fuisse
1441 880 1663 936 gladiator,
1700 880 1787 921 siue
1817 880 1938 922 miles
1968 879 2055 921 exi-

225 969 334 1011 guae
365 962 560 1005 staturae,
592 955 666 996 sed
696 954 841 1010 magni
872 954 1015 1004 animi,
1048 961 1088 995 et
1118 954 1162 994 in
1192 954 1354 1009 praelio
1383 954 1516 1003 fortis,
1549 969 1643 995 cum
1674 961 1782 996 esset
1813 962 2009 995 armatus.

339 1030 433 1070 311.
466 1028 666 1085 Spiritum
696 1037 730 1069 et
760 1030 970 1070 incessum.
1030 1027 1085 1068 Et
1117 1027 1305 1069 animum
1336 1036 1376 1069 et
1406 1034 1582 1083 gestum.

337 1103 431 1144 311.
463 1104 534 1157 qui
562 1102 760 1144 ridiculus
790 1104 922 1143 minus
952 1103 1048 1143 illo?
1104 1101 1171 1142 Tu
1202 1101 1374 1151 scilicet,
1427 1101 1640 1143 ridendus.
1701 1101 1753 1142 Id
1798 1108 1879 1143 est:
1927 1115 2055 1155 quare

225 1176 363 1217 minus
393 1183 438 1216 tu
468 1175 659 1226 ridearis,
688 1190 814 1230 quam
846 1175 958 1216 rides
990 1175 1268 1231 gladiatorem
1298 1175 1430 1224 illum,
1467 1175 1539 1229 qui
1569 1175 1647 1216 fuit
1676 1174 1817 1216 breuis
1848 1175 2057 1216 staturae?

225 1248 419 1290 Aliter:
453 1249 677 1302 Quomodo
708 1256 827 1304 potes
857 1249 994 1290 minus
1024 1249 1228 1290 ridiculus
1259 1263 1348 1290 esse
1370 1264 1496 1304 quam
1532 1249 1742 1304 gladiator
1773 1248 1932 1299 Turbo,
1965 1263 2058 1290 cum
2118 1294 2120 1309 ἶ

185 1331 196 1340 '
228 1323 283 1365 sis
314 1323 462 1365 eadem
493 1324 679 1365 statura?
738 1322 795 1363 Et
826 1331 967 1364 tamen
997 1338 1091 1365 eum
1126 1322 1346 1380 [de]rides.

339 1399 434 1438 312.
468 1399 529 1438 An
562 1398 700 1452 quode.
731 1398 832 1451 facit
862 1398 990 1440 Maec.
1022 1406 1055 1438 te
1087 1411 1239 1452 quoque
1271 1411 1414 1438 uerum
1444 1406 1512 1438 est.
1575 1396 1645 1453 [Id
1677 1404 1759 1439 est:
1808 1404 1967 1438 rectum
1998 1403 2058 1439 est
2116 1444 2119 1456 ³

226 1471 384 1528 facere]
417 1470 521 1513 Pro:
554 1485 735 1526 aequum
767 1477 840 1520 est,
872 1470 916 1511 id
947 1477 1020 1520 est,
1053 1470 1207 1512 iustum
1239 1477 1313 1521 est,
1345 1471 1482 1512 facere
1513 1470 1680 1512 debere.

339 1546 434 1586 313.
466 1546 668 1586 minorem.
728 1544 866 1586 Tanto
896 1544 1151 1586 inferiorem.

340 1620 434 1660 314.
467 1620 646 1661 Absentis
668 1634 792 1661 vremae
808 1620 948 1675 pullis.
1008 1617 1219 1673 Exemplo
1241 1618 1329 1659 siue
1350 1617 1491 1659 sabula
1510 1618 1601 1659 uult
1621 1619 1853 1669 ostendere,
1889 1619 2058 1661 insanos

227 1707 317 1735 esse
348 1708 431 1743 eos,
465 1693 536 1748 qui
568 1692 785 1734 imitantur
815 1707 899 1742 eos,
932 1691 1083 1747 quibus
1115 1700 1209 1733 sunt
1239 1691 1365 1747 longe
1396 1691 1627 1733 inferiores.
1682 1693 1821 1750 pullis.
1881 1692 2059 1734 Notatur

179 1775 183 1778 ’
225 1767 317 1817 hoc,
351 1767 462 1822 quod
494 1766 599 1807 dixit
630 1766 768 1822 pullos
797 1766 905 1808 filios
936 1781 1076 1807 ranae.
1136 1765 1312 1815 Debuit,
1345 1765 1493 1820 inquit,
1533 1766 1673 1815 dicere
1704 1767 1888 1809 minores
1919 1782 2056 1809 ranas.

339 1842 434 1883 315.
467 1841 671 1882 denarrat.
730 1839 782 1881 Id
813 1847 885 1890 est,
919 1839 1141 1896 diligenter
1172 1848 1345 1880 narrat.»

339 1914 433 1956 316.
467 1923 666 1970 coynatos.
701 1913 885 1955 Fratres.

340 1988 435 2029 317.
467 1988 574 2030 Num
606 1988 766 2030 tandem
798 2014 847 2018 —
881 1988 1053 2043 sufflans
1084 2013 1135 2016 ——
1167 1988 1204 2028 si
1230 2001 1378 2041 maqmz
1407 1988 1578 2042 fuisset?
1651 1989 1830 2030 Tandem
1860 2004 1938 2044 pro
1969 1998 2057 2031 lanz.

230 2059 371 2103 Ordo:
402 2060 516 2103 Num
546 2068 632 2104 tam
662 2077 819 2118 magna
849 2061 1008 2104 fuisset.

363 2275 398 2314 5)
426 2274 471 2309 ÷
487 2288 532 2303 z
549 2279 598 2305 est
623 2285 648 2317 γ.
675 2284 709 2304 es
735 2276 788 2305 du.
816 2275 930 2313 pedum
956 2279 1052 2304 tamen
1075 2275 1119 2305 ita
1143 2275 1273 2305 studiose,
1298 2276 1392 2306 aedif.
1419 2274 1453 2305 C.
1519 2274 1554 2315 6)
1580 2280 1610 2305 te
1636 2286 1698 2306 non
1723 2286 1740 2300 v
1776 2276 1844 2306 rell.
1870 2286 1933 2307 non
1958 2280 1999 2306 te.
2026 2277 2058 2305 in

228 2341 290 2370 qua
315 2331 431 2362 habitas
457 2331 493 2362 C.
530 2331 649 2362 moduli.
675 2332 918 2370 Magnitudinis
945 2342 970 2374 γ.
997 2332 1065 2361 rell.
1092 2342 1152 2362 om.
1189 2331 1302 2361 moduli
1325 2331 1382 2370 bip.
1422 2333 1660 2370 magnitudinis
1687 2334 1818 2363 duorum
1844 2334 1972 2372 pedum.
2022 2333 2056 2373 7)

227 2389 371 2427 bipedalis
390 2407 429 2410 ——
447 2393 564 2427 tuques
590 2388 670 2429 (sic)
696 2389 855 2426 bipedalis
879 2398 905 2430 γ.
932 2389 1000 2418 rell.
1027 2400 1088 2419 om.
1150 2390 1183 2428 9)
1209 2389 1316 2418 Turbo
1342 2390 1429 2428 glad.
1458 2390 1587 2428 quidam
1612 2390 1674 2419 fuit
1701 2391 1784 2428 exig.
1813 2394 1966 2428 staturae,
2003 2389 2058 2419 sed

226 2447 339 2484 magni
364 2446 460 2476 animi
486 2447 519 2476 in
544 2447 666 2484 proelio
691 2445 727 2476 C.
759 2446 937 2485 (animosus
965 2447 998 2475 in
1023 2455 1141 2485 pugna.
1168 2445 1315 2484 Porph.).
1369 2446 1424 2485 11)
1450 2445 1606 2484 Spiritum
1636 2465 1673 2467 —
1699 2451 1826 2485 gestum
1850 2457 1868 2488 γ
1894 2451 1924 2477 et
1943 2446 1979 2485 O,
2005 2446 2056 2485 qui

227 2503 319 2532 addit
344 2503 506 2534 tumidum..
527 2521 562 2523 —
579 2503 626 2532 Tu
653 2502 785 2534 scilicet.
812 2503 965 2532 ridendus
989 2513 1016 2544 γ.
1043 2503 1112 2532 rell.
1140 2512 1200 2532 om.
1253 2502 1307 2541 12)
1333 2512 1426 2541 quam
1452 2502 1532 2532 rides
1556 2513 1581 2545 γ.
1608 2504 1677 2533 rell.
1705 2513 1769 2533 cum
1793 2504 1910 2534 rideas.
1937 2503 1978 2534 C:
1996 2502 2058 2533 Cur

227 2564 262 2590 tu
287 2561 394 2590 minus
420 2570 452 2591 es
477 2561 632 2590 ridendus
658 2569 754 2598 quam
779 2560 936 2598 gladiator
951 2560 1070 2595 Turbo,
1098 2569 1168 2589 cum
1186 2561 1231 2589 sis
1252 2560 1362 2589 eadem
1380 2558 1528 2589 statura?
1581 2560 1637 2599 15)
1662 2560 1746 2589 rides
1771 2569 1797 2602 γ.
1823 2561 1892 2590 rell.
1920 2561 2056 2590 derides.

231 2618 286 2656 16)
312 2616 443 2647 Lemma
468 2626 572 2646 uerum
596 2620 639 2646 est
661 2617 869 2654 amplificaui.
896 2616 933 2644 Id
956 2633 993 2636 —
1019 2616 1123 2645 facere
1148 2625 1208 2645 om.
1234 2626 1259 2657 γ.
1286 2616 1348 2645 Per
1373 2626 1566 2654 aequum*
1581 2617 1697 2646 debere
1722 2626 1749 2658 γ.
1777 2626 1912 2656 aequum
1938 2621 1970 2647 et
1994 2618 2057 2647 ius—

227 2677 296 2703 tum
323 2678 353 2703 te
378 2674 482 2704 facere
508 2673 544 2703 C.
570 2674 631 2703 Pro
655 2673 716 2702 Per
740 2674 829 2711 posui
855 2673 930 2710 Pro,
957 2683 1028 2702 cum
1047 2682 1233 2712 peraequum
1257 2674 1288 2702 h.
1315 2674 1334 2702 l.
1362 2674 1518 2703 absonum
1545 2677 1641 2703 esset.
1710 2673 1764 2713 18)
1790 2674 1868 2703 Min.
1894 2678 1984 2704 tanto
2010 2674 2056 2703 in-

227 2730 376 2761 feriorem
401 2740 428 2772 γ.
455 2731 523 2760 rell.
550 2740 609 2760 om.
662 2731 716 2769 19)
743 2730 903 2768 Exemplo
916 2729 1061 2768 fabuloso
1086 2729 1119 2760 C.
1169 2730 1227 2769 20)
1255 2739 1307 2760 eos
1333 2740 1393 2760 om.
1418 2729 1495 2760 th.
1525 2748 1564 2751 —
1590 2731 1687 2768 longe
1713 2734 1786 2760 sunt
1812 2730 1848 2760 C.
1875 2748 1917 2752 ——
1943 2731 2073 2762 lemma,
2130 2751 2132 2754 -

222 2787 317 2825 pullis
343 2797 384 2816 ex
400 2797 427 2828 γ.
477 2787 536 2826 22)
562 2787 720 2816 Denarrat
743 2787 762 2816 i.
789 2787 842 2816 dil.
869 2790 978 2816 narrat
1003 2796 1028 2827 γ.
1044 2787 1113 2816 rell.
1128 2796 1186 2816 om.
1237 2787 1295 2825 23)
1323 2796 1405 2827 coyn.
1432 2787 1561 2816 Fratres
1585 2786 1637 2827 ΥΟ.
1665 2788 1718 2825 qui
1744 2788 1854 2817 addit:
1882 2788 1977 2826 ‘quod
2002 2796 2056 2817 no-

228 2844 360 2873 tandum
387 2847 446 2881 est,
473 2845 564 2882 quasi
591 2853 696 2873 secum
722 2847 814 2873 natos
842 2846 871 2872 et
897 2843 1043 2881 genitos]
1072 2844 1141 2873 reik
1169 2853 1229 2873 om.
1255 2843 1317 2883 elis·
1336 2842 1590 2884 opi-esse1·it-s‚C.
1610 2844 1679 2872 rell.
1698 2852 1757 2873 om.
1809 2844 1865 2883 24)
1891 2844 1964 2873 Nun
1987 2848 2056 2874 tan-

229 2899 300 2928 dem
325 2909 351 2940 γ.
383 2900 512 2929 Tandem
536 2911 591 2939 pro
617 2904 676 2930 tam
701 2917 742 2921 —
768 2900 883 2929 fuisset
907 2909 933 2940 γ.
958 2899 1001 2928 sic
1026 2909 1144 2938 magma.
1171 2910 1244 2929 num
1270 2904 1336 2929 tam
1362 2909 1480 2938 magua
1506 2900 1620 2929 fuisset
1646 2899 1682 2929 C.
1710 2904 1776 2929 tam
1801 2910 1919 2939 magna
1942 2900 2054 2938 Porph.

228 2957 299 2985 rell.
326 2966 386 2986 om.
413 2957 479 2986 Aut
504 2966 545 2986 ex
570 2958 631 2987 hoc
657 2957 778 2987 scholio
804 2956 948 2994 profecta
973 2963 1021 2985 est
1048 2957 1141 2985 lectio
1166 2953 1227 2988 sie
1251 2967 1370 2996 magma,
1397 2966 1491 2995 quam
1518 2956 1702 2995 Babington
1728 2958 1854 2986 notauit
1879 2967 1920 2986 ex
1934 2957 2055 2995 Magd.‚

230 3017 285 3042 aut
312 3023 351 3042 ex
378 3018 505 3043 uetusta
531 3018 561 3043 et
587 3024 663 3044 uera
687 3011 724 3046 Si
748 3023 858 3053 magna
879 3012 994 3049 fuisset,
1033 3022 1113 3051 quae
1137 3023 1219 3051 puru
1245 3014 1382 3043 occurrit
1419 3013 1451 3041 in
1476 3013 1546 3042 Par.
1573 3013 1611 3043 B.
1637 3013 1730 3043 Bern.
1756 3014 1796 3044 A.
1824 3014 1917 3043 Fran.
1944 3014 2054 3051 Regin.

230 3075 261 3099 et
286 3070 387 3098 Harll.
414 3067 467 3112 ηἶ),
495 3076 577 3100 teste
596 3072 693 3100 etiam
711 3071 924 3109 Babingtone.
951 3075 1005 3098 aut
1022 3073 1182 3107 tamquam
1203 3079 1268 3099 uar.
1288 3071 1358 3099 lect.
1387 3071 1472 3099 utin
1489 3069 1609 3107 Amba,
1636 3071 1690 3108 qui
1718 3071 1831 3099 habet:
1859 3080 1933 3099 num
1958 3069 2055 3099 tande

231 3125 357 3154 sufflans
385 3135 426 3162 se,
463 3127 503 3157 αῖ.
530 3127 557 3156 si
584 3130 596 3156 1
626 3137 665 3157 m.
704 3136 852 3165 suprapo.
889 3136 960 3156 num
995 3126 1112 3156 tandem
1147 3131 1218 3156 tuta
1254 3132 1301 3156 est
1337 3128 1424 3166 uulg.
1463 3127 1558 3156 lectio
1594 3126 1682 3156 Baro.
1719 3127 1836 3157 Bernn.
1873 3126 1931 3156 AC
1968 3127 2053 3156 Parr.

229 3181 473 3225 EssrpFHIPQR
509 3182 630 3214 Genou.
668 3182 715 3214 St.
754 3182 862 3214 Germ.
900 3183 999 3222 Angl.
1037 3184 1066 3212 4.
1105 3183 1236 3222 aliique.
1276 3192 1317 3213 ex
1354 3184 1454 3213 Harll.
1494 3183 1679 3222 Babington
1716 3184 1839 3214 notauit
1875 3186 1994 3213 tantum
2027 3190 2053 3223 γ.
