2148 3412
213 135 295 176 374
849 143 953 176 ΑΘΒ.
979 143 1040 176 ET
1065 143 1230 176 PORPH.
1257 142 1406 176 COMM.

328 269 420 311 103.
453 282 592 309 rerum
623 268 748 309 tutela
778 282 966 309 mearum.
1024 266 1265 308 Maecenati
1295 267 1375 309 hoc
1405 267 1475 308 ait.

328 343 419 383 108.
455 343 679 397 Praecipue
710 356 836 383 sanus
866 342 947 382 nisi
974 356 1064 383 cum
1091 342 1238 397 pituita
1268 342 1359 382 mol.
1404 349 1472 382 est.
1546 338 1597 380 In
1628 338 1857 381 nouissimo
1889 337 2046 379 seueri-

211 423 339 457 tatem
372 413 613 457 Stoicorum
642 414 711 456 hic
743 414 884 464 eludit,
918 414 1038 469 quasi
1068 414 1212 455 furtim
1244 414 1299 455 ad
1322 412 1613 469 Chrysippum
1644 412 1849 454 relabens.

323 491 407 532 ‘nisi
434 505 466 531 c.
495 507 532 544 p.
562 490 654 531 mol.
688 498 755 531 est.
816 488 911 531 Nisi
943 503 1038 531 cum
1070 488 1236 544 (eum‘?)
1268 486 1484 532 κενοδοξία
1515 486 1691 542 inpedit.

865 642 1242 699 EPISTVLA
1282 643 1322 711 1,
1365 646 1411 696 2.

1037 754 1228 798 ACRON.

330 860 499 901 Troiani
528 859 625 900 belli
651 859 901 914 scriptorem,
949 871 1061 898 maoe.
1093 856 1211 898 Lolli.
1284 854 1336 896 In
1370 854 1451 897 hac
1486 854 1666 910 epistula
1694 854 1785 896 uult
1816 854 2048 903 ostendere,

146 939 186 971 10
213 932 398 988 apertius
429 940 469 974 et
498 931 648 974 melius
680 945 723 973 se
755 931 917 973 discere
947 935 1178 986 praecepta
1207 927 1502 984 philosophiae
1532 928 1586 970 ab
1618 927 1821 979 Homero,
1869 943 1995 983 quam
2025 943 2050 969 a

327 1119 361 1157 2)
387 1118 457 1160 Βφε
485 1117 612 1156 ‘pituita
639 1117 758 1154 pituita
785 1120 832 1145 est
858 1116 975 1153 flegma
1001 1115 1119 1153 eapitis
1147 1124 1201 1153 per
1227 1124 1323 1153 quam
1355 1114 1426 1143 uult
1463 1112 1610 1152 intellegi
1647 1113 1840 1143 cenodoxiam
1876 1113 1896 1143 i.
1934 1122 2050 1143 uanam

212 1175 359 1213 gloriam.
409 1174 499 1203 Dicit
526 1175 705 1212 sapientem
731 1177 806 1202 tunc
833 1181 930 1201 sanae
958 1170 1037 1210 (sie)
1064 1181 1177 1210 sapere
1204 1181 1274 1201 culn
1300 1181 1366 1201 non
1390 1180 1476 1200 uana
1504 1171 1608 1208 gloria
1645 1170 1816 1200 extollitur
1852 1180 1933 1209 quae
1969 1170 2049 1200 solet

213 1241 341 1261 sensum
378 1231 495 1260 mentis
533 1231 721 1268 perturbare
758 1230 841 1259 sicut
871 1237 984 1258 nausea
1004 1228 1130 1266 pituitae
1156 1227 1232 1266 (sic)
1261 1231 1359 1266 caput
1386 1231 1417 1256 et
1442 1227 1577 1265 pectus.’
1643 1227 1678 1265 3)
1704 1227 1899 1265 aristippum
1922 1226 2050 1256 MRA2.

211 1289 281 1317 rell.
312 1286 530 1326 Chrysippum.
557 1287 686 1316 rediens
710 1285 799 1315 vafh.
827 1285 895 1315 rell.
923 1285 1082 1314 relabens
1147 1285 1182 1322 4)
1211 1279 1452 1314 KAINOAOZM
1478 1283 1511 1312 M
1540 1283 1614 1321 (sic,
1640 1292 1704 1313 non
1731 1278 1989 1317 KAINOAOEIA.
2015 1287 2051 1313 ut

211 1345 361 1382 legerunt
393 1344 424 1373 H
457 1348 488 1373 et
514 1343 570 1382 Q).
603 1339 785 1378 ῑιαινοῦοζια
812 1343 841 1371 2.
872 1338 1053 1377 καινοόοξία
1088 1340 1126 1370 G.
1158 1337 1322 1375 κενοδοξία
1355 1340 1395 1369 A.
1420 1345 1518 1370 recte.
1562 1344 1644 1378 spat.
1671 1350 1742 1372 uae.
1771 1341 1804 1369 in
1828 1340 1865 1369 R.
1892 1350 1963 1370 cum
1989 1351 2050 1371 om.

211 1400 299 1430 vafh.
317 1397 498 1443 καλαρροος
515 1411 545 1429 v.
571 1397 731 1443 κάταῤῥος
756 1409 782 1428 a.
809 1396 990 1441 κατάρῥους
1017 1397 1062 1427 fh.
1088 1396 1270 1440 κατάρροος
1295 1396 1331 1434 Q,
1359 1397 1414 1435 qui
1439 1395 1499 1426 ref.
1526 1405 1710 1435 perperam:
1739 1394 1932 1438 ‘za-ttdpoog
1955 1397 2051 1427 Edd!
2112 1393 2115 1405 ⁴

210 1458 309 1488 Posui
335 1458 412 1487 olim
437 1454 567 1500 κόρυζα,
594 1465 674 1494 quae
702 1455 826 1485 Graeca
849 1465 917 1485 uox
948 1455 1116 1485 sollemnis
1146 1459 1194 1485 est
1220 1464 1274 1492 pro
1295 1454 1414 1492 pituita.
1463 1454 1574 1492 Neque
1599 1458 1731 1492 propter
1762 1454 1906 1484 codicum
1932 1455 2051 1484 ductus

210 1515 377 1544 literarum
403 1524 482 1552 opus
510 1518 559 1543 est
585 1514 723 1543 scribere
750 1510 946 1557 ῥινοκόρυζα,
973 1516 1008 1542 ut
1033 1512 1068 1542 F.
1095 1512 1130 1541 F.
1156 1511 1280 1540 Franke
1305 1511 1420 1540 uoluit.

322 1570 354 1608 †)
381 1570 531 1600 Ceterum
556 1571 606 1599 hic
631 1580 695 1599 non
720 1579 832 1605 moror⁷
860 1579 940 1608 quae
965 1569 1005 1598 H.
1036 1569 1205 1607 Stephanus
1231 1569 1264 1597 in
1290 1568 1450 1597 Emendd.
1476 1577 1506 1606 p.
1540 1569 1612 1598 159.
1645 1570 1706 1598 160
1732 1569 1886 1607 protulit:
1914 1568 2051 1608 ‘Legun-

209 1632 262 1657 tur
287 1628 427 1666 denique
452 1629 483 1657 in
508 1628 565 1657 illo
590 1628 693 1656 ueteri
719 1627 801 1656 libro
826 1627 913 1656 ultra
938 1626 995 1655 illa
1020 1635 1102 1663 quae
1128 1626 1249 1655 habent
1276 1625 1532 1664 typographicae
1557 1625 1731 1663 editiones,
1760 1626 1915 1656 nonnulla
1941 1627 2050 1663 etiam,

210 1693 291 1722 quae
318 1685 364 1713 ita
389 1685 509 1722 scripta
535 1688 622 1719 sunt,
659 1688 692 1712 uc
715 1683 795 1712 (clius
820 1682 892 1712 libri
914 1692 997 1721 opem
1022 1682 1197 1712 desiderare
1221 1691 1274 1711 nos
1299 1685 1415 1721 coymzt.
1464 1682 1631 1712 Eiusmodi
1658 1686 1736 1712 sunt
1761 1692 1842 1721 quae
1867 1683 2052 1713 scribuntur

211 1742 244 1770 in
269 1742 352 1770 hunc
378 1741 482 1770 locum
509 1751 550 1770 ex
577 1741 713 1778 epistola
738 1741 844 1778 priore
869 1739 943 1768 libri
969 1739 1099 1777 prioris:
1139 1739 1201 1768 Sed
1225 1743 1320 1768 tamen
1346 1743 1388 1767 est
1410 1748 1520 1777 operae
1542 1739 1673 1777 pretium
1697 1749 1900 1778 cognoscere,
1941 1740 2051 1778 quales

211 1798 302 1827 dedit
329 1802 390 1829 etc.
419 1798 454 1827 In
479 1799 565 1827 hunc
592 1799 677 1827 enim
704 1798 807 1828 locum
833 1797 988 1826 habemus
1025 1797 1157 1834 quidem
1195 1797 1260 1825 ista
1298 1795 1396 1834 (quae
1421 1805 1485 1826 non
1513 1797 1634 1826 ibidem
1660 1797 1694 1825 in
1719 1801 1846 1836 typogr.
1872 1797 1968 1826 libris
1995 1806 2052 1826 ex-

209 1855 299 1892 tant)
325 1855 406 1883 Bene
431 1859 457 1883 et
480 1854 624 1883 subtiliter
649 1853 741 1893 tetigyz't
760 1853 927 1890 Caesarem,
953 1851 1042 1891 quasi
1063 1851 1255 1891 izvegyliyentem
1275 1855 1450 1889 poetar21m3
1478 1853 1533 1881 sed
1560 1853 1624 1882 alia
1650 1853 1700 1882 his
1725 1853 1938 1891 adiiciuntur,
1965 1862 2052 1882 men-

212 1911 322 1941 dosius
349 1912 482 1949 scripta,
513 1921 608 1949 quam
633 1916 669 1941 ut
694 1911 880 1941 commodus
907 1919 949 1939 ex
975 1910 1015 1939 iis
1043 1909 1117 1938 elici
1143 1918 1257 1938 sensus
1284 1907 1406 1946 possit.'

323 1967 485 1997 ACRON.
534 1967 564 2006 †)
590 1967 711 2006 Magna
738 1968 934 1997 scholiorum
959 1966 1102 1996 confusio
1128 1970 1177 1995 est
1203 1966 1236 1994 in
1262 1964 1349 2003 casti,
1387 1975 1404 1994 a
1434 1966 1560 2004 quibus,
1591 1976 1672 2005 quae
1703 1967 1938 2007 Porphyrionis
1964 1970 2051 2003 sunt,

211 2024 332 2054 Aci-oni
358 2026 536 2054 maximam
563 2030 686 2062 partem
711 2025 788 2054 data
814 2027 899 2061 sunt,
927 2027 958 2052 et
983 2024 1052 2052 uice
1077 2031 1182 2052 uersa.
1231 2022 1335 2051 Huius
1360 2023 1406 2051 rei
1432 2026 1533 2052 testes
1559 2026 1635 2053 sunt
1653 2027 1684 2053 et
1702 2028 1784 2054 uett.
1805 2023 1943 2061 codices,
1969 2024 2052 2053 inter

211 2090 290 2119 quos
318 2081 417 2110 etiam
442 2081 604 2111 habentur
630 2081 724 2110 Laur.
751 2080 896 2109 XXXIV.
923 2089 1005 2109 saec.
1024 2079 1068 2108 XI
1087 2084 1119 2108 et
1137 2079 1207 2108 Vat.
1235 2079 1320 2108 3257
1349 2078 1490 2108 eiusdem
1515 2080 1644 2116 aetatis,
1671 2081 1724 2119 qui
1750 2080 1935 2111 Acroniana
1960 2080 2051 2110 scho-

211 2138 256 2167 lia
288 2142 445 2176 perpetua
473 2140 620 2175 exhibet,
661 2143 691 2168 et
718 2139 925 2173 recentiores,
962 2141 997 2166 ut
1023 2137 1095 2166 Par.
1126 2137 1211 2166 7987
1238 2135 1302 2176 (g),
1340 2135 1563 2166 Norfolcianus
1590 2136 1650 2175 (N)
1677 2140 1707 2166 et
1732 2147 1774 2167 ex
1798 2138 1951 2168 Romanis
1975 2136 2049 2166 Vat.

211 2195 297 2224 3315
326 2194 373 2234 (s)
400 2199 431 2224 et
460 2196 544 2225 1518
574 2196 630 2235 (t).
658 2195 772 2225 Urbin.
801 2196 864 2224 348
891 2194 957 2232 (n).
985 2194 1048 2224 359
1077 2193 1138 2232 (e).
1166 2192 1317 2223 Ottobon.
1347 2193 1431 2222 1379
1459 2193 1522 2232 (3).
1549 2203 1683 2231 quorum
1719 2194 1892 2233 descriptio
1930 2195 1964 2224 in
2001 2193 2050 2223 ed.

211 2251 302 2289 Lips.
328 2253 505 2282 inuenitur.

323 2308 541 2347 Inscriptione
567 2312 652 2338 earet
678 2318 705 2350 γ.
754 2308 813 2337 AD
841 2307 1037 2337 LOLLIVM
1061 2309 1081 2337 b
1106 2307 1218 2337 Ambr.
1255 2307 1306 2350 Βφ
1331 2306 1427 2336 Bern.
1455 2306 1490 2336 C.
1527 2307 1618 2337 Harl.
1647 2309 1734 2338 2724
1765 2317 1847 2338 saec.
1880 2307 1952 2338 XII.
1989 2307 2049 2346 AD

210 2364 406 2395 LOLLIVM
430 2366 471 2395 II.
498 2366 592 2395 Fran.
623 2365 798 2404 (Broukh.)
827 2369 887 2394 etc.
949 2364 1099 2402 Epistola
1123 2364 1164 2393 ad
1190 2363 1328 2393 Lollium
1352 2364 1425 2393 Par.
1453 2363 1491 2399 Q.
1544 2364 1597 2393 Ad
1623 2365 1762 2394 Lollium
1787 2366 1989 2395 consularem
2013 2363 2048 2393 F.

210 2421 261 2450 Ad
274 2421 416 2451 Lollium
442 2423 633 2459 scriptorem
651 2421 748 2450 Burn.
773 2422 833 2450 178
853 2430 935 2450 saec.
955 2420 1026 2449 XII.
1074 2420 1126 2449 Ad
1152 2420 1290 2450 Lollium
1316 2422 1454 2450 amicum
1479 2430 1572 2451 suum
1596 2422 1667 2451 Par.
1682 2422 1706 2451 I.
1732 2422 1947 2452 Landsdown.
1974 2422 2048 2451 836-

214 2478 275 2507 AD
295 2478 491 2508 LOLLIVM
507 2478 729 2508 MAXIMVM.
756 2478 923 2508 Pari-..10
949 2478 1042 2507 Harl.
1059 2478 1148 2507 ι2621
1178 2487 1259 2507 saec.
1277 2477 1365 2507 XIII.
1413 2477 1474 2507 AD
1501 2477 1626 2508 Lolium
1651 2479 1832 2508 Maximum
1856 2479 1946 2508 Harl.
1966 2478 2051 2508 5413

211 2545 292 2565 saec.
319 2536 387 2573 XV⁷
414 2540 449 2565 ut
478 2536 526 2565 ed.
555 2534 634 2565 Cad.
660 2535 721 2564 AD
748 2534 958 2564 MAXIMVM
985 2534 1179 2564 LOLLIVM
1203 2534 1277 2566 Par.
1303 2535 1389 2564 8218
1417 2545 1498 2565 saec.
1524 2535 1612 2564 XIII.
1643 2535 1741 2565 Burn.
1772 2536 1832 2565 182
1859 2544 1941 2565 saec.
1966 2534 2049 2571 XIV,
2107 2538 2124 2545 ”

210 2602 246 2622 ac
272 2594 297 2622 si
323 2602 440 2622 nomen
466 2593 633 2631 proprium
659 2596 757 2630 esset,
783 2596 819 2622 ut
845 2592 880 2621 P.
908 2591 1091 2622 LOLLIVS
1117 2590 1315 2621 MAXIMVS
1341 2591 1425 2629 apud
1452 2591 1626 2622 Gruterum
1653 2593 1728 2630 638,
1755 2593 1786 2624 2.

328 2648 383 2688 10)
411 2649 498 2680 Ordo
523 2651 636 2680 horum
675 2650 870 2679 scholiorum
907 2649 942 2678 in
978 2657 1011 2689 γε
1054 2650 1081 2677 1.
1108 2648 1264 2678 Horatius
1290 2648 1337 2678 hic
1362 2652 1436 2677 cata
1460 2649 1611 2679 theorian
1636 2667 1677 2669 -—
1702 2652 1838 2678 tantum.
1886 2649 1917 2678 2.
1942 2647 2048 2678 Aliter.

211 2707 249 2735 In
285 2707 345 2735 hac
382 2707 518 2744 epistola
543 2725 585 2727 -—
611 2706 814 2745 philosopho.
865 2707 893 2735 3.
920 2706 956 2735 In
982 2705 1042 2734 hac
1067 2706 1204 2743 epistola
1229 2705 1310 2735 illud
1336 2706 1481 2735 ostendit
1509 2707 1614 2744 ipsum
1639 2723 1679 2726 —
1705 2715 1742 2735 ac
1779 2705 1970 2744 sapientiae.
2018 2706 2048 2733 4.

211 2763 294 2792 hanc
321 2767 428 2793 autem
463 2781 495 2784 a·
523 2764 734 2793 consularem.
762 2764 795 2792 in
822 2764 860 2793 b:
906 2765 930 2791 1.
959 2763 1049 2792 Hanc
1076 2763 1191 2801 ep’tam.
1219 2763 1333 2792 scribit
1360 2764 1399 2792 ad
1426 2763 1564 2793 Lollium
1590 2763 1789 2793 consularem
1813 2767 1840 2793 et
1861 2761 2049 2792 cathaterian

213 2819 292 2857 (sie)
319 2821 402 2849 hom.
432 2821 493 2857 leg.
523 2838 562 2841 «μ
590 2824 729 2849 tantum.
778 2822 808 2849 2.
836 2820 889 2849 Ar.
916 2819 953 2848 In
979 2819 1038 2848 hac
1064 2827 1113 2857 ep.
1139 2819 1219 2849 uult.
1246 2837 1287 2841 —-
1314 2820 1521 2858 philosopho.
1570 2821 1599 2850 3.
1628 2819 1840 2858 Ostenditque
1870 2836 1913 2840 —
1938 2829 1975 2848 ac
2000 2827 2049 2848 sa-

212 2876 364 2913 pientiae.
391 2878 487 2906 Lwcr.
516 2876 667 2906 XXXIV:
708 2876 756 2905 ‘In
782 2876 842 2905 hac
868 2876 1006 2913 epistola
1033 2876 1110 2905 illud
1144 2877 1290 2906 ostendit
1317 2877 1347 2906 in
1381 2877 1504 2914 duplici
1537 2886 1631 2914 opere
1663 2877 1827 2906 homerum
1861 2876 1934 2907 duc.
1963 2885 1994 2905 u.
2022 2884 2048 2904 e.
2096 2877 2099 2890 ¹

213 2941 253 2961 m.
282 2943 307 2963 u.
334 2943 369 2961 ac
396 2934 585 2971 sapientiae.
611 2933 650 2963 aff.
677 2934 714 2963 In
739 2934 799 2962 hac
826 2933 965 2971 epistola
990 2933 1061 2962 uult
1086 2936 1145 2962 ost.
1173 2951 1215 2955 -υ
1241 2933 1456 2971 philosopho.’
1489 2935 1553 2963 Ῑάε.
1580 2933 1668 2963 3257
1694 2938 1857 2971 tamquam
1882 2932 1981 2962 schol.
2008 2931 2048 2975 ad

214 3000 242 3018 u.
270 2990 288 3017 4
316 2991 430 3020 habet:
460 2993 486 3019 1.
515 2991 562 3019 v‘In
587 2991 647 3020 hac
673 2991 814 3028 epistula
840 2990 911 3019 uult
935 2989 1069 3028 apertius
1092 2990 1246 3019 ostendere
1271 2993 1302 3019 et
1329 2990 1443 3018 melius
1462 3007 1503 3010 —
1522 2990 1724 3028 philosopho.
1776 2990 1806 3018 2.
1832 2989 1869 3018 In
1894 2989 1954 3018 hac
1978 2988 2049 3026 epia

215 3046 295 3075 illud
322 3048 466 3076 ostendit
495 3048 527 3076 in
552 3048 675 3085 duplici
702 3057 793 3085 opere
820 3047 903 3077 hom.
931 3047 994 3076 duo
1018 3047 1084 3075 uite
1111 3055 1136 3075 e.
1164 3056 1204 3075 m.
1231 3057 1262 3076 u.
1289 3056 1325 3076 ac
1351 3047 1530 3084 sapientiae
1555 3047 1639 3075 hanc
1663 3050 1769 3076 autem
1795 3046 1896 3084 eptam
1923 3055 1983 3074 scr.
2008 3044 2048 3073 ad

212 3103 264 3130 101.
292 3104 500 3132 consularem.
550 3104 705 3134 Horatius
732 3104 918 3141 cathegorie—i
944 3103 1072 3132 homeru
1099 3103 1220 3141 legerat
1247 3104 1266 3132 i.
1293 3103 1433 3133 disceret
1458 3114 1483 3132 c.
1510 3103 1538 3131 d.
1565 3103 1715 3132 tantum)
1742 3107 1802 3133 etc.
1853 3101 1909 3142 10)
1934 3101 2047 3131 melius

215 3162 246 3188 et
273 3164 376 3197 apert.
404 3159 523 3195 vath.
