2148 3412
210 922 245 953 10

210 1288 248 1318 15

260 122 313 161 36
898 126 1005 159 Aen.
1032 126 1091 156 ΕΤ
1118 124 1283 156 ronru.
1309 122 1457 155 COMM.

375 256 440 296 91.
476 255 662 310 Hypsaea
693 268 724 293 c.
785 250 1007 304 Quaedam
1037 255 1228 290 matrona
1258 246 1333 288 fuit
1366 260 1414 287 eo
1445 251 1633 300 tempore
1664 242 1796 286 oculis
1826 241 2000 283 uitiosis.

377 330 441 369 92.
477 328 512 367 0
542 325 660 367 crus!
701 342 722 366 ο
754 324 919 365 brachia
933 323 948 364 l
1006 321 1140 374 Quasi
1173 321 1276 361 hacc
1307 319 1462 361 habere
1494 319 1608 359 dicat
1638 323 1847 372 spectator
1877 315 2087 370 plebeiam

264 402 404 443 nescio
436 415 579 455 quam:
626 397 793 447 Nescio,
840 396 957 437 cuius
987 395 1134 436 laudas
1166 408 1260 435 crus
1291 400 1334 433 et
1362 391 1536 433 brachia
1569 390 1660 447 [sed
1691 389 1817 430 habet
1846 388 1950 430 uitia
1978 387 2089 428 inter

265 481 394 523 nates,
427 481 464 514 ct
496 479 613 527 potos
644 485 736 511 eam
768 467 1067 524 contemnere]

380 547 566 602 Depyqz's.
625 544 675 584 Id
697 550 770 592 est,
803 543 890 584 sine
922 541 1110 589 natibus3
1137 554 1246 596 pyqa
1278 538 1389 579 enim
1421 544 1483 578 est
1513 551 1611 592 pars
1643 535 1833 590 corporis
1864 534 2090 590 posterior3
2138 535 2139 575 j

266 621 332 661 ucl
363 626 473 660 certe
505 633 597 659 cum
629 616 795 671 magnis
816 614 995 664 natibus,
1028 620 1072 654 ut
1103 613 1268 655 dehinc
1289 611 1408 653 ualde
1431 610 1713 664 intellegatur.
1778 607 1933 664 [Πυγὰς
1954 614 2092 648 autem
2138 647 2141 668 ¹.

269 692 424 735 Graeci
455 692 597 732 dicunt
628 690 779 745 nates]

380 767 496 806 breui
525 765 590 805 lat.
650 763 852 804 Deforme
884 768 945 803 est.
974 761 1018 802 in
1048 759 1228 809 feminis,
1261 759 1422 799 furcam
1452 756 1582 797 latere
1613 754 1769 796 habere
1800 754 2014 795 maiorem.
2138 772 2141 794 ι

381 840 446 879 94.
477 839 690 879 Μαίνοηαε
713 844 878 892 praeter
897 835 1052 889 faciem.
1102 834 1267 874 Praeter
1286 831 1430 885 faciem
1452 837 1668 878 matronae,
1690 827 1839 882 inquit,
1869 827 1974 868 nihil
2005 841 2096 869 cer-
2139 823 2142 867 1

271 927 370 954 nere
404 909 656 968 [matronae]
690 909 844 964 possis3
876 908 1063 962 reliquae
1094 905 1206 947 enim
1238 903 1426 958 corporis
1458 909 1595 957 partes
1625 909 1740 942 ueste
1771 900 1971 951 celantur,
2016 899 2098 942 nisi
2139 874 2143 953 1

269 987 375 1028 forte
409 984 556 1026 Catiae
588 983 736 1025 similis
766 990 846 1032 est,
894 994 1000 1035 quae
1031 979 1084 1021 ob
1116 976 1473 1034 pulchritudinem
1505 990 1673 1016 crurum
1703 974 1897 1030 neglecta
1937 973 2098 1029 pudore
2140 965 2143 1043 ξ

271 1059 355 1100 alta
375 1065 489 1099 ueste
510 1056 714 1098 utebatur.
761 1054 882 1095 Haec
913 1061 1050 1094 autem
1073 1052 1177 1093 adeo
1203 1050 1300 1092 uilis
1331 1049 1421 1099 fuit,
1452 1055 1496 1089 ut
1526 1049 1569 1089 in
1600 1048 1704 1090 aede
1725 1047 1906 1090 Veneris
1929 1046 2100 1104 [theatri

271 1129 543 1186 Pompeiani]
576 1127 827 1169 adulterium
860 1126 1145 1167 committeret.
2141 1120 2144 1196 ἱ

388 1203 473 1260 [96.
505 1202 550 1244 Si
576 1202 785 1243 interdicta
811 1208 930 1256 petes.
993 1198 1040 1239 Si
1079 1199 1277 1239 honestae
1308 1196 1502 1245 feminae,
1550 1209 1674 1249 quam
1721 1194 1974 1249 compellere
2017 1209 2103 1236 non
2141 1197 2144 1212 ¹

275 1277 385 1326 licet,
408 1275 652 1317 concubitus
673 1272 879 1329 appetes.]
942 1272 1163 1313 Interclz‘cla
1187 1269 1378 1327 [autem]
1428 1268 1661 1310 Prohibita.
1697 1269 1818 1310 Petes.
1847 1267 2102 1310 Matronam.

386 1350 497 1390 uallo
530 1348 794 1389 circumdata.
857 1343 1093 1402 [Custodiis
1124 1344 1297 1393 munita,
1339 1342 1597 1383 circumdata
1628 1341 1889 1392 satellitibus,
1923 1341 2105 1397 ἀλληγο-

276 1425 410 1476 ρικῶς,
441 1422 508 1462 uel
539 1421 664 1470 uallo,
698 1421 740 1460 id
771 1427 830 1461 est
862 1426 1011 1460 ornatu
1041 1416 1252 1473 uestium]
1313 1414 1596 1471 Allegoricos,
1639 1415 1838 1457 custodiis
1869 1414 2105 1457 obseruata.

389 1496 453 1535 97.
484 1496 684 1535 insanum.
753 1492 941 1533 Pronum
989 1491 1062 1547 [ad
1092 1489 1332 1545 libidinem]
1379 1495 1629 1537 amatoremg
1678 1502 1844 1543 semper
1889 1488 2000 1530 enim
2045 1488 2106 1530 ibi

276 1568 367 1623 plus
398 1567 675 1617 incendimur,
709 1581 790 1620 quo
823 1565 1036 1607 difficilius
1066 1563 1347 1619 peruenimus.

390 1641 454 1681 98.
487 1641 633 1681 lectica.
676 1639 903 1692 Quoddam
923 1637 1177 1687 uehiculum,
1200 1635 1312 1691 quod
1332 1634 1512 1676 trahitur
1528 1649 1552 1675 a
1569 1634 1692 1676 mulis
1709 1634 1798 1676 siue
1816 1634 1902 1689 (uel
1914 1636 1951 1691 Ρ)
1975 1635 2106 1691 equis.

394 1768 425 1806 1)
452 1766 574 1802 Quaed.
601 1770 694 1796 matr.
714 1775 740 1807 γ.
768 1765 877 1795 Placea
902 1765 999 1805 (conf.
1014 1765 1149 1803 Porph.)
1175 1764 1329 1803 Hypsaea
1356 1767 1448 1792 matr.
1467 1762 1503 1792 C.
1530 1762 1610 1791 Rell.
1628 1761 1725 1792 Matr.
1753 1761 1815 1792 fuit
1841 1772 1893 1801 qu.
1913 1780 1953 1783 —
1976 1773 2021 1793 oe.
2047 1764 2107 1794 uit.

277 1833 303 1865 ⁴(-
330 1824 398 1852 rell.
424 1824 483 1852 uit.
510 1833 556 1852 oc.
624 1823 658 1861 ⁶2)
685 1823 892 1860 Amplificaui
919 1823 1034 1851 lemma
1063 1821 1087 1851 O
1112 1831 1191 1850 crus.
1231 1821 1348 1850 etenim
1391 1820 1490 1849 uerba
1514 1829 1530 1848 o
1555 1818 1682 1848 brachia
1706 1818 1752 1848 fh.
1779 1819 1862 1849 male
1887 1820 2006 1850 conloc.
2033 1824 2109 1850 ante

283 1880 385 1913 Quasi.
413 1880 529 1909 Nescio
554 1879 636 1909 cuias
660 1889 686 1920 γ.
714 1880 781 1908 rell.
808 1879 924 1909 Nescio
949 1888 1013 1908 cur.
1040 1882 1125 1908 recte
1149 1877 1233 1907 cuius
1259 1878 1278 1906 i.
1307 1886 1332 1905 e.
1359 1880 1482 1915 sufflatae,
1510 1876 1666 1913 plebeiae.
1695 1874 1734 1905 C:
1764 1877 1855 1906 torus.
1882 1877 1993 1906 laudat
2018 1886 2110 1907 crura

281 1942 311 1966 et.
336 1937 469 1965 brachia
496 1939 622 1975 loycctcze,
661 1944 739 1973 quae
766 1936 860 1973 fingit.
885 1935 1038 1964 admirari
1065 1937 1288 1972 spectatorem.
1315 1931 1555 1968 Animaduerte,
1582 1932 1680 1961 uerba
1709 1931 1804 1965 Quasi
1828 1950 1869 1952 —
1893 1943 1990 1971 quam,
2029 1943 2111 1972 quae

281 1994 314 2022 in
340 1993 373 2022 fh
399 1998 560 2030 tamquam
587 1992 686 2021 schol.
714 1996 898 2030 separatum
924 1996 997 2029 post
1022 1990 1132 2020 Nescio
1168 2007 1210 2010 κ-
1249 1992 1432 2018 contemnere
1459 1989 1624 2017 conlocata
1649 1993 1747 2027 atque
1774 1990 1805 2018 in
1830 1999 1903 2019 niva
1928 1990 2023 2028 plane
2049 2000 2109 2020 om.

280 2056 366 2087 sunt,
394 2051 425 2078 in
451 2050 520 2079 cod.
546 2059 563 2091 γ
587 2050 724 2086 priorem
749 2049 853 2077 locum
879 2052 996 2077 tenere.
1023 2047 1073 2089 B'?
1099 2047 1226 2085 glossa:
1261 2046 1367 2083 ipsese.
1395 2045 1484 2082 Ipsea
1511 2045 1618 2074 oculos
1637 2046 1772 2075 uitiosos
1791 2046 1917 2076 habuit.
1944 2046 2108 2077 scholion:

281 2107 301 2135 i.
329 2107 354 2135 si
381 2107 431 2135 uis
456 2107 619 2135 mulierem
647 2106 771 2134 ducere.
797 2105 845 2134 Ne
872 2105 915 2133 sis
941 2105 1077 2133 callidus
1103 2103 1324 2132 considerator
1350 2102 1383 2130 in
1409 2101 1647 2139 pulchritudine
1672 2105 1704 2130 et
1739 2103 1917 2140 neglegens
1951 2104 1983 2132 in
2016 2103 2110 2133 malis

282 2165 424 2193 moribus
451 2164 537 2192 illius
564 2166 595 2191 et
620 2162 757 2191 lasciuia
783 2162 883 2190 ueluti
910 2162 953 2189 sis
979 2161 1082 2189 cecior
1109 2161 1197 2197 ipsea
1223 2168 1303 2197 quae
1329 2159 1464 2188 uitiosos
1490 2158 1597 2187 oculos
1623 2158 1774 2188 habuisse
1792 2159 1922 2188 dicitur.
1972 2160 2006 2199 6)
2019 2159 2068 2189 uel
2081 2168 2110 2202 γ.

282 2221 351 2249 rell.
376 2223 434 2248 ααι.
463 2236 502 2240 -
528 2218 637 2247 dehinc
661 2228 687 2259 γ.
714 2218 782 2246 rell.
810 2217 848 2246 de
874 2216 931 2246 hic.
959 2216 1002 2246 C:
1030 2216 1065 2245 cle
1090 2217 1144 2245 hic
1169 2216 1339 2244 deminuit.
1367 2232 1402 2235 μ
1436 2210 1510 2256 Ηυγ.
1529 2232 1570 2234 -
1589 2219 1681 2243 nates
1706 2224 1766 2243 om.
1791 2214 1842 2256 TC.
1871 2215 1979 2255 Pygas
2005 2220 2111 2246 autem

283 2286 396 2314 graece
422 2276 559 2313 (Graece
585 2274 636 2314 fh)
662 2275 749 2303 dixit
774 2279 864 2302 nates
891 2273 1010 2303 mvafh
1037 2282 1101 2302 non
1128 2273 1207 2311 Pyas
1232 2276 1267 2301 ut
1294 2271 1350 2300 ref.
1379 2271 1416 2306 Q.
1444 2272 1514 2314 Βφε
1554 2270 1695 2310 ‘depyyz's.
1723 2271 1859 2310 depygis
1887 2272 1991 2311 inquit
2018 2273 2037 2301 i.
2065 2273 2104 2301 dc

284 2333 518 2362 meretricibus.
546 2332 626 2361 satis
652 2340 773 2368 cernes,
812 2334 919 2359 utrum
946 2331 988 2359 sit
1015 2334 1131 2359 nasuta
1156 2329 1207 2358 uel
1233 2329 1297 2357 alia
1334 2328 1475 2356 membra
1512 2328 1636 2356 habeat.
1676 2327 1772 2366 Pv'gsya
1798 2326 1876 2366 (sic)
1904 2330 2031 2366 proprie
2066 2332 2113 2358 est
2146 2317 2148 2350 1

283 2389 423 2418 iedditio
450 2388 565 2426 stupri.
594 2388 723 2424 ponitur
749 2396 825 2416 ueio
851 2396 907 2424 pro
933 2386 1168 2416 meletricibus.
1230 2387 1263 2416 9)
1291 2389 1497 2426 111;·1·.111(1111(Ξ(
1525 2384 1593 2413 rell.
1620 2393 1668 2421 po.
1688 2383 1832 2413 inferius.
1886 2385 1940 2422 11)
1967 2384 2004 2415 ob
2029 2385 2112 2423 pulc.
2146 2328 2148 2427 1

284 2446 368 2482 negl.
395 2445 469 2482 pud.
495 2444 576 2486 γΒιρ,
605 2444 671 2472 rell.
698 2443 783 2481 negl.
809 2444 881 2481 pud.
909 2447 1036 2481 propter
1069 2443 1152 2480 pulc.
1222 2442 1274 2479 12)
1302 2441 1366 2470 alta
1399 2440 1478 2482 γΒφ.
1511 2441 1578 2469 rell.
1609 2440 1701 2470 elata.
1727 2444 1805 2469 ueste
1837 2441 1981 2470 accincta.
2010 2440 2045 2470 C.
2072 2458 2113 2461 ᾖ
2146 2429 2148 2485 1

284 2501 418 2530 Veneris
449 2500 612 2529 leeazimce
648 2500 753 2538 (Teat.
782 2499 852 2537 Or.)
889 2499 931 2528 acl
954 2499 1124 2528 Theatrum
1151 2499 1376 2536 Pompeianum
1401 2502 1460 2527 etc.
1487 2497 1523 2527 C.
1551 2497 1613 2527 Res
1638 2498 1760 2527 incerta
1792 2502 1851 2527 est.
1885 2497 1968 2527 conf.
1998 2497 2114 2528 Manso
2146 2502 2148 2530 ιζ

285 2558 419 2596 mythol.
447 2557 607 2586 Versuche
633 2566 662 2593 p.
692 2556 767 2591 225,
794 2556 847 2583 ubi
878 2556 915 2583 17
942 2556 1037 2583 aedes
1061 2559 1091 2583 et
1119 2555 1237 2583 sacella
1262 2555 1396 2583 Veneris
1422 2554 1565 2583 Romana
1597 2558 1709 2583 notata
1739 2558 1825 2583 sunt.
1876 2554 2034 2592 Equidem
2059 2555 2114 2584 de-
2146 2574 2148 2578 -

286 2613 382 2642 lenda
408 2616 484 2650 puto
510 2613 607 2640 uerba
633 2611 741 2640 theatri
764 2611 867 2648 Pomp.
895 2620 964 2639 cum
990 2611 1058 2653 Βφε
1086 2610 1172 2639 Haec
1197 2616 1303 2640 autem
1329 2611 1406 2639 adeo
1431 2611 1508 2640 111115
1535 2610 1608 2651 fuit,
1634 2614 1670 2639 ut
1697 2611 1728 2639 in
1754 2609 1858 2648 templo
1881 2610 1999 2639 ueneris
2023 2611 2115 2640 adul·
2146 2580 2148 2629 1

287 2670 402 2699 terium
422 2672 636 2706 perpetrasset..
662 2676 679 2707 γ
706 2668 834 2704 insuper
858 2667 935 2695 haec
961 2667 1022 2696 duo
1048 2667 1146 2696 habet
1172 2667 1291 2698 scholia
1321 2677 1383 2696 uon
1416 2668 1509 2697 modo
1541 2676 1602 2696 non
1635 2667 1842 2696 cohaerentia
1876 2668 1961 2695 inter
1993 2676 2026 2696 se
2058 2667 2115 2696 sed

286 2726 424 2754 maxime
450 2725 608 2753 disiuncta
633 2727 728 2761 atque
754 2724 926 2752 contraria:
959 2725 983 2752 1.
1008 2723 1087 2752 cacia
1113 2724 1264 2761 inpudica
1294 2725 1406 2753 mulier
1424 2733 1504 2762 quae
1529 2727 1652 2752 uestem
1680 2732 1782 2761 usque
1811 2724 1850 2751 ad
1870 2724 1950 2753 talos
1969 2723 2114 2753 dimitte·
2146 2734 2148 2742 ¹

287 2783 342 2811 bat
368 2785 482 2818 tegens
508 2781 614 2818 pedes.
641 2790 720 2818 quos
746 2781 860 2809 habuit
886 2780 1004 2809 foedos.
1032 2781 1061 2809 ⁴2.
1088 2780 1122 2809 m'
1144 2781 1234 2811 Catia.
1262 2782 1324 2810 nisi
1350 2781 1431 2810 forte
1449 2780 1487 2809 sit
1509 2779 1588 2809 cacia
1612 2779 1757 2818 quaedam
1780 2784 1918 2809 matrona
1943 2789 2023 2818 quae
2056 2789 2114 2809 nu·
2147 2769 2148 2811 1

288 2838 386 2866 (labat
411 2846 499 2865 crura
526 2845 605 2874 quae
631 2837 741 2874 pulcra
772 2837 921 2867 habebat.
990 2837 1043 2875 13)
1070 2837 1169 2866 schol.
1197 2847 1259 2866 om.
1287 2847 1312 2879 γ.
1342 2836 1366 2865 C
1399 2837 1496 2866 habet
1529 2836 1630 2866 schol.
1664 2836 1780 2874 Porph.
1848 2837 1902 2874 14)
1929 2837 2114 2874 compellere

289 2893 385 2923 mafh.
438 2894 492 2930 15)
518 2893 640 2922 Inter-(l.
673 2896 779 2921 autem
812 2893 903 2930 proh.
937 2902 996 2921 om.
1030 2902 1092 2921 mv.
1123 2892 1303 2922 Delendum
1329 2897 1378 2922 est
1409 2897 1514 2922 autem.
1582 2892 1636 2930 16)
1667 2890 1783 2921 Oustorl.
1815 2909 1847 2912 ->—
1879 2893 2019 2922 uestium
2052 2901 2112 2921 om.
2147 2885 2148 2907 1

289 2959 315 2989 γ.
348 2945 457 2990 αλληγ.
483 2967 524 2969 —-
550 2950 687 2978 uestium
715 2948 814 2988 (th)
845 2959 905 2979 om.
938 2948 1082 2990 ·(G,mva.
1109 2949 1215 2987 Alleg.
1242 2954 1322 2978 cust.
1362 2950 1427 2979 obs.
1461 2960 1488 2991 γ.
1520 2949 1588 2978 rell.
1622 2958 1682 2978 om.
1716 2948 1817 2986 AHeg.
1851 2952 1932 2977 cust.
1964 2952 2047 2986 septa
2078 2957 2114 2978 ac

291 3005 402 3034 munita
427 3004 460 3033 U.
527 3006 580 3044 18)
607 3005 649 3034 ad
671 3006 720 3035 lib.
755 3015 812 3035 om.
832 3015 858 3046 γ.
885 3006 1045 3035 Ardentem
1067 3004 1099 3033 in
1125 3005 1312 3042 libidinem,
1349 3005 1425 3044 quod
1448 3005 1645 3042 custodiastcm
1685 3013 1809 3042 semper
1835 3005 1919 3034 enim
1944 3004 1986 3034 ad
2008 3004 2041 3034 ἰῶ
2070 3004 2113 3042 pl.
2147 3034 2148 3050 ἶ

291 3060 324 3090 C.
358 3064 534 3091 amatorem
565 3070 591 3102 γ.
624 3062 692 3091 rell.
726 3072 786 3092 om.
836 3063 893 3101 2³0)
920 3063 1019 3092 schol.
1046 3071 1107 3092 om.
1136 3061 1322 3101 G(Q)‚mva.
1356 3062 1471 3092 lectica.
1497 3061 1680 3091 uehiculum
1706 3060 1741 3090 C.
1768 3079 1809 3081 ->-
1834 3061 1897 3090 siue
1923 3061 2012 3100 equis
2036 3070 2063 3103 γ.
2090 3064 2116 3089 et

293 3117 382 3155 equis
409 3116 456 3146 fh.
