2148 3412
187 137 268 177 280
822 145 926 176 ΑΘΒ.
953 144 1012 175 ET
1040 143 1205 176 PORPH.
1233 143 1381 175 cornu.

297 272 391 313 317.
423 270 528 312 Num
559 273 718 311 tandem.
749 294 800 298 ψ
833 268 919 324 suffi
951 283 990 310 se
1029 294 1066 297 —-
1107 282 1254 322 maqna
1283 268 1340 322 fu.
1404 265 1720 316 Adnotandum,
1752 269 1909 307 tandem
1940 279 2014 319 pro

186 354 262 386 tam
293 344 475 399 positum
506 343 531 383 i.
564 357 598 384 e.
633 351 713 383 tam
743 357 897 397 magma.

297 418 391 458 321.
423 416 538 458 Adde
561 424 746 473 poemata
777 430 896 465 mmo,
929 415 1001 456 lzoc
1034 423 1099 464 est,
1141 414 1270 456 oleum
1301 415 1403 455 adde
1435 418 1601 455 camino.
1678 410 1858 454 Sensus:
1891 410 2016 452 Adde

183 491 300 538 illud,
346 490 459 545 quod
490 497 615 545 poeta
644 504 688 531 es
726 489 751 530 i.
784 504 817 530 e.
856 494 1023 544 praeter
1066 487 1273 543 reliquum
1319 501 1505 529 errorem
1553 485 1832 543 [poetarum]:
1881 492 2016 541 poeta,

119 575 135 603 5
185 565 275 606 iure
306 563 479 614 insanis,
513 572 552 605 et
582 579 682 606 usus
714 562 883 619 uulgari
917 562 1016 619 [est]
1051 561 1292 617 prouerbio.

299 639 442 680 oleum.
500 637 551 678 In
582 636 837 678 incendium.

299 712 399 752 3:22.
429 727 553 753 sanus
583 712 688 766 facis
709 719 820 753 ectu.
880 708 977 751 Non
998 709 1106 759 dico,
1138 709 1286 764 inquit,
1325 711 1504 758 insanus,
1537 723 1621 750 non
1643 708 1738 749 dico
1765 707 2018 749 horrendam

188 784 362 835 rabiem,
396 796 440 826 ut
470 784 545 826 tibi
577 799 764 840 parcam,
797 798 881 825 non
912 783 1007 824 dico
1039 783 1248 839 poeticam
1279 781 1442 823 rabiem
1472 796 1574 823 esse.

299 859 393 900 326.
431 859 466 901 Ο
496 860 623 900 maior
654 859 813 900 tandem
839 872 1004 913 parcas.
1064 855 1350 898 Vehementer
1378 855 1535 897 furiose
1567 864 1606 896 te
1637 855 1721 897 tuis
1743 855 1856 897 uitiis
1878 856 2019 906 redde,

123 942 160 972 10
186 932 339 987 quibus
370 940 409 973 te
441 932 664 974 liberatum
695 931 824 979 dicis3
858 945 952 973 cum
984 930 1176 986 superior
1206 929 1378 972 insanus
1410 929 1478 980 sis,
1517 944 1645 984 parce
1675 929 1829 972 minori
1860 929 2018 971 insano.

870 1142 1150 1198 SATIRA
1192 1143 1259 1209 II,
1294 1146 1341 1197 4.

1003 1254 1189 1298 AGRON.

304 1365 414 1406 Unde
444 1373 480 1406 et
509 1379 586 1421 quo
623 1364 774 1405 Canus.
850 1360 998 1404 Catius
1029 1361 1268 1417 Epicureus
1299 1363 1388 1412 fuit,
1435 1362 1507 1418 qui
1538 1362 1707 1417 scripsit
1736 1370 1932 1417 quattuor
1961 1363 2022 1404 li-

185 1438 282 1480 bros
328 1438 379 1479 de
425 1453 564 1479 rerum
610 1444 760 1479 natura
804 1444 842 1477 ct
888 1436 939 1477 de
986 1451 1147 1478 summo
1195 1435 1316 1477 bono.
1393 1434 1483 1477 Sub
1521 1436 1643 1478 huius
1688 1436 1856 1479 nomine
1902 1444 2024 1492 poeta

184 1511 422 1568 Epicureos
453 1512 510 1553 ita
541 1512 703 1554 risurus
735 1518 809 1561 est,
841 1519 887 1552 ut
918 1510 961 1551 in
992 1510 1187 1566 proxima
1206 1508 1383 1551 Stoicos.
1430 1509 1635 1565 Epicurei
1667 1510 1779 1551 enim
1816 1525 2023 1552 summum

186 1585 342 1627 bonum
372 1586 635 1641 uoluptatem
666 1585 811 1626 dicunt
842 1599 981 1626 rerum
1013 1584 1296 1633 honestarum,
1330 1590 1475 1626 contra
1499 1582 1632 1627 Stoici
1654 1585 1914 1640 uoluptatem
1945 1600 2023 1641 gu-

119 1677 161 1710 20
188 1659 253 1701 lae
285 1667 323 1701 et
369 1659 560 1702 libidinis
591 1658 800 1701 luxuriam
832 1658 989 1700 dicunt.
1050 1656 1246 1699 Aliter:
1278 1657 1339 1699 M.
1374 1656 1544 1700 Catium
1576 1658 1803 1701 introducit
1834 1659 2023 1701 ordinem

186 1793 391 1827 conyreyatos
416 1788 502 1818 vassi.
524 1788 567 1818 C:
596 1789 753 1827 ‘cognatos
779 1788 914 1826 frati-cs:
943 1787 1027 1825 quod
1053 1786 1231 1816 notandum
1258 1791 1317 1823 est,
1344 1788 1435 1825 quasi
1463 1797 1570 1817 secum
1596 1792 1688 1818 natos
1716 1793 1747 1818 et
1769 1787 1884 1828 yenitos
1902 1786 2023 1823 eliserit,

186 1846 406 1884 appresserit.'
456 1845 526 1875 Non
552 1855 631 1883 opus
659 1849 708 1874 est
735 1848 861 1883 propter
888 1854 975 1882 seqq.
1002 1844 1205 1873 aecusatiuos
1234 1844 1355 1873 seibere
1381 1844 1411 1873 h.
1439 1844 1457 1873 l.
1485 1853 1540 1882 pro
1554 1844 1693 1883 fi'atres.
1731 1845 1881 1876 Alterum
1917 1843 1950 1873 id
1973 1847 2023 1881 est,

187 1904 272 1941 qnod
297 1914 380 1933 omn.
406 1904 481 1933 libri
507 1907 648 1938 tuentur,
676 1903 849 1932 delendum
876 1905 966 1940 puto.

302 1960 334 1998 1)
361 1960 444 1990 Num
471 1960 606 1989 tandum
632 1958 817 1996 MR2‚vafh.
844 1958 1052 1996 Amplificaui
1080 1956 1195 1986 lemma
1222 1956 1301 1986 Nam
1325 1957 1444 1987 tandem
1468 1958 1500 1987 in
1527 1958 1593 1996 afh,
1631 1958 1683 1987 uel
1709 1958 1788 1987 Num
1825 1957 1942 1987 tandem
1976 1967 2025 1987 su-

175 2016 262 2055 flans
287 2018 320 2047 in
347 2018 428 2053 rell„
454 2017 578 2046 addens
604 2026 713 2056 mayna
740 2019 870 2054 propter
896 2016 999 2053 ipsum
1025 2014 1180 2043 scholion.
1231 2014 1265 2052 3)
1291 2014 1500 2052 Amplificaui
1527 2015 1626 2044 etiam
1653 2015 1712 2044 hoe
1737 2015 1853 2044 lemma
1869 2014 1953 2044 Adde
1973 2023 2023 2053 po.

184 2084 272 2103 manc.
299 2073 357 2103 Hic
386 2083 470 2103 sens.
498 2078 547 2102 est.
573 2072 618 2102 fh.
646 2072 702 2101 Hic
727 2081 840 2101 sensus
867 2081 893 2100 a.
921 2071 989 2100 rell.
1016 2069 1145 2100 Sensus.
1174 2074 1337 2107 poetarum
1361 2070 1456 2106 ath.
1484 2075 1575 2110 poeta
1602 2073 1630 2101 2.
1658 2076 1778 2110 poetam
1801 2070 1939 2109 MRG‚v.
1990 2071 2024 2109 5)

187 2134 234 2161 est
260 2130 304 2160 fh.
332 2131 402 2161 rell.
431 2141 491 2160 om.
543 2130 577 2167 6)
604 2129 635 2159 in
661 2129 848 2159 incendium
874 2128 907 2157 Μ
934 2128 1037 2166 (neg-l.
1056 2125 1101 2164 Q)
1126 2126 1154 2156 R
1180 2131 1210 2156 et
1237 2132 1299 2157 uet.
1328 2128 1393 2157 cod.
1422 2127 1461 2157 Η.
1482 2128 1650 2166 Stephani.
1679 2129 1747 2158 rell.
1774 2138 1833 2158 om.
1859 2128 1899 2165 in,
1928 2129 2025 2158 itera-

185 2191 253 2216 tam
277 2196 387 2217 uocem
411 2187 443 2216 in
467 2186 582 2216 falsam
609 2186 803 2217 iudicantes,
831 2188 887 2214 aut
913 2185 1013 2214 etiam
1039 2184 1165 2214 seducti
1192 2184 1247 2213 illo
1275 2186 1443 2223 prouerbio
1469 2185 1611 2215 Graeco:
1649 2182 1746 2227 ἐλαίῳ
1771 2184 1832 2228 πῦρ
1859 2181 2025 2226 σβεννύεις.

187 2244 254 2274 Iam
279 2244 320 2273 H.
348 2243 532 2281 Stephanus
559 2244 592 2272 in
618 2243 776 2272 Emendd.
804 2242 919 2280 Porpb.
940 2251 968 2278 p.
994 2242 1053 2271 154
1081 2241 1263 2279 disputauit
1290 2246 1403 2271 eontra
1429 2243 1545 2272 ‘uirum
1570 2243 1717 2281 alioquin
1742 2242 1902 2272 eruditum
1931 2246 1962 2271 et
1987 2241 2025 2270 de

186 2301 317 2331 Horatio
342 2302 423 2331 bene
449 2302 610 2337 meritum,
637 2300 690 2338 qui
715 2300 855 2337 scripsit,
883 2298 1259 2338 Pseudoporphyrionem
1286 2308 1487 2337 corrumpere
1513 2299 1655 2329 hocloco
1673 2299 1841 2338 uulgatum
1860 2298 2026 2336 adagium,

187 2360 305 2394 dicens,
330 2358 424 2388 oleum
447 2358 479 2387 in
503 2357 680 2394 incendium,
707 2367 777 2386 cum
803 2356 976 2385 dicendum
1003 2359 1110 2385 esset:
1151 2356 1220 2386 oleo
1246 2355 1407 2394 ⁷·estinyuis
1433 2356 1625 2392 incendium,
1653 2352 1696 2386 ἐλ.
1723 2354 1786 2397 πῦρ
1811 2352 1858 2397 σβ.
1896 2355 1938 2384 At
1968 2364 2026 2393 ego

188 2420 300 2446 contra
326 2416 547 2455 Porphyrione
573 2415 718 2453 dignam,
756 2417 787 2443 ct
814 2413 1059 2443 conuenientem
1086 2412 1153 2442 loco
1180 2411 1229 2441 illi
1255 2413 1498 2442 annotationem
1524 2413 1604 2442 hanc
1630 2422 1699 2442 esse
1725 2413 1792 2442 aio:
1831 2421 1867 2441 ac
1893 2420 2025 2450 prouer-

187 2474 275 2503 bium
301 2474 339 2502 ab
366 2473 422 2502 illo
448 2472 607 2510 corrumpi
633 2480 726 2509 nego,
776 2470 857 2499 Nam
883 2470 937 2508 qui
965 2470 1070 2499 oleum
1095 2469 1231 2506 camino,
1259 2478 1322 2498 non
1349 2472 1455 2498 autem
1480 2478 1595 2508 aquam
1621 2469 1725 2506 addit,
1756 2478 1810 2498 cur
1836 2469 1868 2498 id
1887 2469 1950 2498 nisi
1978 2469 2025 2497 in-

188 2530 293 2560 cendii
321 2530 489 2560 excitandi
515 2538 611 2558 causa
637 2524 738 2557 facit?
764 2527 870 2565 Atque
896 2527 935 2555 ad
961 2525 1166 2564 prouerbium
1194 2525 1279 2563 quod
1304 2526 1437 2563 attinet,
1473 2526 1499 2555 is
1526 2527 1578 2564 qui
1606 2526 1703 2555 dicit:
1744 2524 1824 2556 Oleo
1849 2525 2025 2563 restinguis

188 2587 383 2623 incendium,
409 2586 541 2624 perinde
568 2589 628 2621 est,
655 2593 691 2613 ac
716 2584 742 2613 si
767 2584 904 2612 diceret:
932 2582 1074 2612 Tantum
1091 2583 1181 2611 abest
1209 2585 1244 2611 ut
1270 2581 1440 2612 incendium
1463 2582 1642 2622 restinguas,
1667 2587 1701 2612 ut
1719 2581 1818 2621 pocius
1844 2581 1875 2610 ι’(Ζ
1898 2591 2023 2621 auqeas:

189 2644 257 2673 siue
282 2648 318 2672 ut
350 2643 534 2673 incendium
567 2640 717 2671 incendio
751 2640 875 2669 addas.'
926 2637 1018 2669 Conf.
1046 2639 1175 2668 Erasini
1202 2638 1331 2677 Auagia
1356 2639 1428 2669 Bas.
1460 2639 1542 2670 1559
1569 2639 1624 2670 fol.
1652 2649 1681 2678 p.
1709 2639 1748 2668 62
1777 2642 1808 2668 et
1834 2638 1966 2669 Lucian.
1994 2638 2025 2667 in

188 2699 330 2731 Timone.
357 2700 393 2729 T.
419 2700 443 2736 Ι,
470 2709 499 2737 p.
530 2700 590 2728 139
617 2698 796 2728 Amstelod.
863 2697 897 2736 9)
923 2696 1028 2726 reddis
1053 2695 1116 2726 afh.
1146 2696 1214 2725 rell.
1242 2696 1343 2725 redde.
1411 2696 1466 2734 10)
1493 2697 1626 2726 insanus
1651 2705 1733 2725 omn.
1760 2696 1847 2725 libri.
1876 2705 1936 2725 om.
1964 2694 2002 2730 Q.

301 2756 460 2787 ACRON.
508 2756 742 2794 Inscriptiones
768 2754 865 2785 huius
892 2758 952 2783 sat.
979 2754 1127 2783 rariores.
1164 2753 1208 2784 M.
1235 2747 1367 2783 OACIV
1392 2741 1528 2783 1NDV6
1552 2746 1798 2783 LVXVRIOSV
1822 2744 2026 2781 CAENARV*

189 2805 356 2843 FCEPTA
381 2812 656 2843 TRADENTEM
680 2810 772 2841 Baro.
799 2814 832 2841 et
856 2810 929 2840 Par.
956 2809 998 2840 H.
1027 2808 1176 2839 Manlium
1199 2808 1321 2839 Catium
1348 2810 1413 2839 ind.
1441 2810 1509 2840 lux.
1536 2819 1605 2840 cen.
1632 2818 1737 2848 praec.
1764 2808 1848 2839 trad.
1874 2808 1910 2837 P.
1936 2805 2026 2836 Modo

190 2870 304 2900 catium
330 2871 394 2900 ind.
421 2872 489 2900 lux.
516 2879 603 2899 caen.
631 2878 734 2908 praec.
762 2868 845 2897 trad.
866 2868 890 2896 B
911 2868 945 2897 in
964 2876 1064 2905 marg.
1083 2876 1100 2896 a
1116 2876 1211 2896 manu
1231 2867 1435 2905 glossatoris.
1462 2866 1493 2895 I:
1521 2866 1638 2896 Narrat
1657 2866 1791 2905 physica
1809 2865 2023 2902 epicureorum

191 2927 440 2957 decoctioribus.
468 2927 583 2965 egloga
607 2926 675 2956 XV.

307 2984 362 3022 16)
393 2983 493 3013 Catius
518 3001 560 3004 -2
586 2982 657 3012 bono
682 2983 836 3021 leguntur
863 2982 962 3010 etiam
988 2981 1020 3010 in
1046 2980 1164 3018 Porph.
1192 2998 1233 3001 -—
1259 2981 1312 3019 qui
1339 2991 1398 3011 om.
1424 2990 1449 3022 γ.
1510 2980 1563 3019 19)
1590 2979 1652 3009 uol.
1679 2979 1793 3009 dicunt
1818 2988 1842 3020 γ.
1872 2978 1938 3009 rell.
1964 2977 2023 3007 dic.

191 3040 314 3078 uolupt.
366 3041 422 3078 20)
450 3040 554 3070 Verba
580 3039 732 3069 luxuriam
757 3038 860 3068 dicunt
874 3037 1002 3066 Editori
1022 3037 1180 3074 pragensi
1199 3038 1346 3067 eiciendo
1364 3037 1524 3066 uidentur.
1550 3036 1695 3066 Minime.
1721 3035 1777 3065 Vir
1795 3035 1906 3064 doctus
1925 3041 2025 3071 neque

190 3106 257 3127 rem
284 3105 385 3134 neque
411 3098 509 3125 uerba
534 3096 717 3133 intellexit;
746 3105 818 3125 nam
835 3094 1016 3124 Stoicorum
1042 3103 1201 3123 summum
1227 3095 1342 3123 bonum
1371 3104 1433 3123 non
1460 3098 1509 3123 cst
1534 3094 1678 3130 uoluptas
1705 3093 1798 3130 gulae
1817 3095 1849 3121 et
1866 3090 2025 3125 libidinis,

192 3153 247 3183 scd
284 3152 365 3182 lianc
401 3153 597 3191 uoluptatem
634 3153 747 3182 dieunt
782 3151 943 3181 luzici-iam.
994 3149 1078 3185 Quid
1117 3155 1165 3180 est
1202 3148 1400 3188 simpliciu-‘ff
1465 3148 1586 3179 rAlius
1613 3158 1699 3178 error
1726 3152 1772 3178 est
1800 3148 1832 3177 in
1861 3146 1895 3177 C.
1934 3154 2024 3185 quem
