2148 3412
868 127 916 159 IN
944 127 1079 160 SERM.
1106 127 1150 165 Π,
1177 133 1206 159 4.
1471 108 1475 109 ⁷
1878 116 1956 156 291

236 253 302 295 81.
333 253 502 308 mappis.
563 249 737 293 Scilicet
766 251 974 293 lauandis.

235 328 300 369 83.
333 326 528 368 lutulenta
548 325 639 367 rad.
655 325 803 381 palma.
862 324 1007 381 Magis
1038 325 1411 380 reprehendendus
1432 339 1489 376 es,
1522 325 1557 367 si
1587 325 1719 367 torale
1749 324 1959 366 habueris

124 400 338 445 sordidum
367 405 408 441 et
436 413 521 440 non
551 398 658 439 bene
689 398 900 440 detersum
932 398 1235 454 pauimentum,
1274 413 1400 453 quam
1432 399 1467 441 si
1489 399 1698 440 defuerint
1719 397 1798 440 tibi
1819 398 1959 453 pisces

124 481 163 517 et
192 473 292 516 uina
322 471 492 527 optima.

234 547 300 589 83.
324 546 480 602 palma.
521 544 606 586 Pro
628 546 755 602 scopis
786 544 938 599 posuit,
980 544 1120 600 scopis
1150 544 1380 596 lutulentis,
1417 545 1486 587 uel
1527 545 1727 587 dolabris.
1797 547 1955 602 Tyrias.

122 620 325 664 Pretiosa.

235 695 300 735 84.
359 693 503 734 inluta.
565 690 750 734 Sordida
792 690 1094 748 [uestimenta]
1156 693 1317 734 toralia.
1376 691 1576 748 Mappas,
1622 692 1722 747 quia
1766 693 1811 734 in
1855 692 1956 734 toris

122 769 304 811 iacentes
333 765 623 822 epulabantur.

233 842 299 883 85.
331 848 479 896 quanto
502 854 563 881 cu.
581 848 724 896 sumpt.
768 837 973 896 [Quanto,
996 838 1144 893 inquit,
1168 838 1330 881 minore
1351 838 1495 881 labore
1516 839 1620 881 haec
1641 839 1954 896 adquiruntur‚]

122 914 259 957 Tanto
296 913 443 956 iustius
482 912 819 968 reprehenderis,
865 913 900 954 si
930 927 1015 954 non
1044 912 1243 954 habueris
1274 927 1452 968 mappas
1496 913 1676 955 mundas
1720 921 1760 954 et
1806 929 1956 969 scopas

122 988 312 1038 mundas,
357 1001 484 1042 quam
517 986 551 1028 si
582 1001 665 1028 non
697 985 894 1028 habueris
926 985 1107 1042 optimos
1146 986 1296 1042 pisces,
1344 1001 1448 1041 quos
1492 1001 1576 1027 non
1623 986 1757 1028 solent
1801 987 1958 1030 habere

124 1061 204 1105 nisi
235 1061 412 1103 diuitum
448 1074 630 1101 mensae.

235 1135 300 1177 86.
335 1135 446 1176 Haec
477 1134 660 1175 habeant.
722 1132 886 1175 Munda
917 1133 1067 1175 toralia
1098 1142 1138 1174 et
1167 1133 1349 1175 mundae
1381 1147 1563 1176 mensae.

233 1210 388 1250 iustius.
447 1206 533 1248 Pro
565 1209 677 1249 iuste.

233 1283 298 1324 87.
330 1281 532 1323 diuitibus.
563 1279 779 1322 Pretiosis.

232 1356 297 1398 88.
330 1355 455 1397 Docte
491 1354 587 1396 Cati.
646 1354 815 1396 Iocatur
845 1360 981 1409 poeta.
1041 1353 1114 1394 Ad
1144 1352 1407 1409 Epicureum
1429 1354 1561 1405 illum,
1595 1354 1667 1409 qui
1688 1355 1793 1397 haec
1814 1354 1956 1397 omnia

122 1429 410 1474 conuiuiorum
442 1435 669 1484 praecepta
701 1427 892 1483 digessit.

232 1505 299 1546 89.
334 1503 491 1545 Ducere
520 1517 592 1544 me.
652 1500 881 1543 Memento.
914 1500 1115 1558 Zeugma.
1178 1502 1376 1544 audiam.
1437 1501 1508 1543 Ad
1541 1501 1810 1544 audiendum.

233 1578 299 1619 90.
330 1577 507 1618 memori.
536 1575 808 1617 Memorioso.

233 1651 297 1693 91.
328 1652 539 1707 interpres.
599 1648 666 1690 Tu
698 1648 869 1690 scilicet.

233 1727 298 1766 92.
337 1724 496 1767 Vultum
526 1723 794 1780 habitumque.
854 1721 1247 1764 Pronuntiationem
1279 1730 1319 1763 et
1350 1728 1527 1777 gestum.

232 1799 393 1841 uidisse.
454 1796 568 1850 Quia
598 1796 756 1839 uidisti.

234 1873 298 1913 93.
330 1872 422 1915 Non
442 1873 581 1927 mayoli
603 1871 756 1927 pendis.
817 1869 903 1911 Pro
933 1884 1078 1925 magno
1110 1870 1234 1911 ducis.
1265 1871 1356 1925 quia
1377 1871 1541 1924 coritiyz't
1570 1868 1661 1919 tibi,
1690 1868 1836 1910 uidere
1866 1884 1956 1910 ma—

122 1945 298 2002 gistrum
320 1951 610 2001 exponentem.
662 1943 968 1986 Desideramus
990 1943 1115 1994 enim,
1148 1957 1256 1998 quae
1279 1943 1502 1994 nescimus,
1535 1942 1704 1997 efflans-t)
1736 1950 1834 1985 nota
1857 1957 1956 1984 con-

122 2019 387 2074 tempnimus.

233 2094 299 2134 94.
329 2094 472 2148 sontes.
504 2090 762 2148 Sapientiae.
823 2092 945 2133 adire.
997 2089 1171 2132 Scilicet
1201 2090 1372 2146 possim.
1433 2098 1618 2132 remotos.
1653 2089 1799 2145 Ipsum
1830 2103 1954 2145 prae-

123 2173 332 2222 ceptorem
363 2166 483 2207 dixit.

234 2241 298 2282 95.
330 2242 450 2283 uitae.
481 2239 684 2282 Ironicos.

236 2346 269 2385 1)
295 2356 319 2376 s.
346 2345 497 2376 lauandis
522 2355 548 2387 γ.
574 2345 645 2375 rell.
671 2354 733 2375 om.
784 2344 818 2383 2)
847 2344 1008 2375 lutulenta
1026 2362 1059 2365 —-
1081 2344 1202 2382 optima
1226 2352 1251 2385 γ.
1279 2342 1350 2372 rell.
1378 2351 1439 2372 oni.
1506 2342 1540 2381 5)
1559 2340 1667 2380 palma
1693 2359 1724 2361 ω
1760 2341 1903 2371 dolabris
1931 2351 1955 2382 γ.

123 2402 190 2432 rell.
215 2411 274 2432 om.
300 2421 342 2423 —
368 2403 443 2442 Tyr.
471 2402 618 2433 Pretiosa
642 2412 668 2445 γ.
695 2402 764 2432 rell.
792 2412 852 2432 orn.
919 2402 953 2441 7)
980 2401 1086 2431 inluta
1110 2410 1126 2442 γ
1151 2400 1262 2430 Ambr.
1290 2400 1385 2429 Bern.
1413 2398 1448 2429 O.
1478 2394 1579 2431 inlicita
1605 2398 1638 2438 (o
1663 2407 1732 2436 sup.
1760 2398 1819 2437 u.).
1859 2398 1956 2427 inlota

123 2457 203 2502 ΕΒφ
238 2459 334 2489 Bern.
371 2460 436 2489 AF.
476 2460 569 2489 Bai-c.
608 2463 668 2489 etc.
708 2460 775 2488 rell.
808 2458 905 2488 illota.
931 2459 1130 2488 uestimenta
1156 2467 1217 2487 om.
1243 2467 1270 2499 γ.
1298 2457 1415 2487 toralia
1440 2473 1479 2477 ——
1508 2455 1723 2494 epulabantur
1748 2464 1773 2496 γ.
1800 2454 1869 2484 rell.
1896 2465 1955 2485 0111.

125 2515 158 2555 9)
183 2515 310 2551 Quanto
335 2533 378 2537 —
403 2517 620 2555 adquiruntur
647 2526 708 2546 om.
735 2526 760 2558 γ.
813 2516 867 2554 13)
894 2515 984 2544 Haec
1009 2533 1051 2535 --‡-
1077 2523 1207 2544 mensae
1232 2513 1298 2555 ·s‚C.
1326 2514 1394 2544 rell.
1422 2523 1482 2543 om.
1534 2513 1590 2551 14)
1615 2512 1675 2541 Pro
1704 2512 1807 2541 iustae
1830 2521 1857 2553 γ.
1884 2512 1954 2540 rell.

124 2581 182 2603 om.
232 2573 286 2612 15)
312 2573 472 2604 Pretiosis
496 2583 523 2615 γ.
551 2573 620 2602 rell.
648 2582 707 2602 om.
775 2573 829 2612 16)
856 2572 983 2602 Iocatur
1009 2575 1104 2610 poeta
1129 2581 1189 2601 om.
1217 2569 1407 2610 G(Q),mva.
1436 2569 1479 2599 C:
1515 2570 1648 2599 ‘iocatur
1681 2567 1780 2598 Poeta
1816 2569 1847 2598 in
1887 2578 1956 2598 eum

123 2628 329 2668 Epicureum3
367 2631 421 2669 qui
448 2631 529 2660 haec
555 2631 661 2660 omnia
686 2630 908 2660 conuiuiolum
934 2633 1105 2667 praecepta
1133 2629 1328 2667 digesserat,
1355 2627 1395 2657 ad
1421 2636 1513 2666 quem
1539 2635 1572 2655 se
1597 2635 1615 2655 a
1640 2624 1732 2655 Catio
1758 2625 1874 2655 deduci
1901 2625 1955 2654 tia—

123 2686 227 2724 gitat.'
276 2686 329 2716 Ad
354 2704 395 2708 —
421 2686 562 2725 digessit
586 2696 612 2729 ·(.
666 2686 720 2725 18)
747 2686 868 2715 Ducere
891 2695 944 2715 me.
971 2685 1066 2716 Mem.
1094 2693 1229 2724 zeugma
1254 2694 1280 2727 γ.
1307 2685 1374 2716 rell.
1401 2694 1462 2714 om.
1496 2683 1615 2720 ducere,
1643 2682 1799 2712 deducere
1825 2680 1859 2711 C.
1885 2681 1954 2710 aad.

125 2742 176 2773 Ad
201 2744 274 2774 aud.
297 2743 365 2787 ·(,C.
383 2745 452 2774 rell.
479 2753 538 2774 om.
592 2744 648 2783 19)
674 2743 868 2773 Memoriosa
893 2752 919 2785 γ.
946 2743 1015 2773 rell.
1042 2753 1102 2773 om.
1129 2743 1182 2772 adi
1208 2742 1340 2772 Festum
1366 2751 1390 2771 s.
1409 2751 1438 2771 u.
1488 2741 1546 2780 20)
1573 2739 1621 2770 Tu
1647 2739 1771 2769 scilicet
1796 2737 1860 2780 ·[‚C.
1886 2739 1955 2767 rell.

124 2808 185 2830 om.
235 2800 293 2840 22)
320 2800 403 2836 Quia
428 2801 543 2831 uidisti
567 2810 594 2843 γ.
621 2800 691 2830 rell.
717 2809 777 2830 om.
829 2799 886 2838 23)
915 2800 1070 2838 contigit:
1097 2799 1173 2830 Tibi
1190 2800 1302 2830 uidere
1318 2799 1519 2837 magistrum.
1540 2796 1566 2832 Q
1587 2795 1675 2835 (sic).
1704 2796 1803 2826 schol.
1831 2804 1892 2824 om.
1911 2795 1955 2824 fh.

125 2872 165 2878 —
184 2862 400 2896 exponentem
424 2868 450 2900 γ.
480 2857 522 2888 C:
550 2858 625 2897 quia
650 2866 835 2888 eoncessum
862 2858 923 2887 tibi
949 2856 1049 2887 fuerit
1075 2867 1145 2887 cum
1170 2857 1284 2887 uidere
1303 2860 1334 2886 et
1351 2855 1461 2884 audire
1479 2853 1637 2883 docentem.
1662 2853 1896 2883 Desideramus
1926 2871 1949 2872 π

125 2915 355 2945 contemnimus
380 2924 407 2958 γ.
433 2915 503 2945 rell.
529 2925 588 2946 om.
654 2915 712 2954 26)
738 2914 928 2952 Sapientiae
952 2924 979 2956 γ.
1005 2915 1074 2944 rell.
1102 2924 1162 2944 om.
1203 2914 1312 2944 audire
1337 2922 1362 2954 γ.
1390 2921 1415 2941 s.
1441 2911 1561 2949 possim
1586 2919 1612 2951 γ,
1643 2909 1712 2939 rell.
1746 2919 1807 2941 om.
1848 2909 1955 2947 Ipsum

127 2975 282 3009 praecept.
309 2971 396 3001 dixit
421 2981 437 3013 γ
463 2975 494 3002 et
519 2971 555 3010 C,
587 2972 642 3011 qui
669 2981 728 3002 om.
757 2971 854 3001 dixit.
911 2971 968 3010 28)
995 2970 1140 3001 Ironicos
1165 2980 1192 3013 γ.
1218 2968 1390 3013 εἰρωνικῶς
1415 2967 1449 2997 C.
1477 2967 1546 2996 rell.
1574 2975 1634 2996 om.
1684 2966 1719 3005 ἢ
1745 2967 1843 2996 etiam
1868 2975 1955 3004 nune,

128 3035 175 3057 no.
201 3026 237 3058 C.
263 3028 438 3061 Hermann.

1633 3203 1681 3225 lu‘

1984 924 2025 956 10

1985 1292 2024 1323 15
