2148 3412
793 155 842 186 IN
867 155 1001 188 sERM.
1027 155 1052 193 1,
1079 157 1108 186 2.
1810 145 1862 185 39

156 277 301 327 Gallis,
325 278 429 319 hanc
451 278 707 320 Philodemus
729 279 797 319 ait.
839 276 990 328 Gallis,
1023 277 1122 332 quia
1143 283 1214 318 aut.
1234 278 1453 332 proniores
1474 285 1569 319 sunt
1589 278 1632 319 in
1653 292 1863 328 uenerem,

43 358 114 393 aut
134 350 307 391 multum
330 350 498 392 donant.
561 349 702 407 [Ordo
725 357 802 392 est:
826 350 948 391 lllam
971 359 1064 405 post
1084 351 1232 405 paulos
1255 366 1360 405 quae
1382 351 1504 392 dicit:
1527 352 1637 401 ueni,
1665 351 1699 393 si
1720 352 1867 393 exierit

42 424 119 473 uir,
144 423 417 465 Philodemus
438 424 555 474 dixit,
589 423 725 465 Gallis
747 423 969 479 relinquo]
1033 425 1287 465 Philodemus
1318 432 1456 465 autem
1477 424 1648 479 quidam
1679 425 1865 478 philoso-

41 497 147 552 phus
176 497 253 537 fuit
273 498 472 552 physicus
493 495 764 553 (C)*nicus?),
802 497 872 551 qui
896 495 1044 538 Gallos
1074 497 1248 537 multum
1280 497 1437 538 donare
1469 497 1715 539 mulieribus
1746 498 1864 548 dixit,

42 577 111 611 aut
131 570 250 624 quasi
281 570 445 620 diuites,
481 578 550 611 aut
573 571 691 625 quasi
712 571 755 610 in
776 570 995 611 libidinem
1018 570 1248 625 proniores.
1310 572 1393 612 Alii
1419 571 1575 621 dicunt,
1606 571 1865 627 Epicureum

41 643 177 692 fuisse,
210 643 279 697 qui
312 658 405 684 cum
435 644 564 684 multa
596 644 647 684 de
679 644 825 684 eadem
857 651 968 684 secta
1000 643 1248 698 scripsisset,
1282 644 1426 686 dicens
1457 645 1508 685 de
1539 645 1714 686 muliere
1745 645 1867 686 diffi—

42 715 111 757 cili
141 715 217 756 ait:
262 714 399 758 Gallis
430 717 533 758 haec
564 717 703 757 danda
735 724 793 758 est
825 716 1028 757 ministris
1058 716 1203 757 matris
1236 716 1375 757 Deum
1409 717 1750 774 [sacerdotibus],
1797 719 1868 773 qui

43 789 317 830 concumbere
347 805 430 831 non
462 796 646 844 possunt.
706 789 824 830 Dicit
854 789 1078 830 Horatius:
1117 789 1348 841 Quantum,
1394 790 1542 844 inquit,
1589 792 1641 831 ad
1673 806 1739 832 me
1769 806 1867 846 per-

41 861 155 912 tinet,
187 862 325 916 potius
356 862 585 916 amplector
614 863 877 904 meretricem
908 876 986 903 nec
1017 862 1142 904 nimis
1173 872 1411 918 promptam
1443 878 1520 904 nec
1549 864 1675 905 nimis
1705 865 1867 914 duram,

41 935 114 976 sed
142 934 336 989 inprimis
366 936 605 991 perduram,
642 944 733 990 post
764 950 864 977 uero
895 935 1073 976 facilem.
1135 934 1256 987 Quae
1287 936 1412 976 etiam
1443 936 1577 991 pluris
1621 937 1746 991 pretii
1777 938 1868 987 erit,

42 1008 84 1049 id
105 1015 177 1055 est,
208 1008 421 1063 acceptior
442 1008 566 1049 alicui
588 1008 679 1049 uiro
703 1007 939 1058 Gallorum,
964 1008 1035 1062 qui
1056 1008 1261 1049 adulteria
1283 1024 1438 1064 magno
1460 1010 1594 1063 pretio
1616 1017 1868 1060 mercantur,

42 1081 109 1122 uel
139 1080 237 1135 quia
266 1081 442 1122 nimium
474 1081 689 1123 abundant
720 1082 892 1131 diuitiis,
934 1081 1022 1122 siue
1053 1082 1152 1136 quia
1182 1082 1430 1124 incensioris
1461 1090 1554 1124 sunt
1587 1083 1788 1133 libidinis,
1826 1091 1867 1124 ut

42 1154 94 1196 sit
123 1154 225 1195 ordo
255 1154 481 1196 uerborum
512 1155 627 1196 talis:
659 1169 739 1211 ego
769 1169 951 1209 namque
982 1170 1076 1196 amo
1106 1169 1303 1195 uenerem
1334 1155 1584 1210 facilemque
1614 1157 1727 1197 ‘illam
1742 1156 1869 1212 paulo

35 1236 127 1285 post
147 1228 216 1269 sed
239 1229 376 1284 pluris
406 1227 450 1268 id
481 1236 555 1278 est,
587 1229 867 1283 acceptiorem
898 1227 972 1277 illi,
1018 1228 1053 1269 si
1084 1228 1271 1283 exigeret
1302 1229 1369 1269 uir
1401 1227 1565 1271 Gallus.
1618 1233 1731 1271 Hane
1763 1231 1869 1271 Plu·-

44 1302 219 1343 lodemus
249 1302 305 1342 ait
333 1302 409 1343 sihi
435 1301 615 1356 placere.

156 1376 247 1415 122.
280 1375 372 1416 Stet.
432 1373 522 1416 Aut
551 1389 629 1429 pro
660 1381 829 1423 constet,
862 1382 932 1416 aut
962 1381 1040 1416 stet
1070 1375 1113 1415 in
1144 1374 1353 1429 lupanari.

154 1457 340 1503 rectaque
371 1449 431 1490 sil.
490 1447 586 1489 Non
617 1447 854 1503 gibberosa.

157 1523 249 1562 123.
283 1523 376 1562 124.
408 1521 593 1563 candida.
646 1520 748 1562 Sine
768 1521 870 1562 uitio
893 1521 1093 1576 corporis.
1143 1520 1265 1561 Haec
1287 1521 1492 1562 sententia
1508 1520 1679 1562 Horatii
1701 1530 1783 1563 est:
1806 1522 1870 1563 Ne

44 1594 327 1649 deprehensus
357 1602 426 1635 aut
459 1594 637 1649 pecunia
668 1609 710 1635 sc
742 1594 933 1643 redimat,
979 1600 1049 1634 aut
1079 1592 1132 1634 ab
1165 1593 1356 1634 adultero
1387 1594 1441 1634 ad
1479 1594 1739 1635 reddendam
1771 1610 1871 1637 con-

43 1668 257 1709 tumeliam
288 1675 592 1723 constupretur,
625 1676 695 1709 aut
725 1674 835 1709 certe
867 1666 1112 1708 manifestus
1143 1666 1339 1707 adulterii
1360 1680 1455 1708 reus
1477 1681 1570 1708 cum
1593 1667 1647 1708 ad
1668 1668 1872 1710 iudicium
1898 1682 1904 1690 ·

43 1741 271 1797 productus
301 1741 366 1792 sit,
400 1742 730 1797 condempnatus
760 1741 831 1782 fiat
861 1740 1042 1782 infamis.

156 1815 359 1856 kactenus.
419 1815 470 1856 In
501 1822 674 1856 tantum.

158 1888 238 1930 Nec
267 1890 394 1942 mayis
424 1890 516 1930 alba
546 1890 655 1930 uenit
684 1903 717 1943 q.
751 1889 788 1929 cl.
810 1903 849 1929 η.
870 1902 910 1928 u.
970 1887 1029 1929 Ut
1061 1886 1163 1928 nolit
1195 1900 1238 1928 se
1269 1886 1542 1929 inlecebrosis
1571 1887 1678 1929 fucis
1708 1902 1870 1929 ornare.

46 1962 148 2004 Alba
177 1963 287 2003 uelit.
319 1961 478 2003 scilicet
510 1976 611 2003 esse.

158 2036 250 2077 125.
284 2036 439 2077 dextro.
498 2034 645 2076 Lateri
674 2049 767 2076 meo
799 2040 837 2076 et
868 2048 961 2075 meo
993 2033 1172 2088 corpori.

160 2109 252 2150 126.
284 2109 363 2149 Ilia
386 2117 421 2150 et
451 2109 601 2163 qurz‘a
632 2117 699 2150 est.
758 2107 885 2149 Istius
915 2106 1030 2148 modi
1074 2105 1225 2147 mulier
1269 2121 1364 2147 cum
1409 2120 1573 2148 mecum
1620 2108 1774 2158 inierit,
1820 2109 1873 2150 do

164 2247 197 2285 1)
223 2246 297 2285 quz'a
320 2256 348 2289 γ.
376 2247 445 2276 rell.
471 2246 521 2285 qui
544 2247 746 2284 promptiores
773 2246 897 2281 Ganva.
924 2246 994 2274 rell.
1022 2245 1194 2283 proniores.
1227 2250 1396 2284 utrumque
1428 2249 1513 2275 recte
1545 2246 1675 2275 dicitur.
1711 2246 1791 2275 illud
1824 2248 1875 2275 uel

49 2303 231 2342 proferrem,
269 2305 295 2333 si
322 2313 377 2341 per
400 2308 465 2332 uet.
492 2304 633 2333 codicem
658 2304 779 2333 liceret.
821 2302 902 2332 Ordo
928 2320 969 2322 Ἀ
994 2302 1131 2340 relinquo
1156 2311 1216 2331 om.
1242 2301 1273 2330 11.
1301 2302 1320 2330 1.
1346 2310 1458 2343 ·(‚mva.
1524 2302 1559 2340 3)
1584 2312 1617 2343 γε
1654 2302 1750 2331 Gallis
1775 2303 1793 2330 i.
1820 2303 1876 2340 qui

49 2361 152 2390 solent
175 2370 293 2398 magno
318 2361 420 2398 pretio
445 2369 547 2389 emere
561 2359 686 2399 flaqitz'a
709 2369 735 2400 γ.
762 2359 813 2388 ait.
841 2360 996 2397 relinquo.
1023 2358 1094 2388 uolo
1121 2358 1210 2386 illam
1236 2362 1362 2395 gratam
1388 2367 1414 2398 γ.
1479 2359 1514 2396 4)
1541 2358 1681 2395 phisicus
1705 2368 1732 2399 γ.
1753 2359 1877 2396 pc'sicus

48 2426 80 2447 v.
106 2417 176 2447 rell.
203 2417 369 2456 physicus.
396 2417 466 2460 Bcp:
504 2417 725 2446 Philodamus.
750 2415 960 2444 Philodamus
987 2415 1153 2452 epicureus
1179 2415 1299 2443 cinicus
1335 2415 1386 2443 uel
1419 2415 1512 2443 cincti
1550 2412 1756 2453 (cinaedus‘e)
1790 2424 1876 2444 more

51 2473 139 2503 canis
164 2474 280 2503 uiuens
306 2474 387 2502 sicut
413 2473 563 2511 epicurei.
596 2473 644 2501 D:
671 2472 880 2502 Philodemus
913 2472 1059 2508 epicurus
1093 2471 1214 2499 cinicus
1246 2480 1333 2500 more
1365 2471 1452 2500 canis
1484 2472 1597 2500 uiuens
1628 2471 1711 2500 sicut
1744 2471 1875 2508 epicuri.

52 2528 167 2560 Glossa
193 2530 225 2559 111
249 2539 282 2571 γε
309 2530 526 2560 Philodemus.
554 2530 700 2567 epicurus
725 2529 797 2558 fuit.
860 2529 893 2567 5)
921 2527 1119 2565 promptiores
1144 2536 1174 2555 v.
1201 2527 1379 2563 proptiores
1405 2537 1433 2556 a.
1495 2528 1529 2566 6)
1555 2528 1594 2556 dc
1618 2526 1720 2555 eadem
1745 2528 1877 2556 muliere

52 2595 135 2617 mva.
161 2587 228 2616 rell.
256 2596 315 2616 om.
367 2586 400 2625 7)
427 2587 586 2615 ministris
611 2595 637 2628 γ.
664 2586 734 2615 rell.
761 2595 820 2614 om.
848 2584 1071 2613 sacerdotibus
1097 2581 1300 2621 man(G'?).
1331 2593 1390 2612 om.
1415 2583 1490 2624 “lvffi
1516 2584 1606 2612 Dicit
1632 2582 1788 2612 Horatius
1812 2583 1875 2626 Βφ.

53 2642 203 2674 Scholion
232 2643 380 2677 Quantum
419 2661 461 2663 ῌ
497 2647 566 2672 sunt
588 2642 719 2672 libidinis
744 2642 822 2680 petii
850 2651 891 2671 ex
915 2641 996 2683 γΒφ.
1065 2640 1119 2678 10)
1146 2640 1201 2669 sed
1226 2638 1365 2677 inprimis
1382 2639 1472 2677 perd.
1490 2648 1518 2679 γ.
1554 2639 1608 2667 sed
1619 2638 1878 2677 pm'mumparum

53 2700 142 2738 perd.
174 2699 237 2742 Βφ.
269 2699 407 2737 ‘inprimis
439 2700 467 2727 h.
502 2699 522 2727 1.
555 2699 711 2735 intellege
737 2698 879 2736 prz'mmn,
910 2701 947 2726 ut
981 2696 1047 2726 Cic.
1082 2697 1182 2726 Attio.
1215 2696 1254 2731 V,
1284 2697 1310 2724 1.
1345 2695 1408 2724 Sal.
1441 2695 1510 2731 Ing.
1538 2695 1591 2723 26.
1658 2694 1712 2732 12)
1739 2695 1876 2724 habund.

53 2756 133 2799 γΒφ.
158 2757 348 2785 incensioris
374 2756 428 2784 lib.
454 2759 527 2784 sunt
552 2755 612 2797 Βφ.
679 2755 733 2792 15)
759 2754 801 2783 scic
824 2753 892 2783 sibi.
920 2754 1045 2791 placere
1071 2752 1127 2794 3'C.
1183 2752 1237 2791 16)
1263 2761 1317 2788 pro
1344 2754 1468 2780 constet
1494 2749 1576 2792 γΒφ.
1604 2748 1646 2778 C:
1673 2755 1727 2779 aut
1755 2755 1819 2780 stet
1844 2752 1877 2780 111

54 2812 199 2850 lupanari
223 2821 251 2854 γ.
304 2813 358 2851 17)
385 2813 455 2842 Non
481 2811 645 2850 gibber-osa
668 2821 695 2852 γ.
722 2821 785 2840 non
810 2809 939 2848 gibhosa
965 2809 999 2838 C.
1026 2810 1095 2838 rell.
1122 2819 1182 2838 om.
1210 2808 1326 2837 Gibbzcs
1353 2812 1381 2836 et
1409 2805 1552 2845 gibbosus
1569 2806 1704 2835 rariores
1723 2811 1797 2836 sunt
1816 2806 1879 2836 for-

56 2877 125 2897 mae
150 2878 243 2906 quam
270 2868 378 2906 gibber
403 2872 435 2897 et
460 2867 654 2905 gibberosus.
706 2867 761 2905 19)
787 2866 943 2895 adulterio
967 2875 992 2907 γ.
1043 2866 1100 2903 21)
1128 2865 1311 2903 condempn.
1337 2872 1363 2905 γ.
1414 2863 1472 2901 22)
1498 2867 1625 2891 tantum
1651 2862 1701 2891 me
1725 2863 1785 2892 hoc
1803 2863 1846 2892 sit
1862 2873 1880 2904 γ

56 2923 129 2964 (sic.
157 2929 212 2954 aut
235 2929 361 2954 tantum
389 2925 480 2959 inest,
506 2925 565 2953 hoc
591 2928 648 2959 est,
676 2924 729 2958 sit,
768 2928 822 2952 aut
849 2928 975 2951 tantum
1001 2922 1120 2950 munda
1145 2922 1204 2949 hoc
1230 2925 1275 2949 est
1303 2920 1373 2957 sit).
1437 2919 1495 2955 24)
1523 2929 1547 2947 s.
1577 2928 1645 2947 esse
1670 2928 1695 2959 γ.
1721 2919 1789 2947 rell.
1817 2929 1877 2948 om.

57 2980 115 3018 25)
142 2981 257 3009 dextro
280 2991 307 3022 γ,
334 2985 367 3009 ut
394 2991 478 3009 omn.
505 2980 622 3008 Paris&
648 2979 756 3008 Ambr.
784 2979 878 3007 Fran.
905 2979 995 3007 Barc.
1029 2978 1120 3006 Berfi.
1149 2977 1178 3005 K
1210 2976 1320 3013 (dexto
1347 2993 1384 2995 ψ
1413 2974 1517 3012 laeuo)
1550 2973 1649 3002 ABG.
1684 2975 1778 3003 lateri
1811 2984 1879 3003 meo

57 3035 166 3066 Ambr.
193 3040 223 3065 et
249 3046 266 3077 γ
290 3037 343 3074 qui
369 3036 476 3065 addit:
503 3046 571 3065 meo
596 3036 729 3073 corpori.
780 3037 835 3074 ²26)
864 3035 974 3073 ,lyei-ia
1000 3034 1044 3070 fh,
1072 3043 1135 3061 non
1162 3033 1292 3070 Aegei-ia
1319 3030 1388 3069 (Q).
1416 3031 1553 3067 Aegei-ia
1579 3040 1606 3059 a.
1629 3040 1666 3059 v:
1697 3031 1778 3059 Haec
1802 3041 1829 3059 τι.
1856 3040 1878 3059 s.

57 3106 102 3121 z
124 3093 303 3130 supposuit,
330 3102 390 3121 non
415 3092 526 3121 scilicet
550 3091 619 3130 (Q).
645 3091 731 3120 lmus
757 3091 839 3120 modi
874 3092 997 3119 mulier.
1045 3090 1106 3119 Ilia
1132 3093 1161 3118 et
1189 3088 1306 3125 Egeria
1333 3091 1392 3118 est.
1440 3087 1529 3116 Istius
1553 3087 1634 3116 modi
1659 3086 1787 3116 mulieri
1810 3096 1879 3116 cum

58 3156 140 3178 mva.
167 3148 214 3177 illi
240 3148 284 3178 fh.
311 3149 380 3178 rell.
405 3158 466 3178 om.

1896 946 1936 977 10

1895 1312 1934 1342 15
