2148 3412
203 132 285 173 480
836 140 941 173 Aen.
967 140 1026 172 ET
1053 139 1219 173 PORPH.
1245 139 1396 173 COMM.

316 266 381 306 89.
415 264 598 306 Oderunt
627 264 794 305 hilarem
816 265 954 305 tristes.
1014 262 1260 317 Praecepta,
1294 262 1446 318 quibus
1477 263 1603 305 amici
1634 262 1819 318 potiores
1851 263 2028 306 cauendi

204 347 310 389 sunt,
342 351 393 378 ne
424 336 690 378 offendantur
723 336 898 392 [facile]¹

318 410 404 466 [97.
441 410 532 460 Qua
562 411 728 451 ratione.
790 408 906 461 Quia
937 422 1102 464 semper
1133 422 1208 463 per
1239 409 1522 464 ignorantiam
1552 408 1692 450 uitiosi
1725 408 1898 464 sumus]

318 482 403 539 [99.
434 483 698 524 mediocriter.
759 481 810 522 Id
840 490 919 523 est:
952 496 1035 522 non
1067 489 1200 537 potest
1232 481 1317 523 ullo
1348 482 1472 523 modo
1502 481 1606 529 fieri,
1642 487 1684 522 ut
1717 481 1871 536 cupido
1902 496 2029 537 supra

138 566 155 593 5
204 555 375 598 modum
406 555 592 596 habendi
624 562 661 596 et
694 555 961 596 mediocritas
992 554 1153 596 utilium
1187 570 1325 596 rerum
1360 554 1520 609 possint
1550 568 1729 610 regnare
1759 554 1916 611 simul]

318 630 411 670 100.
452 629 642 670 Virtutem
676 630 859 670 doctrina
889 637 1007 684 pare!
1037 643 1103 669 na.
1136 629 1198 670 do.
1272 627 1322 668 Id
1354 634 1432 668 est:
1479 633 1617 668 utrum
1649 626 1840 668 doctrina
1870 642 1924 669 an
1954 642 2029 669 na-

203 711 295 744 tura·
325 701 555 757 sapiamus.

318 775 409 817 105.
447 777 573 826 Quem
606 774 797 819 Mandela
831 776 877 814 ln'.
913 787 999 829 ruy.
1031 775 1126 829 [νίς.
1162 789 1231 830 pa..
1311 773 1475 829 [Pagus
1506 773 1549 814 in
1581 771 1754 814 Sabinis
1784 780 1858 823 est,
1905 780 1946 814 et
1975 799 2029 804 —-

203 863 286 890 11011
307 863 443 904 pagus
464 847 584 899 bibit,
617 847 690 888 sed
720 847 776 897 hi,
810 846 882 901 qui
913 847 955 887 in
987 861 1099 903 pago
1132 846 1258 903 sunt]
1321 847 1515 889 Mandela
1545 860 1679 902 pagus
1710 853 1771 887 est
1791 846 1834 887 in
1858 844 2030 888 Sabinis

138 931 178 963 10
204 936 361 978 rugosa
390 911 549 963 faciens
581 935 758 975 corpora
787 919 1002 961 hominum
1034 934 1135 974 prae
1169 919 1341 976 frigore.
1419 919 1469 960 In
1501 933 1625 974 quem
1658 919 1852 961 currebat
1880 919 2031 962 fluuius

203 994 373 1036 Horatii
403 992 623 1049 Digentia,
670 993 721 1034 de
753 1006 835 1047 quo
866 993 1059 1047 superius
1091 991 1162 1047 (E.
1194 992 1230 1042 Ι,
1264 994 1328 1042 16,
1362 994 1454 1048 12);
1501 994 1593 1046 sons
1638 997 1756 1034 etiam
1800 994 1889 1034 rz'uo
1935 993 2030 1034 dare

203 1082 344 1110 nomen
373 1068 551 1109 idoneus.
611 1064 776 1106 ITEM.
825 1064 1006 1107 Sensus:
1054 1064 1093 1106 O
1132 1065 1265 1106 amice
1295 1064 1424 1114 Lolli,
1468 1064 1571 1118 quid
1615 1071 1737 1120 putas
1766 1079 1832 1106 me
1863 1065 2029 1116 sentire,

204 1148 243 1182 et
275 1140 376 1195 quid
407 1139 544 1181 credis
574 1153 641 1179 me
672 1138 838 1193 precari
869 1138 982 1187 deos,
1029 1138 1127 1179 dum
1158 1138 1201 1178 in
1241 1152 1337 1179 rure
1375 1152 1468 1179 meo
1504 1137 1618 1188 uiuo,
1665 1138 1746 1180 nisi
1782 1138 1873 1188 hoo,
1920 1137 2032 1193 quod

203 1214 280 1256 tibi
310 1220 409 1269 opto
443 1211 641 1270 [hortor]‚
673 1211 871 1253 uidelicet
902 1211 1112 1260 uirtutem,
1145 1211 1392 1261 doctrinam,
1425 1210 1746 1253 inminutionem
1768 1225 1962 1253 curarum
1992 1217 2032 1253 et

139 1297 178 1328 15
204 1303 349 1331 ueram
380 1286 716 1329 delectationem.

319 1362 411 1403 105.
443 1374 629 1415 rugosus.
691 1357 805 1411 Quia
837 1366 1073 1400 contractos
1104 1357 1243 1399 faciat.

320 1435 411 1476 107.
445 1435 538 1476 108.
571 1442 606 1474 et
637 1433 735 1474 mihi
762 1433 903 1473 uiuam
936 1432 1052 1481 Quod
1082 1440 1262 1487 superest
1293 1433 1393 1472 aeui.
1475 1428 1641 1472 Sufficit
1674 1430 1777 1471 mihi
1808 1431 1895 1472 uita
1924 1445 2030 1482 mea,
2090 1443 2094 1448 ·

206 1515 245 1550 et
275 1507 309 1549 si
341 1507 444 1562 quid
476 1506 658 1561 amplius
689 1505 881 1546 dederint
912 1504 1014 1545 mihi
1047 1504 1120 1554 dii,
1152 1504 1305 1545 sufficit
1333 1503 1449 1544 mihi.

320 1582 413 1621 111.
446 1581 582 1622 Iouem
605 1584 671 1635 qui
693 1581 816 1621 donat
836 1587 871 1620 et
892 1578 1038 1631 aufert.
1099 1576 1181 1618 Vel
1212 1591 1323 1633 quae.
1384 1575 1506 1618 Haec
1536 1577 1674 1631 inquit
1703 1577 1754 1618 de
1775 1576 1888 1619 Ioue.
1948 1576 2031 1619 Pe-

138 1664 180 1695 20
206 1661 303 1705 tam,
336 1668 443 1708 quae
474 1653 564 1709 ipse
594 1652 698 1694 mihi
729 1658 944 1707 praestare
977 1665 1060 1692 non
1092 1665 1276 1705 possum,
1321 1649 1366 1690 id
1396 1657 1470 1700 est,
1501 1650 1631 1692 uitam
1663 1657 1703 1692 et
1732 1665 1845 1706 opes.
1922 1648 2031 1693 Cae-

205 1735 340 1770 terum
371 1734 416 1770 ut
446 1741 627 1781 aequum
659 1725 844 1767 animum
877 1723 1069 1774 habeam,
1101 1723 1238 1779 magis
1269 1729 1330 1764 est
1360 1723 1402 1764 in
1434 1737 1526 1764 mea
1556 1730 1773 1779 potestate.

510 1872 776 1914 Nonnulla
808 1870 1009 1912 scholia
1039 1870 1369 1925 subtel-lapsa
1400 1885 1457 1911 ex
1489 1870 1628 1912 codd.
1660 1869 1725 1924 Tb.

318 1948 385 1987 49.
415 1947 611 1989 Romanis
641 1947 830 1987 sollemne
853 1946 955 1986 uiris
977 1958 1087 1999 opus.
1147 1942 1351 1985 Romanis
1382 1943 1470 1984 uult
1505 1943 1633 1985 fuisse
1663 1950 1914 1999 perpetuum
1945 1950 2030 1986 stu-

140 2031 180 2061 25
207 2020 322 2062 dium
352 2019 549 2061 uenandi.
610 2018 756 2060 Labor
786 2017 920 2072 inquit
952 2017 1136 2058 uenandi
1166 2017 1299 2058 honor
1328 2017 1405 2058 fuit
1436 2016 1681 2067 maioribus,
1713 2024 1753 2059 et
1773 2017 1862 2059 uult
1883 2016 1935 2059 ab
1956 2017 2031 2059 ho-

206 2101 323 2135 nesto
354 2092 606 2148 persuadere
637 2091 821 2132 laborem
853 2090 1105 2131 uenaticum.
1165 2089 1268 2131 Tria
1299 2090 1410 2131 enim
1444 2090 1564 2132 dicit:
1596 2090 1829 2142 honestum,
1860 2090 1962 2132 utile
1993 2097 2033 2132 et

206 2166 419 2222 possibile.

319 2240 384 2280 50.
418 2253 508 2280 cum
538 2239 678 2280 ‘calleas
695 2246 770 2278 etc.
830 2236 913 2278 Per
943 2236 1059 2286 haee,
1092 2251 1198 2292 quae
1228 2244 1437 2288 secuntur,
1469 2237 1666 2279 uirtutem
1695 2237 1827 2280 Lollii
1856 2238 2030 2281 laudare

207 2312 431 2354 contendit.

324 2512 355 2549 1)
384 2510 514 2550 potiores
540 2520 566 2552 γ.
593 2511 661 2541 rell.
690 2512 887 2549 potentiores.
939 2510 973 2548 2)
1001 2509 1096 2540 facile
1123 2520 1183 2540 om.
1208 2520 1233 2553 γ.
1285 2511 1319 2550 3)
1346 2510 1481 2546 Quia-
1498 2520 1607 2541 sumus
1632 2520 1692 2541 om.
1709 2520 1735 2552 γ.
1784 2511 1819 2550 4)
1845 2511 2030 2542 mediocriter

208 2586 247 2590 —-
274 2569 369 2598 simul
395 2578 455 2598 om.
480 2578 508 2610 γ.
574 2568 609 2606 8)
636 2568 742 2606 Pagus
769 2585 808 2587 —
836 2570 909 2596 sunt
935 2566 1072 2602 vcath.
1099 2571 1126 2596 et
1149 2566 1184 2604 C,
1219 2567 1273 2605 qui
1299 2567 1414 2597 habet:
1442 2576 1540 2606 pagus
1566 2572 1597 2597 et
1623 2568 1657 2597 in
1682 2566 1809 2597 Sabinis
1833 2586 1876 2588 —<
1902 2568 1958 2598 sed
1981 2568 2032 2607 qui

208 2626 238 2654 in
265 2635 294 2663 p.
320 2624 462 2654 habitant.
488 2634 548 2654 om.
576 2625 626 2666 γὴ.
676 2623 710 2662 9)
737 2623 887 2652 Mandela
914 2641 953 2643 a
979 2623 1109 2653 idoneus
1139 2624 1187 2663 γῙ).
1212 2624 1282 2653 rell.
1311 2634 1372 2653 0111.
1439 2624 1494 2663 12)
1519 2624 1601 2654 Item
1627 2642 1668 2645 —
1694 2624 1942 2654 delectationem
1967 2623 2028 2663 (di-

206 2681 362 2711 lectionem
386 2682 427 2722 γ).
454 2681 522 2710 rell.
549 2690 608 2711 om.
635 2698 677 2701 —
703 2678 785 2709 cont.
805 2679 948 2715 vcath:
979 2679 1058 2713 Quid
1080 2684 1152 2709 sent.
1176 2684 1275 2717 putas.
1303 2679 1388 2715 Quid
1414 2683 1506 2718 putas
1531 2689 1580 2710 me
1605 2681 1680 2711 deos
1705 2682 1841 2721 precari,
1868 2682 1942 2710 dum
1965 2690 2030 2711 sum

206 2739 237 2768 in
263 2747 334 2767 rure
360 2747 427 2768 meo
452 2738 517 2767 nisi
541 2738 571 2767 11.
600 2747 629 2776 q.
654 2740 677 2766 t.
703 2741 767 2774 opto
804 2736 907 2774 (ortor
931 2736 967 2775 v)
1005 2737 1071 2765 uid.
1099 2737 1199 2766 doctr.
1227 2737 1300 2766 uirt.
1326 2736 1436 2766 immin.
1463 2736 1695 2775 (imzcnitionem
1712 2737 1747 2776 v)
1773 2747 1820 2766 cu.
1846 2741 1878 2767 et
1900 2747 1949 2767 ue.
1976 2737 2028 2766 de-

207 2795 423 2824 lectationem.
492 2791 544 2835 14)
569 2794 631 2823 tibi
657 2794 767 2823 hortor
791 2802 817 2834 γ.
846 2792 888 2822 C:
916 2792 942 2821 O
969 2792 1062 2828 Lolli⁷
1089 2793 1167 2831 quid
1192 2796 1286 2830 putas
1311 2803 1361 2823 me
1386 2794 1460 2823 deos
1485 2794 1570 2824 aliud
1592 2795 1726 2832 precari,
1753 2794 1827 2823 dum
1851 2793 1919 2823 uiuo
1944 2794 1978 2823 in
2004 2802 2027 2822 r.

208 2861 247 2880 111.
275 2861 304 2880 11.
331 2852 360 2880 11.
388 2851 470 2889 quod
495 2854 520 2880 te
545 2851 663 2886 hortor,
689 2850 754 2879 uid.
783 2849 883 2879 doctr.
909 2849 984 2878 uirt.
1011 2849 1122 2878 inmiu.
1149 2859 1197 2878 cu.
1226 2852 1257 2878 et
1273 2858 1304 2878 u.
1323 2850 1353 2879 d.
1406 2851 1460 2889 16)
1488 2849 1551 2885 Qui
1572 2853 1749 2880 contractus
1772 2850 1870 2879 faciat
1893 2859 1919 2892 γ.
1947 2848 2029 2885 Quia

210 2911 383 2937 contractos
409 2908 508 2938 faciat
536 2907 570 2938 C.
596 2912 691 2937 recte.
731 2906 813 2936 conf.
841 2906 877 2935 E.
903 2906 926 2943 1,
956 2907 984 2943 Τ,
1015 2907 1062 2935 12.
1089 2906 1157 2936 rell.
1183 2915 1243 2936 om.
1308 2906 1363 2945 17)
1391 2906 1519 2936 Sufficit
1544 2924 1584 2927 —
1610 2906 1689 2936 1111111
1712 2915 1739 2948 γ.
1766 2906 1834 2935 rell.
1860 2915 1919 2935 om.
1971 2904 2026 2944 19)

209 2964 268 2993 Vel
293 2973 373 3002 quae
398 2974 423 3005 γ.
450 2965 520 2994 rell.
548 2973 604 2993 om.
633 2981 673 2984 ἡ
700 2963 789 2993 Haec
815 2963 920 3001 inquit
946 2962 980 2991 de
1016 2963 1087 2992 ioue
1124 2966 1230 3000 petam
1256 2981 1291 2983 —
1323 2967 1482 3001 potestate
1506 2972 1532 3004 γ.
1558 2963 1626 2993 rell.
1653 2972 1711 2992 om.
1749 2962 1831 2993 conf.
1859 2961 1901 2992 C:
1928 2962 2027 2999 ‘haec‚

211 3021 328 3059 inquit,
353 3031 370 3049 a
394 3021 468 3051 Ioue
493 3026 612 3059 petam,
640 3031 719 3060 quae
744 3021 831 3058 mihi,
858 3030 916 3050 om.
943 3020 1014 3058 ipse,
1040 3030 1070 3058 p.
1098 3030 1128 3049 11.
1157 3030 1185 3058 p.
1209 3020 1323 3050 scilicet
1345 3030 1374 3049 u.
1402 3024 1433 3049 et
1458 3029 1486 3049 0.
1512 3037 1553 3040 —-
1579 3020 1613 3049 in
1645 3028 1714 3049 mea
1749 3019 1852 3057 magis
1888 3021 1935 3048 est
1971 3026 2026 3056 po-

209 3078 347 3107 testate?
398 3078 453 3117 24)
482 3078 633 3108 Romanis
661 3095 698 3099 —
725 3078 877 3116 possibile
901 3077 948 3116 3‘b.
968 3076 1049 3107 conf.
1077 3076 1112 3107 C.
1179 3078 1235 3116 28)
1263 3078 1324 3107 Per
1359 3077 1437 3106 haee
1473 3086 1502 3115 q.
1541 3085 1603 3105 sec.
1641 3085 1672 3104 u.
1709 3075 1778 3105 lolli
1814 3075 1856 3104 la.
1894 3077 1973 3104 cont.
1997 3082 2024 3114 γ.

208 3133 276 3163 rell.
303 3143 362 3163 0111.

2101 2006 2116 2132 -ὴ-*ν
2104 1970 2114 1995 ‹.·
