2148 3412
144 933 181 965 10

140 1302 179 1333 15

210 131 291 171 416
845 139 951 172 ACR.
976 139 1036 171 ET
1062 138 1229 172 PORPH.
1255 138 1405 172 COMM.

323 266 388 306 87.
421 272 590 306 enectus.
649 263 892 305 Alenuatus.
925 263 1181 316 (attenuatus
1212 259 1284 316 C).

321 339 388 380 88.
421 338 635 380 caballum.
695 335 856 378 Datum
887 335 966 377 sibi
999 350 1024 376 a
1052 333 1255 389 Philippo
1275 353 1332 368 z
1354 332 1404 376 C.

322 413 388 453 90.
421 411 624 453 scabrum.
685 407 939 463 Squalidum
959 429 1015 444 z
1038 405 1087 458 C,
1120 407 1192 462 qui
1223 407 1341 448 addit
1371 423 1396 449 a
1429 408 1576 449 labore.

322 486 387 526 91.
420 491 681 539 attentusque.
740 482 791 524 In
821 481 979 524 labore.

322 559 389 604 96.
425 558 510 608 Qui
536 557 663 599 simul.
698 555 978 610 Quicumque.
1039 556 1171 596 simul.
1202 555 1304 597 Mox
1336 563 1381 596 uc
1411 553 1632 609 (intellexit
1661 555 1703 610 γ)
1735 553 1825 608 ⁴(‚C.

322 632 492 674 demissa
501 632 645 688 petitis.
705 629 757 671 Id
778 635 851 678 est,
874 628 952 677 his,
984 642 1092 683 quae
1113 633 1370 684 appetuntur
1389 647 1446 663 -—-
1462 625 1512 668 C.
1574 625 1794 669 Sententia
1813 627 1918 670 haec
1938 642 2040 684 poe--

207 711 286 756 tae,
320 704 391 760 qui
425 704 533 761 [aut]
566 719 650 746 non
682 702 924 759 specialiter
952 700 1202 757 Philippum
1234 701 1307 743 sed
1339 715 1646 756 quemcumque
1677 700 1792 743 dicit.

942 830 1296 875 PORPHYRION.

324 927 509 981 Quinque
530 925 612 966 dies
635 924 708 966 tibi
719 922 854 980 pollio.
878 937 948 963 me.
1008 920 1059 962 In
1088 921 1168 963 hac
1199 922 1347 978 ecloga
1366 920 1606 964 Maecenati
1637 936 1680 963 se
1712 929 1895 972 excusat,
1927 922 2041 977 quod

206 999 363 1042 diutius
400 997 488 1040 ruri
518 1003 704 1039 moretur
734 1002 908 1051 propter
938 1001 1183 1037 autumnum
1218 994 1379 1037 Romae
1410 1002 1658 1050 suspectum.
1717 994 2041 1038 Liberalitatem

207 1073 360 1115 deinde
390 1070 654 1113 Maecenatis
685 1076 879 1125 repetens
909 1074 1088 1110 aetatem
1119 1075 1303 1119 excusat,
1350 1077 1401 1119 et,
1448 1084 1498 1111 ac
1536 1069 1571 1111 si
1610 1068 1875 1111 laboraturus
1920 1083 2041 1112 acce-

206 1146 329 1203 perit,
351 1153 545 1202 paratum
568 1159 611 1186 se
633 1157 839 1199 reponere
860 1142 917 1183 ait
939 1141 1132 1197 exemplo
1152 1142 1414 1196 uulpeculae,
1437 1142 1554 1184 cuius
1578 1141 1656 1200 [et]
1679 1142 1877 1184 fabellam
1898 1143 2036 1185 refert.

323 1221 387 1261 14.
419 1220 512 1262 Νοη
543 1232 620 1275 quo
650 1231 760 1259 more
787 1218 888 1273 piris
918 1216 1028 1258 uesci
1061 1216 1145 1257 Cal.
1175 1215 1253 1257 iub.
1283 1215 1434 1272 hospes.
1494 1214 1591 1257 Non
1622 1215 1721 1271 quia
1751 1230 2040 1272 superuacuae

207 1293 285 1335 tibi
317 1301 358 1335 et
387 1292 557 1334 inutiles
588 1290 762 1333 diuitiae
793 1296 924 1339 erant,
960 1289 1056 1330 ideo
1086 1288 1131 1329 in
1161 1303 1227 1330 me
1258 1288 1446 1331 liberalis
1475 1289 1602 1331 fuisti.
1662 1288 1858 1345 Hospitis
1888 1290 2041 1332 deinde

205 1365 382 1410 Calabri
412 1380 650 1409 sermonem
680 1364 807 1406 refert
841 1361 1087 1420 [hospitem]
1120 1362 1339 1404 inuitantis
1384 1377 1427 1405 se
1473 1363 1526 1404 ad
1573 1362 1667 1418 pira
1710 1363 1886 1414 edenda,
1931 1378 2039 1419 quae

204 1441 240 1484 si
269 1456 354 1484 non
385 1439 551 1489 edisset,
584 1438 728 1480 suibus
759 1436 956 1478 abiceret.

315 1515 381 1556 30.
414 1520 595 1570 repserat
623 1513 665 1553 in
697 1525 914 1553 cumeram.
987 1510 1153 1552 Cumera
1183 1509 1296 1552 uasis
1341 1509 1605 1552 frumentarii
1637 1524 1771 1566 genus
1801 1511 1958 1552 factum
1988 1525 2039 1553 ex

201 1587 361 1630 uimine
392 1585 622 1628 admodum
655 1584 885 1626 obductum
917 1582 1152 1638 (obducto).

315 1662 381 1703 34.
416 1661 506 1703 Ηαο
537 1675 604 1715 eqo
627 1660 663 1701 si
683 1658 887 1715 conpellar
907 1659 1080 1713 imaqz'ne
1102 1671 1162 1699 cu.
1186 1659 1358 1713 resumet.
1418 1656 1515 1699 Hoc
1537 1664 1617 1699 est:
1641 1657 1676 1699 si
1698 1664 1873 1713 cogatur
1895 1664 2039 1700 contra

201 1734 467 1778 commodum
498 1732 754 1775 ualetudinis
793 1738 1009 1787 praestare
1040 1730 1238 1780 officium,
1284 1730 1354 1781 ait,
1396 1745 1439 1772 se
1470 1731 1608 1781 malle,
1656 1731 1769 1787 quod
1814 1732 2037 1788 acceperit,

200 1809 399 1858 reddere3
432 1822 512 1849 nec
541 1807 621 1848 hoc
650 1805 746 1847 ideo
779 1807 933 1855 facere,
966 1804 1078 1859 quod
1108 1804 1192 1846 iam
1224 1811 1432 1847 saturatus
1464 1804 1615 1860 opibus
1649 1811 1767 1860 putet
1797 1819 1942 1847 somno
1971 1805 2037 1846 in-

199 1882 473 1939 dulgendum,
505 1880 580 1922 sed
609 1879 680 1930 ait,
714 1879 840 1920 etiam
870 1877 914 1920 in
945 1877 1157 1920 oblatione
1177 1876 1373 1920 Arabum
1394 1877 1637 1920 diuitiarum
1659 1878 1788 1920 otium
1810 1893 2036 1934 numquam

199 1956 306 1998 uelle
336 1962 499 1997 mutare
529 1953 598 1996 uel
628 1967 765 2009 posse.

312 2030 379 2070 41.
410 2030 478 2070 42.
508 2028 602 2071 Non
633 2038 690 2070 esc
719 2034 837 2083 aptus
869 2040 923 2082 eq.
955 2026 1092 2068 Ithace
1128 2025 1333 2082 (Ithacae)
1365 2025 1486 2067 locus.
1556 2026 1797 2068 Homericus
1817 2039 1964 2068 uersus
1985 2039 2035 2067 ex

201 2101 421 2157 Odysseae
452 2108 601 2156 quarto
623 2099 721 2154 (IV,
741 2101 820 2142 601>
843 2101 937 2154 sq.)
968 2098 1247 2141 Telemachus
1277 2099 1469 2141 offerenti
1492 2098 1573 2141 sibi
1593 2098 1792 2142 Menelao
1813 2114 1942 2155 equos
1963 2114 2035 2142 ex-

199 2183 316 2218 cusat
336 2176 544 2231 accipere,
592 2173 705 2230 quod
735 2173 854 2227 equis
884 2173 1023 2214 minus
1053 2178 1153 2228 apta
1183 2178 1223 2213 et
1254 2173 1509 2215 conueniens
1539 2174 1591 2215 sit
1625 2173 1783 2224 Ithace,
1831 2173 1909 2231 [et]
1942 2172 2035 2229 agri

198 2249 367 2306 angusti
399 2257 437 2290 et
482 2247 644 2290 steriles
689 2246 772 2288 sint
816 2246 918 2288 eius.
978 2245 1139 2299 (Ithace
1168 2244 1275 2287 Hor.
1306 2244 1445 2301 Ἰθάκη
1476 2245 1604 2288 Hom.
1636 2246 1685 2288 Il.
1716 2247 1774 2299 Π,
1808 2248 1901 2289 632.
1934 2246 2034 2288 urbs

198 2323 282 2366 od.
304 2323 385 2374 111,
418 2322 505 2378 81).

310 2411 464 2443 PORPH.
513 2409 590 2440 VII·
615 2410 644 2439 2.

313 2468 370 2509 10)
396 2468 527 2509 aeyloga
551 2465 597 2496 M.
624 2483 665 2487 —
692 2464 885 2495 maecenatis
910 2474 977 2494 exc.
1010 2464 1043 2494 M
1069 2474 1125 2503 pro
1151 2464 1331 2495 Maecenati
1351 2474 1382 2496 se
1405 2476 1474 2497 exc.
1511 2475 1549 2507 ac
1585 2465 1726 2505 (expu)
1752 2465 1808 2495 hac
1834 2466 1860 2496 si
1885 2464 1923 2495 R.
1974 2464 2030 2503 13)

195 2525 375 2565 uulpiculae
399 2525 434 2555 M
459 2524 560 2564 (teste
592 2524 691 2554 etiam
715 2523 823 2552 Halm.
852 2523 937 2561 negl.
964 2520 1007 2560 Q)
1036 2521 1071 2551 R.
1098 2522 1166 2551 rell.
1203 2523 1398 2561 uulpeculae.
1425 2523 1506 2553 conf.
1532 2523 1604 2553 Aer.
1631 2523 1722 2553 cuius
1758 2521 1826 2560 (cui
1846 2523 1882 2562 v)
1918 2525 1945 2552 et
1967 2521 2032 2552 fab.

195 2582 285 2613 vafh.
352 2582 408 2621 15)
434 2581 610 2620 hospitibus
648 2580 696 2610 2R
732 2579 818 2618 (cum
842 2579 971 2616 rasura)
1011 2578 1049 2608 G.
1087 2579 1156 2608 rell.
1194 2579 1337 2617 hospitis.
1405 2580 1460 2619 16)
1486 2580 1642 2618 hospitem
1670 2579 1717 2609 fh.
1748 2579 1818 2609 rell.
1844 2588 1904 2609 om.
1930 2596 1974 2601 —
1999 2587 2032 2608 se

195 2649 255 2669 om.
281 2639 326 2670 fh.
395 2637 452 2678 17)
478 2638 574 2668 subus
600 2638 681 2667 abic.
707 2636 751 2665 M.
789 2636 900 2665 suibus
925 2636 1009 2665 abic.
1038 2636 1065 2664 2.
1104 2635 1173 2664 rell.
1207 2636 1318 2665 suibus
1342 2636 1421 2666 obic.
1447 2636 1529 2675 Pyra
1553 2635 1643 2666 vafh.
1710 2636 1766 2675 18)
1792 2634 1859 2665 basi
1880 2635 1915 2664 M
1938 2645 1980 2665 m.
2006 2644 2030 2665 s.

195 2697 263 2727 rell.
289 2696 382 2727 uasis.
409 2705 472 2727 non
497 2695 588 2734 posui
612 2694 689 2731 nasi,
716 2694 792 2732 quia
818 2703 926 2723 nasum
950 2697 1079 2722 tantum
1103 2692 1303 2723 nominatiuus
1327 2696 1409 2723 uett.
1434 2693 1633 2723 testimoniis
1659 2693 1819 2722 firmatur:
1845 2692 1922 2721 Fab.
1947 2691 2030 2722 Pict.

195 2762 246 2791 ap.
278 2753 361 2784 Non.
388 2763 413 2782 c.
444 2754 493 2782 13.
520 2762 552 2781 n.
583 2752 633 2781 18.
672 2749 754 2780 Cato
792 2759 843 2788 ap.
869 2748 952 2779 Gell.
978 2749 1066 2785 XIII,
1095 2750 1147 2779 23.
1173 2750 1301 2780 Petron.
1329 2750 1381 2780 51.
1413 2749 1520 2779 Plaut.
1546 2749 1640 2779 Truc.
1665 2748 1692 2786 I,
1719 2750 1747 2786 1,
1775 2749 1828 2779 33.
1894 2747 1950 2788 19)
1975 2749 2030 2778 ob-

196 2811 286 2840 ducto
312 2810 340 2839 2.
367 2810 436 2840 rell.
463 2809 636 2839 obductum.
688 2806 746 2845 20)
773 2806 859 2836 Haec
883 2805 958 2836 MG.
987 2806 1056 2836 rell.
1082 2805 1152 2835 Hac
1177 2806 1260 2836 conf.
1279 2806 1353 2836 Aer.
1401 2807 1460 2846 21)
1486 2805 1626 2836 ualetud.
1652 2804 1709 2842 M„
1733 2804 1812 2841 th.
1838 2804 1960 2843 accepit
1979 2804 2025 2835 fh.

195 2866 254 2905 22)
279 2875 330 2896 nec
347 2867 407 2896 hoc
424 2864 647 2905 MRA2G(Q).
673 2865 755 2893 Haec
780 2864 840 2893 hoc
864 2872 885 2892 v
912 2862 1094 2901 (perperam
1109 2861 1163 2902 Q).
1189 2868 1216 2892 et
1240 2864 1299 2893 hoc
1323 2863 1386 2893 afh.
1411 2862 1499 2893 ualit.
1525 2861 1650 2898 R2G,v.
1676 2860 1857 2900 (perperam
1875 2860 1918 2900 Q)
1936 2865 2030 2900 putet

196 2932 256 2952 om.
286 2923 314 2951 2.
380 2923 438 2961 23)
463 2922 593 2952 omnium
616 2920 713 2951 Arab.
740 2920 804 2949 diu.
830 2919 874 2948 fh.
901 2919 972 2949 rell.
999 2929 1059 2949 om.
1086 2919 1224 2949 omnium.
1250 2920 1298 2950 ait
1322 2929 1405 2949 omne
1428 2920 1461 2949 in
1485 2919 1548 2949 obl.
1573 2918 1630 2949 Ar.
1657 2919 1722 2948 diu.
1747 2928 1777 2948 v.
1801 2918 1849 2948 ait
1871 2917 1951 2947 ommi
1972 2918 2027 2947 ab·

196 2982 240 3008 at.
265 2977 319 3007 Ar.
346 2979 410 3007 diu.
437 2987 468 3011 a.
504 2978 574 3008 Hoc
599 2978 746 3008 scholion
772 2980 820 3006 est
845 2976 1140 3013 antepenultimum
1173 2977 1206 3006 in
1230 2976 1334 3006 libris.
1401 2975 1458 3015 25)
1484 2975 1608 3005 ithacae
1632 2974 1676 3004 M.
1714 2973 1853 3005 odissiae
1887 2973 1957 3011 M‚v
1991 2976 2027 3003 ut

197 3044 303 3073 supra.
340 3034 482 3073 odyssiae
508 3034 547 3065 G.
612 3034 670 3073 26)
697 3037 834 3064 excusat
865 3031 991 3062 MR2G.
1018 3033 1086 3061 rell.
1113 3042 1280 3062 excusans.
1331 3032 1389 3072 27)
1414 3035 1492 3070 apta
1516 3032 1766 3070 conueniensque
1793 3030 1900 3060 Ithace
1922 3029 2027 3068 (Itha-

196 3099 248 3119 cae
271 3090 308 3129 v)
344 3089 433 3119 vafh.
470 3094 547 3129 apta
584 3094 612 3120 et
647 3099 738 3121 conu.
776 3089 822 3119 sit.
859 3089 989 3119 Ithacae
1013 3090 1094 3128 agri,
1122 3100 1181 3120 om.
1208 3095 1244 3127 et,
1271 3089 1337 3120 GM
1361 3089 1484 3128 (Halm.
1510 3097 1588 3119 corr.
1612 3089 1725 3118 Ithaca
1748 3092 1783 3126 et,
1813 3092 1850 3118 ut
1873 3087 1954 3126 legit
1979 3086 2024 3125 Q)

195 3146 305 3176 ithaca
330 3149 360 3175 et
384 3146 443 3175 R2.
480 3146 601 3177 Ithaca.
627 3146 748 3177 Ithacae
772 3145 849 3177 enim
874 3155 925 3184 ag.
953 3147 981 3176 2.
1031 3146 1089 3185 28)
1117 3146 1180 3176 sint
1205 3147 1273 3177 eius
1298 3146 1368 3176 MR.
1394 3146 1463 3176 rell.
1489 3148 1575 3183 sunt,
1600 3155 1661 3175 om.
1687 3144 1758 3175 eius.
