<?xml version="1.0" encoding="UTF-8"?>
<!DOCTYPE html PUBLIC "-//W3C//DTD XHTML 1.0 Transitional//EN"
    "http://www.w3.org/TR/xhtml1/DTD/xhtml1-transitional.dtd">
<html xmlns="http://www.w3.org/1999/xhtml" xml:lang="en" lang="en">
 <head>
  <title>
</title>
<meta http-equiv="Content-Type" content="text/html;charset=utf-8" />
  <meta name='ocr-system' content='tesseract 3.04.00' />
  <meta name='ocr-capabilities' content='ocr_page ocr_carea ocr_par ocr_line ocrx_word'/>
</head>
<body>
  <div class='ocr_page' id='page_1' title='image "acronisetporphyr02pseuuoft_0584.png"; bbox 0 0 2148 3412; ppageno 0'>
   <div class='ocr_carea' id='block_1_1' title="bbox 189 922 230 954">
    <p class='ocr_par' dir='ltr' id='par_1_1' title="bbox 189 922 230 954">
     <span class='ocr_line' id='line_1_1' title="bbox 189 922 230 954; baseline 0 0"><span class='ocrx_word' id='word_1_1' title='bbox 189 922 230 954; x_wconf 87' lang='grc'>10</span> 
     </span>
    </p>
   </div>
   <div class='ocr_carea' id='block_1_2' title="bbox 188 1290 227 1321">
    <p class='ocr_par' dir='ltr' id='par_1_2' title="bbox 188 1290 227 1321">
     <span class='ocr_line' id='line_1_2' title="bbox 188 1290 227 1321; baseline 0 0"><span class='ocrx_word' id='word_1_2' title='bbox 188 1290 227 1321; x_wconf 82' lang='grc'>15</span> 
     </span>
    </p>
   </div>
   <div class='ocr_carea' id='block_1_3' title="bbox 263 117 1455 163">
    <p class='ocr_par' dir='ltr' id='par_1_3' title="bbox 263 117 1455 163">
     <span class='ocr_line' id='line_1_3' title="bbox 263 117 1455 163; baseline 0.004 -6"><span class='ocrx_word' id='word_1_3' title='bbox 263 117 344 157; x_wconf 80' lang='grc'>576</span> <span class='ocrx_word' id='word_1_4' title='bbox 892 129 999 162; x_wconf 81' lang='lat' dir='ltr'>ACR.</span> <span class='ocrx_word' id='word_1_5' title='bbox 1025 129 1087 162; x_wconf 81' lang='lat' dir='ltr'>ET</span> <span class='ocrx_word' id='word_1_6' title='bbox 1111 129 1279 162; x_wconf 79' lang='lat' dir='ltr'>PORPH.</span> <span class='ocrx_word' id='word_1_7' title='bbox 1304 128 1455 163; x_wconf 81' lang='lat' dir='ltr'>COMM.</span> 
     </span>
    </p>
   </div>
   <div class='ocr_carea' id='block_1_4' title="bbox 251 251 2087 2004">
    <p class='ocr_par' dir='ltr' id='par_1_4' title="bbox 255 251 2085 530">
     <span class='ocr_line' id='line_1_4' title="bbox 369 251 2084 307; baseline 0 -14"><span class='ocrx_word' id='word_1_8' title='bbox 369 253 407 293; x_wconf 84' lang='lat'>3.</span> <span class='ocrx_word' id='word_1_9' title='bbox 442 252 620 307; x_wconf 68' lang='lat' dir='ltr'>[Indique</span> <span class='ocrx_word' id='word_1_10' title='bbox 652 253 755 294; x_wconf 74' lang='lat' dir='ltr'>conl.</span> <span class='ocrx_word' id='word_1_11' title='bbox 787 268 836 294; x_wconf 82' lang='lat' dir='ltr'>m.</span> <span class='ocrx_word' id='word_1_12' title='bbox 897 252 965 293; x_wconf 85' lang='lat' dir='ltr'>Ex</span> <span class='ocrx_word' id='word_1_13' title='bbox 995 253 1174 295; x_wconf 89' lang='lat' dir='ltr'>diuersis</span> <span class='ocrx_word' id='word_1_14' title='bbox 1196 252 1356 295; x_wconf 88' lang='lat' dir='ltr'>scilicet</span> <span class='ocrx_word' id='word_1_15' title='bbox 1386 252 1655 303; x_wconf 81' lang='lat' dir='ltr'>animalibus,</span> <span class='ocrx_word' id='word_1_16' title='bbox 1687 258 1727 293; x_wconf 90' lang='lat' dir='ltr'>et</span> <span class='ocrx_word' id='word_1_17' title='bbox 1757 251 1911 294; x_wconf 90' lang='lat' dir='ltr'>multis.</span> <span class='ocrx_word' id='word_1_18' title='bbox 1951 251 2084 294; x_wconf 88' lang='lat' dir='ltr'>Prae-</span> 
     </span>
     <span class='ocr_line' id='line_1_5' title="bbox 258 325 2084 382; baseline 0.001 -16"><span class='ocrx_word' id='word_1_19' title='bbox 258 325 372 380; x_wconf 83' lang='lat' dir='ltr'><strong>cipit,</strong></span> <span class='ocrx_word' id='word_1_20' title='bbox 418 333 583 379; x_wconf 86' lang='lat' dir='ltr'>poetam</span> <span class='ocrx_word' id='word_1_21' title='bbox 632 325 968 367; x_wconf 85' lang='lat' dir='ltr'>conuenientiam</span> <span class='ocrx_word' id='word_1_22' title='bbox 1014 341 1183 368; x_wconf 83' lang='lat' dir='ltr'>seruare</span> <span class='ocrx_word' id='word_1_23' title='bbox 1228 327 1394 368; x_wconf 87' lang='lat' dir='ltr'>debere.</span> <span class='ocrx_word' id='word_1_24' title='bbox 1455 327 1622 368; x_wconf 75' lang='lat' dir='ltr'>conlatis</span> <span class='ocrx_word' id='word_1_25' title='bbox 1666 327 1851 368; x_wconf 70' lang='lat' dir='ltr'>membris</span> <span class='ocrx_word' id='word_1_26' title='bbox 1895 334 1940 368; x_wconf 80' lang='lat' dir='ltr'>ul</span> <span class='ocrx_word' id='word_1_27' title='bbox 1979 334 2084 382; x_wconf 76' lang='lat' dir='ltr'>turp.</span> 
     </span>
     <span class='ocr_line' id='line_1_6' title="bbox 258 397 2085 457; baseline 0.001 -17"><span class='ocrx_word' id='word_1_28' title='bbox 258 397 506 440; x_wconf 80' lang='lat' dir='ltr'>Coniunctis</span> <span class='ocrx_word' id='word_1_29' title='bbox 536 399 590 439; x_wconf 86' lang='lat' dir='ltr'>ad</span> <span class='ocrx_word' id='word_1_30' title='bbox 621 399 880 454; x_wconf 88' lang='lat' dir='ltr'>superiorem</span> <span class='ocrx_word' id='word_1_31' title='bbox 911 406 950 441; x_wconf 86' lang='lat' dir='ltr'>et</span> <span class='ocrx_word' id='word_1_32' title='bbox 980 400 1236 455; x_wconf 83' lang='lat' dir='ltr'>descriptam</span> <span class='ocrx_word' id='word_1_33' title='bbox 1265 401 1444 442; x_wconf 80' lang='lat' dir='ltr'>somnam</span> <span class='ocrx_word' id='word_1_34' title='bbox 1477 399 1541 457; x_wconf 89' lang='lat' dir='ltr'>[ut</span> <span class='ocrx_word' id='word_1_35' title='bbox 1571 399 1725 441; x_wconf 86' lang='lat' dir='ltr'>habeat</span> <span class='ocrx_word' id='word_1_36' title='bbox 1753 399 1982 440; x_wconf 89' lang='lat' dir='ltr'>humanum</span> <span class='ocrx_word' id='word_1_37' title='bbox 2013 414 2085 441; x_wconf 86' lang='lat' dir='ltr'>ca·-</span> 
     </span>
     <span class='ocr_line' id='line_1_7' title="bbox 255 471 2027 530; baseline 0.001 -18"><span class='ocrx_word' id='word_1_38' title='bbox 255 478 342 526; x_wconf 90' lang='lat' dir='ltr'>put,</span> <span class='ocrx_word' id='word_1_39' title='bbox 373 479 413 512; x_wconf 89' lang='lat' dir='ltr'>et</span> <span class='ocrx_word' id='word_1_40' title='bbox 444 471 597 513; x_wconf 87' lang='lat' dir='ltr'>collum</span> <span class='ocrx_word' id='word_1_41' title='bbox 627 472 737 527; x_wconf 87' lang='lat' dir='ltr'>equi,</span> <span class='ocrx_word' id='word_1_42' title='bbox 770 479 811 514; x_wconf 88' lang='lat' dir='ltr'>et</span> <span class='ocrx_word' id='word_1_43' title='bbox 840 472 1017 514; x_wconf 90' lang='lat' dir='ltr'>caudam</span> <span class='ocrx_word' id='word_1_44' title='bbox 1046 473 1209 530; x_wconf 68' lang='lat' dir='ltr'>piscis]</span> <span class='ocrx_word' id='word_1_45' title='bbox 1271 481 1416 515; x_wconf 78' lang='lat' dir='ltr'>atrum.</span> <span class='ocrx_word' id='word_1_46' title='bbox 1476 472 1682 523; x_wconf 87' lang='lat' dir='ltr'>Foedum,</span> <span class='ocrx_word' id='word_1_47' title='bbox 1712 472 1783 514; x_wconf 90' lang='lat' dir='ltr'>uel</span> <span class='ocrx_word' id='word_1_48' title='bbox 1813 487 2027 528; x_wconf 85' lang='lat' dir='ltr'>magnum.</span> 
     </span>
    </p>

    <p class='ocr_par' dir='ltr' id='par_1_5' title="bbox 254 545 2087 823">
     <span class='ocr_line' id='line_1_8' title="bbox 367 545 2087 604; baseline 0.001 -18"><span class='ocrx_word' id='word_1_49' title='bbox 367 546 405 585; x_wconf 80' lang='lat'>4.</span> <span class='ocrx_word' id='word_1_50' title='bbox 437 546 616 587; x_wconf 80' lang='lat' dir='ltr'><em>Desinat.</em></span> <span class='ocrx_word' id='word_1_51' title='bbox 677 545 732 603; x_wconf 88' lang='lat' dir='ltr'>[F</span> <span class='ocrx_word' id='word_1_52' title='bbox 735 546 922 603; x_wconf 86' lang='lat' dir='ltr'>iniatur.]</span> <span class='ocrx_word' id='word_1_53' title='bbox 963 548 1005 589; x_wconf 74' lang='lat' dir='ltr'>in</span> <span class='ocrx_word' id='word_1_54' title='bbox 1028 549 1193 604; x_wconf 77' lang='lat' dir='ltr'>piscem.</span> <span class='ocrx_word' id='word_1_55' title='bbox 1261 547 1359 590; x_wconf 89' lang='lat' dir='ltr'>Hoc</span> <span class='ocrx_word' id='word_1_56' title='bbox 1398 554 1470 598; x_wconf 85' lang='lat' dir='ltr'>est,</span> <span class='ocrx_word' id='word_1_57' title='bbox 1503 548 1548 588; x_wconf 89' lang='lat' dir='ltr'>in</span> <span class='ocrx_word' id='word_1_58' title='bbox 1586 547 1794 589; x_wconf 88' lang='lat' dir='ltr'>marinam</span> <span class='ocrx_word' id='word_1_59' title='bbox 1821 546 2001 596; x_wconf 87' lang='lat' dir='ltr'>beluam,</span> <span class='ocrx_word' id='word_1_60' title='bbox 2041 546 2087 587; x_wconf 87' lang='lat' dir='ltr'>id</span> 
     </span>
     <span class='ocr_line' id='line_1_9' title="bbox 255 618 2086 677; baseline 0.001 -17"><span class='ocrx_word' id='word_1_61' title='bbox 255 625 328 667; x_wconf 87' lang='lat' dir='ltr'>est,</span> <span class='ocrx_word' id='word_1_62' title='bbox 358 618 403 660; x_wconf 91' lang='lat' dir='ltr'>in</span> <span class='ocrx_word' id='word_1_63' title='bbox 433 618 660 674; x_wconf 77' lang='lat' dir='ltr'>pistricem.</span> <span class='ocrx_word' id='word_1_64' title='bbox 720 620 864 662; x_wconf 75' lang='lat' dir='ltr'>mulier</span> <span class='ocrx_word' id='word_1_65' title='bbox 892 621 1010 674; x_wconf 83' lang='lat' dir='ltr'>form.</span> <span class='ocrx_word' id='word_1_66' title='bbox 1043 635 1129 677; x_wconf 85' lang='lat' dir='ltr'>sup.</span> <span class='ocrx_word' id='word_1_67' title='bbox 1189 620 1250 663; x_wconf 88' lang='lat' dir='ltr'>Ut</span> <span class='ocrx_word' id='word_1_68' title='bbox 1284 620 1393 663; x_wconf 83' lang='lat' dir='ltr'>facie</span> <span class='ocrx_word' id='word_1_69' title='bbox 1423 620 1477 662; x_wconf 87' lang='lat' dir='ltr'>sit</span> <span class='ocrx_word' id='word_1_70' title='bbox 1505 621 1684 675; x_wconf 81' lang='lat' dir='ltr'>formosa</span> <span class='ocrx_word' id='word_1_71' title='bbox 1715 621 1873 670; x_wconf 68' lang='lat' dir='ltr'>mulier,</span> <span class='ocrx_word' id='word_1_72' title='bbox 1911 619 2086 662; x_wconf 86' lang='lat' dir='ltr'>inferius</span> 
     </span>
     <span class='ocr_line' id='line_1_10' title="bbox 255 692 2084 750; baseline 0 -17"><span class='ocrx_word' id='word_1_73' title='bbox 255 699 392 734; x_wconf 85' lang='lat' dir='ltr'>autem</span> <span class='ocrx_word' id='word_1_74' title='bbox 423 692 620 734; x_wconf 83' lang='lat' dir='ltr'>monstris</span> <span class='ocrx_word' id='word_1_75' title='bbox 650 693 781 735; x_wconf 88' lang='lat' dir='ltr'>uariis</span> <span class='ocrx_word' id='word_1_76' title='bbox 811 693 1068 749; x_wconf 80' lang='lat' dir='ltr'>deturpetur.</span> <span class='ocrx_word' id='word_1_77' title='bbox 1129 709 1313 750; x_wconf 78' lang='lat' dir='ltr'>superne.</span> <span class='ocrx_word' id='word_1_78' title='bbox 1373 692 1483 750; x_wconf 81' lang='lat' dir='ltr'>(De)</span> <span class='ocrx_word' id='word_1_79' title='bbox 1516 693 1732 750; x_wconf 81' lang='lat' dir='ltr'>superiore</span> <span class='ocrx_word' id='word_1_80' title='bbox 1762 700 1896 750; x_wconf 87' lang='lat' dir='ltr'>parte,</span> <span class='ocrx_word' id='word_1_81' title='bbox 1935 692 1980 734; x_wconf 85' lang='lat' dir='ltr'>id</span> <span class='ocrx_word' id='word_1_82' title='bbox 2010 699 2084 744; x_wconf 88' lang='lat' dir='ltr'>est,</span> 
     </span>
     <span class='ocr_line' id='line_1_11' title="bbox 254 765 705 823; baseline -0.002 -16"><span class='ocrx_word' id='word_1_83' title='bbox 254 766 383 816; x_wconf 88' lang='lat' dir='ltr'>uultu,</span> <span class='ocrx_word' id='word_1_84' title='bbox 416 765 494 823; x_wconf 90' lang='lat' dir='ltr'>[et]</span> <span class='ocrx_word' id='word_1_85' title='bbox 529 766 705 808; x_wconf 90' lang='lat' dir='ltr'>ceruice.</span> 
     </span>
    </p>

    <p class='ocr_par' dir='ltr' id='par_1_6' title="bbox 254 838 2086 1117">
     <span class='ocr_line' id='line_1_12' title="bbox 369 838 2079 897; baseline 0.001 -16"><span class='ocrx_word' id='word_1_86' title='bbox 369 840 406 881; x_wconf 84' lang='lat'>5.</span> <span class='ocrx_word' id='word_1_87' title='bbox 439 840 668 897; x_wconf 79' lang='lat' dir='ltr'>Spectatum</span> <span class='ocrx_word' id='word_1_88' title='bbox 699 841 867 883; x_wconf 67' lang='lat' dir='ltr'>admissi</span> <span class='ocrx_word' id='word_1_89' title='bbox 891 842 1018 883; x_wconf 72' lang='lat' dir='ltr'>risum</span> <span class='ocrx_word' id='word_1_90' title='bbox 1051 849 1125 882; x_wconf 79' lang='lat' dir='ltr'>ten.</span> <span class='ocrx_word' id='word_1_91' title='bbox 1157 855 1234 883; x_wconf 86' lang='lat' dir='ltr'>am.</span> <span class='ocrx_word' id='word_1_92' title='bbox 1298 838 1368 897; x_wconf 85' lang='lat' dir='ltr'>[Si</span> <span class='ocrx_word' id='word_1_93' title='bbox 1406 840 1569 882; x_wconf 88' lang='lat' dir='ltr'>fueritis</span> <span class='ocrx_word' id='word_1_94' title='bbox 1609 839 1784 882; x_wconf 85' lang='lat' dir='ltr'>admissi</span> <span class='ocrx_word' id='word_1_95' title='bbox 1824 840 1879 882; x_wconf 87' lang='lat' dir='ltr'>ad</span> <span class='ocrx_word' id='word_1_96' title='bbox 1908 847 2079 895; x_wconf 85' lang='lat' dir='ltr'>specta-</span> 
     </span>
     <span class='ocr_line' id='line_1_13' title="bbox 256 912 2086 972; baseline 0.001 -18"><span class='ocrx_word' id='word_1_97' title='bbox 256 913 409 964; x_wconf 85' lang='lat' dir='ltr'>culum,</span> <span class='ocrx_word' id='word_1_98' title='bbox 441 912 465 955; x_wconf 86' lang='grc' dir='ltr'>ό</span> <span class='ocrx_word' id='word_1_99' title='bbox 495 912 687 964; x_wconf 86' lang='lat' dir='ltr'>Pisones,</span> <span class='ocrx_word' id='word_1_100' title='bbox 733 929 835 955; x_wconf 89' lang='lat' dir='ltr'>num</span> <span class='ocrx_word' id='word_1_101' title='bbox 871 913 1002 956; x_wconf 88' lang='lat' dir='ltr'>risum</span> <span class='ocrx_word' id='word_1_102' title='bbox 1041 914 1233 969; x_wconf 87' lang='lat' dir='ltr'>poteritis</span> <span class='ocrx_word' id='word_1_103' title='bbox 1270 915 1439 956; x_wconf 82' lang='lat' dir='ltr'>tenere?</span> <span class='ocrx_word' id='word_1_104' title='bbox 1479 913 1596 972; x_wconf 91' lang='lat' dir='ltr'>Vel.]</span> <span class='ocrx_word' id='word_1_105' title='bbox 1666 913 1718 954; x_wconf 90' lang='lat' dir='ltr'>Id</span> <span class='ocrx_word' id='word_1_106' title='bbox 1754 921 1828 964; x_wconf 88' lang='lat' dir='ltr'>est,</span> <span class='ocrx_word' id='word_1_107' title='bbox 1873 914 1994 969; x_wconf 77' lang='lat' dir='ltr'>quasi</span> <span class='ocrx_word' id='word_1_108' title='bbox 2031 914 2086 955; x_wconf 86' lang='lat' dir='ltr'>ad</span> 
     </span>
     <span class='ocr_line' id='line_1_14' title="bbox 254 986 2084 1043; baseline 0.001 -16"><span class='ocrx_word' id='word_1_109' title='bbox 254 987 529 1041; x_wconf 86' lang='lat' dir='ltr'>spectandum</span> <span class='ocrx_word' id='word_1_110' title='bbox 558 987 687 1028; x_wconf 90' lang='lat' dir='ltr'>missi.</span> <span class='ocrx_word' id='word_1_111' title='bbox 747 986 805 1028; x_wconf 83' lang='lat' dir='ltr'>Et</span> <span class='ocrx_word' id='word_1_112' title='bbox 833 994 895 1029; x_wconf 84' lang='lat' dir='ltr'>est</span> <span class='ocrx_word' id='word_1_113' title='bbox 926 1002 1092 1030; x_wconf 89' lang='lat' dir='ltr'>sensus:</span> <span class='ocrx_word' id='word_1_114' title='bbox 1126 986 1175 1030; x_wconf 83' lang='lat' dir='ltr'>Si</span> <span class='ocrx_word' id='word_1_115' title='bbox 1205 988 1378 1030; x_wconf 84' lang='lat' dir='ltr'>admissi</span> <span class='ocrx_word' id='word_1_116' title='bbox 1407 988 1570 1030; x_wconf 86' lang='lat' dir='ltr'>fueritis</span> <span class='ocrx_word' id='word_1_117' title='bbox 1600 987 1775 1029; x_wconf 89' lang='lat' dir='ltr'>introire</span> <span class='ocrx_word' id='word_1_118' title='bbox 1805 987 1859 1028; x_wconf 87' lang='lat' dir='ltr'>ad</span> <span class='ocrx_word' id='word_1_119' title='bbox 1890 994 2084 1043; x_wconf 83' lang='lat' dir='ltr'>spectan-</span> 
     </span>
     <span class='ocr_line' id='line_1_15' title="bbox 254 1060 1772 1117; baseline 0 -16"><span class='ocrx_word' id='word_1_120' title='bbox 254 1061 355 1101; x_wconf 89' lang='lat' dir='ltr'>dum</span> <span class='ocrx_word' id='word_1_121' title='bbox 384 1060 467 1102; x_wconf 87' lang='lat' dir='ltr'>tale</span> <span class='ocrx_word' id='word_1_122' title='bbox 497 1068 730 1102; x_wconf 86' lang='lat' dir='ltr'>monstrum</span> <span class='ocrx_word' id='word_1_123' title='bbox 760 1061 933 1116; x_wconf 88' lang='lat' dir='ltr'>pictum,</span> <span class='ocrx_word' id='word_1_124' title='bbox 964 1061 1139 1117; x_wconf 87' lang='lat' dir='ltr'>potestis</span> <span class='ocrx_word' id='word_1_125' title='bbox 1169 1061 1299 1104; x_wconf 90' lang='lat' dir='ltr'>risum</span> <span class='ocrx_word' id='word_1_126' title='bbox 1331 1069 1484 1111; x_wconf 67' lang='lat' dir='ltr'>tenere,</span> <span class='ocrx_word' id='word_1_127' title='bbox 1515 1076 1539 1102; x_wconf 94' lang='lat' dir='ltr'>o</span> <span class='ocrx_word' id='word_1_128' title='bbox 1569 1060 1772 1103; x_wconf 83' lang='lat' dir='ltr'>Pisones?</span> 
     </span>
    </p>

    <p class='ocr_par' dir='ltr' id='par_1_7' title="bbox 254 1132 2085 1412">
     <span class='ocr_line' id='line_1_16' title="bbox 369 1132 2084 1192; baseline 0.001 -18"><span class='ocrx_word' id='word_1_129' title='bbox 369 1136 405 1175; x_wconf 83' lang='lat'>7.</span> <span class='ocrx_word' id='word_1_130' title='bbox 436 1136 474 1176; x_wconf 87' lang='grc'>8.</span> <span class='ocrx_word' id='word_1_131' title='bbox 507 1136 623 1177; x_wconf 77' lang='lat' dir='ltr'>cuius</span> <span class='ocrx_word' id='word_1_132' title='bbox 653 1136 763 1177; x_wconf 77' lang='lat' dir='ltr'>uelut</span> <span class='ocrx_word' id='word_1_133' title='bbox 794 1137 910 1191; x_wconf 69' lang='lat' dir='ltr'>aeqrz&#39;</span> <span class='ocrx_word' id='word_1_134' title='bbox 934 1151 990 1178; x_wconf 86' lang='lat' dir='ltr'>so.</span> <span class='ocrx_word' id='word_1_135' title='bbox 1020 1150 1088 1177; x_wconf 83' lang='lat' dir='ltr'>ua.</span> <span class='ocrx_word' id='word_1_136' title='bbox 1122 1137 1344 1191; x_wconf 74' lang='lat' dir='ltr'>Fz‘nqenttcr</span> <span class='ocrx_word' id='word_1_137' title='bbox 1374 1136 1532 1192; x_wconf 71' lang='lat' dir='ltr'>species.</span> <span class='ocrx_word' id='word_1_138' title='bbox 1581 1132 1670 1187; x_wconf 80' lang='lat' dir='ltr'>Qui</span> <span class='ocrx_word' id='word_1_139' title='bbox 1700 1149 1785 1176; x_wconf 90' lang='lat' dir='ltr'>non</span> <span class='ocrx_word' id='word_1_140' title='bbox 1813 1134 1940 1176; x_wconf 88' lang='lat' dir='ltr'>habet</span> <span class='ocrx_word' id='word_1_141' title='bbox 1970 1133 2084 1176; x_wconf 87' lang='lat' dir='ltr'>ordi-</span> 
     </span>
     <span class='ocr_line' id='line_1_17' title="bbox 254 1205 2085 1265; baseline 0 -17"><span class='ocrx_word' id='word_1_142' title='bbox 254 1222 363 1256; x_wconf 88' lang='lat' dir='ltr'>nem,</span> <span class='ocrx_word' id='word_1_143' title='bbox 404 1205 512 1265; x_wconf 76' lang='lat' dir='ltr'>eius]</span> <span class='ocrx_word' id='word_1_144' title='bbox 559 1205 692 1250; x_wconf 89' lang='lat' dir='ltr'>Cuius</span> <span class='ocrx_word' id='word_1_145' title='bbox 728 1208 786 1249; x_wconf 86' lang='lat' dir='ltr'>ita</span> <span class='ocrx_word' id='word_1_146' title='bbox 831 1224 967 1250; x_wconf 85' lang='lat' dir='ltr'>uanae</span> <span class='ocrx_word' id='word_1_147' title='bbox 1004 1216 1099 1250; x_wconf 87' lang='lat' dir='ltr'>sunt</span> <span class='ocrx_word' id='word_1_148' title='bbox 1139 1209 1314 1264; x_wconf 89' lang='lat' dir='ltr'>species,</span> <span class='ocrx_word' id='word_1_149' title='bbox 1362 1208 1717 1264; x_wconf 84' lang='lat' dir='ltr'>quemadmodum</span> <span class='ocrx_word' id='word_1_150' title='bbox 1758 1207 2085 1265; x_wconf 83' lang='lat' dir='ltr'>[aegrotantium</span> 
     </span>
     <span class='ocr_line' id='line_1_18' title="bbox 254 1281 2084 1339; baseline -0.001 -15"><span class='ocrx_word' id='word_1_151' title='bbox 254 1282 430 1333; x_wconf 88' lang='lat' dir='ltr'>somnia,</span> <span class='ocrx_word' id='word_1_152' title='bbox 463 1297 570 1337; x_wconf 86' lang='lat' dir='ltr'>quae</span> <span class='ocrx_word' id='word_1_153' title='bbox 600 1282 797 1324; x_wconf 88' lang='lat' dir='ltr'>uidentur</span> <span class='ocrx_word' id='word_1_154' title='bbox 825 1282 981 1324; x_wconf 85' lang='lat' dir='ltr'>habere</span> <span class='ocrx_word' id='word_1_155' title='bbox 1012 1282 1220 1339; x_wconf 84' lang='lat' dir='ltr'>imagines</span> <span class='ocrx_word' id='word_1_156' title='bbox 1249 1282 1423 1339; x_wconf 67' lang='lat' dir='ltr'>uarias]</span> <span class='ocrx_word' id='word_1_157' title='bbox 1465 1288 1731 1338; x_wconf 83' lang='lat' dir='ltr'>aegrotantes</span> <span class='ocrx_word' id='word_1_158' title='bbox 1751 1281 1949 1323; x_wconf 88' lang='lat' dir='ltr'>uidentur</span> <span class='ocrx_word' id='word_1_159' title='bbox 1977 1281 2084 1323; x_wconf 83' lang='lat' dir='ltr'>ima-</span> 
     </span>
     <span class='ocr_line' id='line_1_19' title="bbox 254 1356 562 1412; baseline 0.003 -15"><span class='ocrx_word' id='word_1_160' title='bbox 254 1356 374 1412; x_wconf 88' lang='lat' dir='ltr'>gines</span> <span class='ocrx_word' id='word_1_161' title='bbox 403 1356 562 1398; x_wconf 90' lang='lat' dir='ltr'>uidere.</span> 
     </span>
    </p>

    <p class='ocr_par' dir='ltr' id='par_1_8' title="bbox 367 1430 1227 1488">
     <span class='ocr_line' id='line_1_20' title="bbox 367 1430 1227 1488; baseline 0 -16"><span class='ocrx_word' id='word_1_162' title='bbox 367 1431 404 1472; x_wconf 82' lang='lat'>8.</span> <span class='ocrx_word' id='word_1_163' title='bbox 429 1445 515 1487; x_wconf 80' lang='lat' dir='ltr'>pes.</span> <span class='ocrx_word' id='word_1_164' title='bbox 575 1431 696 1472; x_wconf 75' lang='lat' dir='ltr'>Finis.</span> <span class='ocrx_word' id='word_1_165' title='bbox 757 1440 890 1488; x_wconf 74' lang='lat' dir='ltr'>caput.</span> <span class='ocrx_word' id='word_1_166' title='bbox 948 1430 1227 1486; x_wconf 87' lang='lat' dir='ltr'>Principium.</span> 
     </span>
    </p>

    <p class='ocr_par' dir='ltr' id='par_1_9' title="bbox 254 1503 2083 1632">
     <span class='ocr_line' id='line_1_21' title="bbox 367 1503 2083 1560; baseline -0.001 -14"><span class='ocrx_word' id='word_1_167' title='bbox 367 1505 405 1546; x_wconf 87' lang='lat'>8.</span> <span class='ocrx_word' id='word_1_168' title='bbox 437 1505 474 1545; x_wconf 80' lang='grc'>9.</span> <span class='ocrx_word' id='word_1_169' title='bbox 506 1505 582 1546; x_wconf 75' lang='lat' dir='ltr'>uni</span> <span class='ocrx_word' id='word_1_170' title='bbox 608 1505 822 1546; x_wconf 77' lang='lat' dir='ltr'>Reddatur</span> <span class='ocrx_word' id='word_1_171' title='bbox 851 1506 1020 1560; x_wconf 82' lang='lat' dir='ltr'>formae.</span> <span class='ocrx_word' id='word_1_172' title='bbox 1080 1504 1171 1546; x_wconf 90' lang='lat' dir='ltr'>Uni</span> <span class='ocrx_word' id='word_1_173' title='bbox 1201 1503 1382 1560; x_wconf 87' lang='lat' dir='ltr'>corpori,</span> <span class='ocrx_word' id='word_1_174' title='bbox 1422 1511 1466 1545; x_wconf 87' lang='lat' dir='ltr'>ut</span> <span class='ocrx_word' id='word_1_175' title='bbox 1497 1518 1633 1560; x_wconf 91' lang='lat' dir='ltr'>neque</span> <span class='ocrx_word' id='word_1_176' title='bbox 1662 1503 1758 1546; x_wconf 92' lang='lat' dir='ltr'>finis</span> <span class='ocrx_word' id='word_1_177' title='bbox 1787 1518 1924 1559; x_wconf 90' lang='lat' dir='ltr'>neque</span> <span class='ocrx_word' id='word_1_178' title='bbox 1955 1503 2083 1559; x_wconf 90' lang='lat' dir='ltr'>prin-—</span> 
     </span>
     <span class='ocr_line' id='line_1_22' title="bbox 254 1577 678 1632; baseline 0.005 -15"><span class='ocrx_word' id='word_1_179' title='bbox 254 1577 413 1632; x_wconf 87' lang='lat' dir='ltr'>cipium</span> <span class='ocrx_word' id='word_1_180' title='bbox 444 1577 678 1619; x_wconf 90' lang='lat' dir='ltr'>conueniat.</span> 
     </span>
    </p>

    <p class='ocr_par' dir='ltr' id='par_1_10' title="bbox 251 1649 2085 1782">
     <span class='ocr_line' id='line_1_23' title="bbox 367 1649 2085 1710; baseline 0.001 -18"><span class='ocrx_word' id='word_1_181' title='bbox 367 1652 434 1693; x_wconf 81' lang='lat'>10.</span> <span class='ocrx_word' id='word_1_182' title='bbox 464 1656 808 1708; x_wconf 64' lang='lat' dir='ltr'>aequa&#39;potestas.</span> <span class='ocrx_word' id='word_1_183' title='bbox 867 1651 1020 1709; x_wconf 76' lang='lat' dir='ltr'>Aequa.</span> <span class='ocrx_word' id='word_1_184' title='bbox 1078 1652 1164 1694; x_wconf 90' lang='lat' dir='ltr'>Pro</span> <span class='ocrx_word' id='word_1_185' title='bbox 1196 1653 1385 1710; x_wconf 76' lang='lat' dir='ltr'>aequalis.</span> <span class='ocrx_word' id='word_1_186' title='bbox 1426 1649 1564 1706; x_wconf 81' lang='lat' dir='ltr'>Quasi</span> <span class='ocrx_word' id='word_1_187' title='bbox 1593 1650 1786 1702; x_wconf 90' lang='lat' dir='ltr'>obiectio,</span> <span class='ocrx_word' id='word_1_188' title='bbox 1818 1652 1876 1693; x_wconf 89' lang='lat' dir='ltr'>ita</span> <span class='ocrx_word' id='word_1_189' title='bbox 1905 1660 1949 1693; x_wconf 89' lang='lat' dir='ltr'>ut</span> <span class='ocrx_word' id='word_1_190' title='bbox 1980 1652 2085 1693; x_wconf 87' lang='lat' dir='ltr'>alter</span> 
     </span>
     <span class='ocr_line' id='line_1_24' title="bbox 251 1724 2082 1782; baseline 0.001 -16"><span class='ocrx_word' id='word_1_191' title='bbox 251 1725 527 1781; x_wconf 87' lang='lat' dir='ltr'>responderit.</span> <span class='ocrx_word' id='word_1_192' title='bbox 568 1724 658 1774; x_wconf 81' lang='lat' dir='ltr'>Est,</span> <span class='ocrx_word' id='word_1_193' title='bbox 689 1725 839 1780; x_wconf 83' lang='lat' dir='ltr'>inquit,</span> <span class='ocrx_word' id='word_1_194' title='bbox 870 1733 1067 1781; x_wconf 87' lang='lat' dir='ltr'>potestas,</span> <span class='ocrx_word' id='word_1_195' title='bbox 1099 1727 1173 1769; x_wconf 91' lang='lat' dir='ltr'>sed</span> <span class='ocrx_word' id='word_1_196' title='bbox 1203 1742 1287 1769; x_wconf 90' lang='lat' dir='ltr'>non</span> <span class='ocrx_word' id='word_1_197' title='bbox 1307 1741 1439 1782; x_wconf 89' lang='lat' dir='ltr'>usque</span> <span class='ocrx_word' id='word_1_198' title='bbox 1470 1726 1589 1776; x_wconf 87' lang='lat' dir='ltr'>adeo,</span> <span class='ocrx_word' id='word_1_199' title='bbox 1620 1732 1665 1767; x_wconf 87' lang='lat' dir='ltr'>ut</span> <span class='ocrx_word' id='word_1_200' title='bbox 1692 1725 1838 1781; x_wconf 87' lang='lat' dir='ltr'>iniqua</span> <span class='ocrx_word' id='word_1_201' title='bbox 1857 1726 2082 1782; x_wconf 86' lang='lat' dir='ltr'>fingantur.</span> 
     </span>
    </p>

    <p class='ocr_par' dir='ltr' id='par_1_11' title="bbox 252 1799 2083 2004">
     <span class='ocr_line' id='line_1_25' title="bbox 367 1799 2083 1857; baseline 0.001 -16"><span class='ocrx_word' id='word_1_202' title='bbox 367 1801 431 1841; x_wconf 86' lang='lat'>11.</span> <span class='ocrx_word' id='word_1_203' title='bbox 465 1799 633 1842; x_wconf 74' lang='lat' dir='ltr'>Scimus.</span> <span class='ocrx_word' id='word_1_204' title='bbox 695 1799 811 1857; x_wconf 87' lang='lat' dir='ltr'>[Hoc</span> <span class='ocrx_word' id='word_1_205' title='bbox 840 1799 900 1841; x_wconf 84' lang='lat' dir='ltr'>ita</span> <span class='ocrx_word' id='word_1_206' title='bbox 930 1800 1053 1857; x_wconf 67' lang='lat' dir='ltr'>esse]</span> <span class='ocrx_word' id='word_1_207' title='bbox 1117 1799 1289 1843; x_wconf 84' lang='lat' dir='ltr'>Scilicet</span> <span class='ocrx_word' id='word_1_208' title='bbox 1320 1801 1412 1843; x_wconf 91' lang='lat' dir='ltr'>hoc.</span> <span class='ocrx_word' id='word_1_209' title='bbox 1462 1809 1498 1843; x_wconf 76' lang='lat' dir='ltr'>et</span> <span class='ocrx_word' id='word_1_210' title='bbox 1518 1801 1619 1842; x_wconf 80' lang='lat' dir='ltr'>hanc</span> <span class='ocrx_word' id='word_1_211' title='bbox 1648 1801 1808 1842; x_wconf 73' lang='lat' dir='ltr'>ueniam</span> <span class='ocrx_word' id='word_1_212' title='bbox 1831 1808 1912 1857; x_wconf 80' lang='lat' dir='ltr'>pet.</span> <span class='ocrx_word' id='word_1_213' title='bbox 1943 1801 1980 1842; x_wconf 82' lang='lat' dir='ltr'>d.</span> <span class='ocrx_word' id='word_1_214' title='bbox 2004 1801 2083 1842; x_wconf 80' lang='lat' dir='ltr'>uic.</span> 
     </span>
     <span class='ocr_line' id='line_1_26' title="bbox 253 1873 2082 1930; baseline -0.001 -14"><span class='ocrx_word' id='word_1_215' title='bbox 253 1874 371 1916; x_wconf 78' lang='lat' dir='ltr'>Sicut</span> <span class='ocrx_word' id='word_1_216' title='bbox 400 1889 476 1916; x_wconf 90' lang='lat' dir='ltr'>nos</span> <span class='ocrx_word' id='word_1_217' title='bbox 519 1874 734 1916; x_wconf 86' lang='lat' dir='ltr'>licentiam</span> <span class='ocrx_word' id='word_1_218' title='bbox 779 1874 1047 1916; x_wconf 88' lang='lat' dir='ltr'>concedimus</span> <span class='ocrx_word' id='word_1_219' title='bbox 1092 1875 1186 1917; x_wconf 90' lang='lat' dir='ltr'>aliis</span> <span class='ocrx_word' id='word_1_220' title='bbox 1224 1875 1422 1926; x_wconf 89' lang='lat' dir='ltr'>scribere,</span> <span class='ocrx_word' id='word_1_221' title='bbox 1468 1874 1526 1916; x_wconf 84' lang='lat' dir='ltr'>ita</span> <span class='ocrx_word' id='word_1_222' title='bbox 1555 1874 1679 1917; x_wconf 91' lang='lat' dir='ltr'>nobis</span> <span class='ocrx_word' id='word_1_223' title='bbox 1724 1873 1906 1930; x_wconf 86' lang='lat' dir='ltr'>petimus</span> <span class='ocrx_word' id='word_1_224' title='bbox 1942 1873 2082 1916; x_wconf 88' lang='lat' dir='ltr'>licere.</span> 
     </span>
     <span class='ocr_line' id='line_1_27' title="bbox 252 1947 1323 2004; baseline 0.001 -15"><span class='ocrx_word' id='word_1_225' title='bbox 252 1947 454 1998; x_wconf 88' lang='lat' dir='ltr'>Petimus,</span> <span class='ocrx_word' id='word_1_226' title='bbox 486 1947 608 2002; x_wconf 86' lang='lat' dir='ltr'>quasi</span> <span class='ocrx_word' id='word_1_227' title='bbox 636 1955 798 2004; x_wconf 82' lang='lat' dir='ltr'>poetae,</span> <span class='ocrx_word' id='word_1_228' title='bbox 832 1948 993 1997; x_wconf 86' lang='lat' dir='ltr'>damus,</span> <span class='ocrx_word' id='word_1_229' title='bbox 1024 1948 1145 2004; x_wconf 86' lang='lat' dir='ltr'>quasi</span> <span class='ocrx_word' id='word_1_230' title='bbox 1176 1948 1323 1992; x_wconf 84' lang='lat' dir='ltr'>critici.</span> 
     </span>
    </p>
   </div>
   <div class='ocr_carea' id='block_1_5' title="bbox 249 2178 2082 3175">
    <p class='ocr_par' dir='ltr' id='par_1_12' title="bbox 249 2178 2082 2844">
     <span class='ocr_line' id='line_1_28' title="bbox 368 2178 2080 2218; baseline 0.001 -10"><span class='ocrx_word' id='word_1_231' title='bbox 368 2178 401 2218; x_wconf 90' lang='lat'>1)</span> <span class='ocrx_word' id='word_1_232' title='bbox 428 2182 460 2208; x_wconf 85' lang='lat' dir='ltr'>et</span> <span class='ocrx_word' id='word_1_233' title='bbox 484 2178 601 2216; x_wconf 67' lang='lat' dir='ltr'>mult-is,</span> <span class='ocrx_word' id='word_1_234' title='bbox 626 2179 808 2209; x_wconf 82' lang='lat' dir='ltr'>coniunctis</span> <span class='ocrx_word' id='word_1_235' title='bbox 836 2179 994 2217; x_wconf 85' lang='lat' dir='ltr'>superiori</span> <span class='ocrx_word' id='word_1_236' title='bbox 1020 2179 1140 2209; x_wconf 79' lang='lat' dir='ltr'>formae</span> <span class='ocrx_word' id='word_1_237' title='bbox 1167 2178 1203 2210; x_wconf 91' lang='lat' dir='ltr'>C.</span> <span class='ocrx_word' id='word_1_238' title='bbox 1228 2180 1339 2209; x_wconf 71' lang='lat' dir='ltr'>multas</span> <span class='ocrx_word' id='word_1_239' title='bbox 1364 2179 1410 2209; x_wconf 85' lang='lat' dir='ltr'>fh.</span> <span class='ocrx_word' id='word_1_240' title='bbox 1444 2179 1572 2209; x_wconf 74' lang='lat' dir='ltr'>multum</span> <span class='ocrx_word' id='word_1_241' title='bbox 1607 2180 1768 2218; x_wconf 74' lang='lat' dir='ltr'>praecepit</span> <span class='ocrx_word' id='word_1_242' title='bbox 1804 2182 1929 2217; x_wconf 84' lang='lat' dir='ltr'>poetam</span> <span class='ocrx_word' id='word_1_243' title='bbox 1965 2189 2080 2210; x_wconf 85' lang='lat' dir='ltr'>conue-</span> 
     </span>
     <span class='ocr_line' id='line_1_29' title="bbox 251 2235 2080 2276; baseline 0.001 -11"><span class='ocrx_word' id='word_1_244' title='bbox 251 2235 377 2266; x_wconf 76' lang='lat' dir='ltr'>nientia</span> <span class='ocrx_word' id='word_1_245' title='bbox 402 2244 530 2265; x_wconf 70' lang='lat' dir='ltr'>seruare</span> <span class='ocrx_word' id='word_1_246' title='bbox 554 2236 671 2265; x_wconf 89' lang='lat' dir='ltr'>debere</span> <span class='ocrx_word' id='word_1_247' title='bbox 694 2246 709 2265; x_wconf 91' lang='lat' dir='ltr'>r</span> <span class='ocrx_word' id='word_1_248' title='bbox 737 2236 826 2274; x_wconf 87' lang='lat' dir='ltr'>(post</span> <span class='ocrx_word' id='word_1_249' title='bbox 840 2237 1024 2266; x_wconf 74' lang='lat' dir='ltr'>coniunctIS</span> <span class='ocrx_word' id='word_1_250' title='bbox 1045 2254 1084 2256; x_wconf 73' lang='lat'>——</span> <span class='ocrx_word' id='word_1_251' title='bbox 1102 2237 1228 2276; x_wconf 76' lang='lat' dir='ltr'>piscis),</span> <span class='ocrx_word' id='word_1_252' title='bbox 1253 2241 1289 2266; x_wconf 87' lang='lat' dir='ltr'>ut</span> <span class='ocrx_word' id='word_1_253' title='bbox 1314 2246 1334 2265; x_wconf 90' lang='lat' dir='ltr'>v</span> <span class='ocrx_word' id='word_1_254' title='bbox 1360 2236 1657 2276; x_wconf 69' lang='lat' dir='ltr'>(conuenientium).</span> <span class='ocrx_word' id='word_1_255' title='bbox 1686 2241 1717 2266; x_wconf 88' lang='lat' dir='ltr'>et</span> <span class='ocrx_word' id='word_1_256' title='bbox 1742 2244 1794 2266; x_wconf 88' lang='lat' dir='ltr'>ca:</span> <span class='ocrx_word' id='word_1_257' title='bbox 1822 2235 1966 2274; x_wconf 72' lang='lat' dir='ltr'>(multum</span> <span class='ocrx_word' id='word_1_258' title='bbox 1991 2246 2080 2275; x_wconf 85' lang='lat' dir='ltr'>prae-</span> 
     </span>
     <span class='ocr_line' id='line_1_30' title="bbox 249 2292 2079 2332; baseline 0.001 -11"><span class='ocrx_word' id='word_1_259' title='bbox 249 2293 324 2331; x_wconf 73' lang='lat' dir='ltr'>cipit</span> <span class='ocrx_word' id='word_1_260' title='bbox 341 2293 599 2323; x_wconf 75' lang='lat' dir='ltr'>eonuenientiam</span> <span class='ocrx_word' id='word_1_261' title='bbox 616 2297 737 2331; x_wconf 75' lang='lat' dir='ltr'>poetam</span> <span class='ocrx_word' id='word_1_262' title='bbox 755 2302 881 2322; x_wconf 70' lang='lat' dir='ltr'>seruat-e</span> <span class='ocrx_word' id='word_1_263' title='bbox 907 2294 1033 2323; x_wconf 86' lang='lat' dir='ltr'>debere.</span> <span class='ocrx_word' id='word_1_264' title='bbox 1060 2294 1220 2332; x_wconf 82' lang='lat' dir='ltr'>Praecipit</span> <span class='ocrx_word' id='word_1_265' title='bbox 1249 2297 1354 2331; x_wconf 78' lang='lat' dir='ltr'>poetae</span> <span class='ocrx_word' id='word_1_266' title='bbox 1379 2294 1641 2324; x_wconf 86' lang='lat' dir='ltr'>conuenientiam</span> <span class='ocrx_word' id='word_1_267' title='bbox 1667 2303 1791 2323; x_wconf 85' lang='lat' dir='ltr'>seruare</span> <span class='ocrx_word' id='word_1_268' title='bbox 1805 2292 1945 2332; x_wconf 77' lang='lat' dir='ltr'>(seruari</span> <span class='ocrx_word' id='word_1_269' title='bbox 1959 2293 2010 2332; x_wconf 83' lang='lat' dir='ltr'>fh)</span> <span class='ocrx_word' id='word_1_270' title='bbox 2027 2293 2079 2323; x_wconf 85' lang='lat' dir='ltr'>de-</span> 
     </span>
     <span class='ocr_line' id='line_1_31' title="bbox 250 2349 2081 2389; baseline 0 -10"><span class='ocrx_word' id='word_1_271' title='bbox 250 2350 324 2379; x_wconf 83' lang='lat' dir='ltr'>bere</span> <span class='ocrx_word' id='word_1_272' title='bbox 348 2349 425 2389; x_wconf 66' lang='lat' dir='ltr'>-(‚fh.</span> <span class='ocrx_word' id='word_1_273' title='bbox 453 2354 486 2379; x_wconf 86' lang='lat' dir='ltr'>et</span> <span class='ocrx_word' id='word_1_274' title='bbox 511 2350 638 2379; x_wconf 66' lang='lat' dir='ltr'>multum</span> <span class='ocrx_word' id='word_1_275' title='bbox 662 2349 824 2388; x_wconf 75' lang='lat' dir='ltr'>praecepit</span> <span class='ocrx_word' id='word_1_276' title='bbox 849 2354 942 2388; x_wconf 72' lang='lat' dir='ltr'>poeta</span> <span class='ocrx_word' id='word_1_277' title='bbox 966 2350 1224 2380; x_wconf 80' lang='lat' dir='ltr'>conuenientiam</span> <span class='ocrx_word' id='word_1_278' title='bbox 1249 2360 1377 2380; x_wconf 80' lang='lat' dir='ltr'>seruare</span> <span class='ocrx_word' id='word_1_279' title='bbox 1402 2352 1520 2380; x_wconf 86' lang='lat' dir='ltr'>debere</span> <span class='ocrx_word' id='word_1_280' title='bbox 1535 2350 1574 2380; x_wconf 92' lang='lat' dir='ltr'>X.</span> <span class='ocrx_word' id='word_1_281' title='bbox 1601 2354 1631 2380; x_wconf 89' lang='lat' dir='ltr'>et</span> <span class='ocrx_word' id='word_1_282' title='bbox 1658 2351 1794 2380; x_wconf 88' lang='lat' dir='ltr'>multum</span> <span class='ocrx_word' id='word_1_283' title='bbox 1812 2350 1970 2388; x_wconf 85' lang='lat' dir='ltr'>praecipit</span> <span class='ocrx_word' id='word_1_284' title='bbox 1988 2354 2081 2388; x_wconf 75' lang='lat' dir='ltr'>poeta</span> 
     </span>
     <span class='ocr_line' id='line_1_32' title="bbox 251 2405 2082 2446; baseline 0.001 -11"><span class='ocrx_word' id='word_1_285' title='bbox 251 2405 394 2444; x_wconf 83' lang='lat' dir='ltr'>(poetam</span> <span class='ocrx_word' id='word_1_286' title='bbox 421 2406 464 2445; x_wconf 82' lang='lat' dir='ltr'>Q)</span> <span class='ocrx_word' id='word_1_287' title='bbox 491 2406 749 2436; x_wconf 76' lang='lat' dir='ltr'>conuenientiam</span> <span class='ocrx_word' id='word_1_288' title='bbox 774 2406 900 2436; x_wconf 69' lang='lat' dir='ltr'>seruari</span> <span class='ocrx_word' id='word_1_289' title='bbox 923 2407 1048 2436; x_wconf 50' lang='lat' dir='ltr'>(lebvre.</span> <span class='ocrx_word' id='word_1_290' title='bbox 1073 2406 1212 2446; x_wconf 79' lang='lat' dir='ltr'>NG(Q).</span> <span class='ocrx_word' id='word_1_291' title='bbox 1241 2407 1339 2437; x_wconf 82' lang='lat' dir='ltr'>schol.</span> <span class='ocrx_word' id='word_1_292' title='bbox 1366 2417 1427 2437; x_wconf 89' lang='lat' dir='ltr'>om.</span> <span class='ocrx_word' id='word_1_293' title='bbox 1454 2408 1484 2443; x_wconf 85' lang='lat' dir='ltr'>b,</span> <span class='ocrx_word' id='word_1_294' title='bbox 1518 2408 1551 2437; x_wconf 91' lang='lat' dir='ltr'>in</span> <span class='ocrx_word' id='word_1_295' title='bbox 1577 2417 1637 2446; x_wconf 88' lang='lat' dir='ltr'>quo</span> <span class='ocrx_word' id='word_1_296' title='bbox 1663 2407 1728 2436; x_wconf 85' lang='lat' dir='ltr'>alia</span> <span class='ocrx_word' id='word_1_297' title='bbox 1752 2411 1827 2436; x_wconf 88' lang='lat' dir='ltr'>sunt</span> <span class='ocrx_word' id='word_1_298' title='bbox 1852 2407 1982 2443; x_wconf 87' lang='lat' dir='ltr'>omissa,</span> <span class='ocrx_word' id='word_1_299' title='bbox 2015 2407 2082 2436; x_wconf 80' lang='lat' dir='ltr'>alia</span> 
     </span>
     <span class='ocr_line' id='line_1_33' title="bbox 250 2462 2078 2505; baseline -0.001 -12"><span class='ocrx_word' id='word_1_300' title='bbox 250 2464 457 2502; x_wconf 85' lang='lat' dir='ltr'>transposita.</span> <span class='ocrx_word' id='word_1_301' title='bbox 508 2463 542 2502; x_wconf 86' lang='lat'>3)</span> <span class='ocrx_word' id='word_1_302' title='bbox 567 2463 772 2501; x_wconf 31' lang='lat' dir='ltr'>utffipiscis</span> <span class='ocrx_word' id='word_1_303' title='bbox 797 2473 857 2493; x_wconf 87' lang='lat' dir='ltr'>om.</span> <span class='ocrx_word' id='word_1_304' title='bbox 883 2472 909 2505; x_wconf 82' lang='grc' dir='ltr'>γ.</span> <span class='ocrx_word' id='word_1_305' title='bbox 959 2464 993 2502; x_wconf 84' lang='grc'>4)</span> <span class='ocrx_word' id='word_1_306' title='bbox 1019 2463 1157 2494; x_wconf 87' lang='lat' dir='ltr'>Foedum</span> <span class='ocrx_word' id='word_1_307' title='bbox 1182 2473 1240 2494; x_wconf 88' lang='lat' dir='ltr'>om.</span> <span class='ocrx_word' id='word_1_308' title='bbox 1265 2463 1459 2505; x_wconf 69' lang='lat' dir='ltr'>·(.(tarpiter.</span> <span class='ocrx_word' id='word_1_309' title='bbox 1485 2464 1577 2494; x_wconf 86' lang='lat' dir='ltr'>foede</span> <span class='ocrx_word' id='word_1_310' title='bbox 1601 2462 1651 2503; x_wconf 87' lang='lat' dir='ltr'>C).</span> <span class='ocrx_word' id='word_1_311' title='bbox 1666 2463 1720 2493; x_wconf 79' lang='lat' dir='ltr'>uel</span> <span class='ocrx_word' id='word_1_312' title='bbox 1743 2474 1768 2493; x_wconf 91' lang='lat' dir='ltr'>r.</span> <span class='ocrx_word' id='word_1_313' title='bbox 1795 2464 1866 2493; x_wconf 88' lang='lat' dir='ltr'>rell.</span> <span class='ocrx_word' id='word_1_314' title='bbox 1892 2473 1952 2492; x_wconf 89' lang='lat' dir='ltr'>om.</span> <span class='ocrx_word' id='word_1_315' title='bbox 1979 2463 2078 2493; x_wconf 88' lang='lat' dir='ltr'>schol.</span> 
     </span>
     <span class='ocr_line' id='line_1_34' title="bbox 251 2519 2079 2562; baseline 0 -13"><span class='ocrx_word' id='word_1_316' title='bbox 251 2531 312 2550; x_wconf 88' lang='lat' dir='ltr'>om.</span> <span class='ocrx_word' id='word_1_317' title='bbox 339 2519 407 2557; x_wconf 83' lang='lat' dir='ltr'>b‚C.</span> <span class='ocrx_word' id='word_1_318' title='bbox 457 2521 491 2560; x_wconf 83' lang='lat'>5)</span> <span class='ocrx_word' id='word_1_319' title='bbox 517 2520 665 2550; x_wconf 89' lang='lat' dir='ltr'>Finiatur</span> <span class='ocrx_word' id='word_1_320' title='bbox 691 2530 750 2550; x_wconf 83' lang='lat' dir='ltr'>om.</span> <span class='ocrx_word' id='word_1_321' title='bbox 776 2521 825 2562; x_wconf 73' lang='grc' dir='ltr'>γὶ).</span> <span class='ocrx_word' id='word_1_322' title='bbox 876 2521 909 2559; x_wconf 78' lang='lat' dir='ltr'>G)</span> <span class='ocrx_word' id='word_1_323' title='bbox 933 2521 968 2550; x_wconf 81' lang='lat' dir='ltr'>id</span> <span class='ocrx_word' id='word_1_324' title='bbox 987 2525 1045 2559; x_wconf 86' lang='lat' dir='ltr'>est,</span> <span class='ocrx_word' id='word_1_325' title='bbox 1072 2521 1160 2559; x_wconf 72' lang='lat' dir='ltr'>pistr.</span> <span class='ocrx_word' id='word_1_326' title='bbox 1185 2520 1318 2557; x_wconf 56' lang='lat' dir='ltr'>Ncha</span> <span class='ocrx_word' id='word_1_327' title='bbox 1335 2519 1484 2560; x_wconf 79' lang='lat' dir='ltr'>C(G‘.&gt;Q).</span> <span class='ocrx_word' id='word_1_328' title='bbox 1505 2521 1539 2550; x_wconf 82' lang='lat' dir='ltr'>id</span> <span class='ocrx_word' id='word_1_329' title='bbox 1564 2524 1613 2551; x_wconf 83' lang='lat' dir='ltr'>est</span> <span class='ocrx_word' id='word_1_330' title='bbox 1636 2520 1668 2550; x_wconf 74' lang='lat' dir='ltr'>in</span> <span class='ocrx_word' id='word_1_331' title='bbox 1692 2530 1721 2559; x_wconf 88' lang='lat' dir='ltr'>p.</span> <span class='ocrx_word' id='word_1_332' title='bbox 1746 2529 1764 2561; x_wconf 77' lang='grc' dir='ltr'>γ</span> <span class='ocrx_word' id='word_1_333' title='bbox 1786 2519 1883 2557; x_wconf 65' lang='lat' dir='ltr'>Med„</span> <span class='ocrx_word' id='word_1_334' title='bbox 1908 2520 1953 2550; x_wconf 81' lang='lat' dir='ltr'>fh.</span> <span class='ocrx_word' id='word_1_335' title='bbox 1980 2519 2079 2549; x_wconf 64' lang='lat' dir='ltr'>mami-</span> 
     </span>
     <span class='ocr_line' id='line_1_35' title="bbox 250 2574 2078 2619; baseline -0.001 -13"><span class='ocrx_word' id='word_1_336' title='bbox 250 2587 329 2606; x_wconf 88' lang='lat' dir='ltr'>mam</span> <span class='ocrx_word' id='word_1_337' title='bbox 355 2577 481 2606; x_wconf 88' lang='lat' dir='ltr'>beluam</span> <span class='ocrx_word' id='word_1_338' title='bbox 506 2576 553 2606; x_wconf 72' lang='lat' dir='ltr'>uel</span> <span class='ocrx_word' id='word_1_339' title='bbox 576 2578 740 2615; x_wconf 85' lang='lat' dir='ltr'>pistricem</span> <span class='ocrx_word' id='word_1_340' title='bbox 766 2587 790 2606; x_wconf 93' lang='lat' dir='ltr'>r.</span> <span class='ocrx_word' id='word_1_341' title='bbox 816 2577 865 2606; x_wconf 92' lang='lat' dir='ltr'>De</span> <span class='ocrx_word' id='word_1_342' title='bbox 913 2586 939 2619; x_wconf 83' lang='grc' dir='ltr'>γ.</span> <span class='ocrx_word' id='word_1_343' title='bbox 964 2578 1034 2608; x_wconf 86' lang='lat' dir='ltr'>rell.</span> <span class='ocrx_word' id='word_1_344' title='bbox 1060 2588 1119 2608; x_wconf 87' lang='lat' dir='ltr'>oui.</span> <span class='ocrx_word' id='word_1_345' title='bbox 1147 2577 1307 2616; x_wconf 75' lang='lat' dir='ltr'>superiori</span> <span class='ocrx_word' id='word_1_346' title='bbox 1330 2588 1355 2607; x_wconf 90' lang='lat' dir='ltr'>r.</span> <span class='ocrx_word' id='word_1_347' title='bbox 1383 2578 1416 2607; x_wconf 86' lang='lat' dir='ltr'>id</span> <span class='ocrx_word' id='word_1_348' title='bbox 1442 2581 1491 2607; x_wconf 83' lang='lat' dir='ltr'>est</span> <span class='ocrx_word' id='word_1_349' title='bbox 1515 2587 1543 2619; x_wconf 75' lang='grc' dir='ltr'>γ.</span> <span class='ocrx_word' id='word_1_350' title='bbox 1567 2577 1638 2607; x_wconf 87' lang='lat' dir='ltr'>rell.</span> <span class='ocrx_word' id='word_1_351' title='bbox 1664 2587 1725 2607; x_wconf 87' lang='lat' dir='ltr'>om.</span> <span class='ocrx_word' id='word_1_352' title='bbox 1761 2581 1792 2606; x_wconf 80' lang='lat' dir='ltr'>et</span> <span class='ocrx_word' id='word_1_353' title='bbox 1817 2587 1879 2607; x_wconf 91' lang='lat' dir='ltr'>om.</span> <span class='ocrx_word' id='word_1_354' title='bbox 1905 2586 1932 2619; x_wconf 81' lang='grc' dir='ltr'>γ.</span> <span class='ocrx_word' id='word_1_355' title='bbox 1983 2576 2017 2616; x_wconf 86' lang='grc'>9)</span> <span class='ocrx_word' id='word_1_356' title='bbox 2044 2574 2078 2605; x_wconf 91' lang='lat' dir='ltr'>Si</span> 
     </span>
     <span class='ocr_line' id='line_1_36' title="bbox 250 2631 2077 2675; baseline -0.001 -12"><span class='ocrx_word' id='word_1_357' title='bbox 250 2631 437 2664; x_wconf 27' lang='lat' dir='ltr'>ffltenere‘?</span> <span class='ocrx_word' id='word_1_358' title='bbox 463 2634 523 2663; x_wconf 87' lang='lat' dir='ltr'>Vel</span> <span class='ocrx_word' id='word_1_359' title='bbox 548 2642 607 2663; x_wconf 73' lang='lat' dir='ltr'>om.</span> <span class='ocrx_word' id='word_1_360' title='bbox 633 2634 682 2675; x_wconf 72' lang='grc' dir='ltr'>γὶ).</span> <span class='ocrx_word' id='word_1_361' title='bbox 734 2633 789 2672; x_wconf 88' lang='grc'>10)</span> <span class='ocrx_word' id='word_1_362' title='bbox 816 2638 881 2672; x_wconf 86' lang='lat' dir='ltr'>pot.</span> <span class='ocrx_word' id='word_1_363' title='bbox 907 2634 1016 2663; x_wconf 74' lang='lat' dir='ltr'>habere</span> <span class='ocrx_word' id='word_1_364' title='bbox 1035 2645 1081 2664; x_wconf 82' lang='lat' dir='ltr'>rv.</span> <span class='ocrx_word' id='word_1_365' title='bbox 1109 2635 1286 2673; x_wconf 79' lang='lat' dir='ltr'>Spectatwn.</span> <span class='ocrx_word' id='word_1_366' title='bbox 1315 2634 1458 2663; x_wconf 82' lang='lat' dir='ltr'>Admissi</span> <span class='ocrx_word' id='word_1_367' title='bbox 1478 2638 1656 2672; x_wconf 83' lang='lat' dir='ltr'>spectatum</span> <span class='ocrx_word' id='word_1_368' title='bbox 1675 2634 1705 2663; x_wconf 88' lang='lat' dir='ltr'>id</span> <span class='ocrx_word' id='word_1_369' title='bbox 1724 2637 1771 2663; x_wconf 82' lang='lat' dir='ltr'>est</span> <span class='ocrx_word' id='word_1_370' title='bbox 1788 2634 1818 2662; x_wconf 94' lang='lat' dir='ltr'>b.</span> <span class='ocrx_word' id='word_1_371' title='bbox 1872 2633 1928 2672; x_wconf 87' lang='lat'>11)</span> <span class='ocrx_word' id='word_1_372' title='bbox 1955 2637 2077 2671; x_wconf 85' lang='lat' dir='ltr'>specta-</span> 
     </span>
     <span class='ocr_line' id='line_1_37' title="bbox 249 2689 2078 2729; baseline -0.001 -9"><span class='ocrx_word' id='word_1_373' title='bbox 249 2691 350 2720; x_wconf 72' lang='lat' dir='ltr'>culum</span> <span class='ocrx_word' id='word_1_374' title='bbox 375 2692 406 2720; x_wconf 90' lang='lat' dir='ltr'>b.</span> <span class='ocrx_word' id='word_1_375' title='bbox 432 2691 557 2729; x_wconf 81' lang='lat' dir='ltr'>glossa:</span> <span class='ocrx_word' id='word_1_376' title='bbox 584 2700 642 2728; x_wconf 85' lang='lat' dir='ltr'>pro</span> <span class='ocrx_word' id='word_1_377' title='bbox 667 2691 708 2719; x_wconf 80' lang='lat' dir='ltr'>ad</span> <span class='ocrx_word' id='word_1_378' title='bbox 725 2691 936 2728; x_wconf 82' lang='lat' dir='ltr'>spectandum</span> <span class='ocrx_word' id='word_1_379' title='bbox 952 2692 983 2720; x_wconf 82' lang='lat' dir='ltr'>b.</span> <span class='ocrx_word' id='word_1_380' title='bbox 1036 2690 1091 2729; x_wconf 77' lang='lat'>12)</span> <span class='ocrx_word' id='word_1_381' title='bbox 1119 2691 1185 2720; x_wconf 73' lang='lat' dir='ltr'>tale</span> <span class='ocrx_word' id='word_1_382' title='bbox 1214 2708 1253 2711; x_wconf 87' lang='lat'>—</span> <span class='ocrx_word' id='word_1_383' title='bbox 1278 2691 1408 2728; x_wconf 87' lang='lat' dir='ltr'>pisones</span> <span class='ocrx_word' id='word_1_384' title='bbox 1435 2700 1494 2720; x_wconf 87' lang='lat' dir='ltr'>om.</span> <span class='ocrx_word' id='word_1_385' title='bbox 1520 2691 1549 2719; x_wconf 91' lang='lat' dir='ltr'>b.</span> <span class='ocrx_word' id='word_1_386' title='bbox 1569 2708 1611 2710; x_wconf 84' lang='lat'>——</span> <span class='ocrx_word' id='word_1_387' title='bbox 1629 2689 1751 2728; x_wconf 74' lang='lat' dir='ltr'>potestis</span> <span class='ocrx_word' id='word_1_388' title='bbox 1776 2699 1859 2720; x_wconf 89' lang='lat' dir='ltr'>omn.</span> <span class='ocrx_word' id='word_1_389' title='bbox 1886 2690 1960 2719; x_wconf 87' lang='lat' dir='ltr'>libri</span> <span class='ocrx_word' id='word_1_390' title='bbox 1986 2697 2078 2727; x_wconf 81' lang='lat' dir='ltr'>prae-</span> 
     </span>
     <span class='ocr_line' id='line_1_38' title="bbox 249 2745 2078 2789; baseline -0.002 -12"><span class='ocrx_word' id='word_1_391' title='bbox 249 2753 297 2777; x_wconf 83' lang='lat' dir='ltr'>ter</span> <span class='ocrx_word' id='word_1_392' title='bbox 322 2748 399 2782; x_wconf 74' lang='lat' dir='ltr'>caQ.</span> <span class='ocrx_word' id='word_1_393' title='bbox 460 2747 514 2785; x_wconf 85' lang='lat'>13)</span> <span class='ocrx_word' id='word_1_394' title='bbox 542 2746 604 2782; x_wconf 77' lang='lat' dir='ltr'>Qui</span> <span class='ocrx_word' id='word_1_395' title='bbox 631 2764 670 2768; x_wconf 79' lang='lat'>-—</span> <span class='ocrx_word' id='word_1_396' title='bbox 699 2748 766 2777; x_wconf 84' lang='lat' dir='ltr'>eius</span> <span class='ocrx_word' id='word_1_397' title='bbox 793 2757 852 2777; x_wconf 87' lang='lat' dir='ltr'>om.</span> <span class='ocrx_word' id='word_1_398' title='bbox 877 2757 904 2789; x_wconf 79' lang='grc' dir='ltr'>γ.</span> <span class='ocrx_word' id='word_1_399' title='bbox 932 2749 986 2785; x_wconf 90' lang='lat' dir='ltr'>qui</span> <span class='ocrx_word' id='word_1_400' title='bbox 1012 2757 1075 2777; x_wconf 91' lang='lat' dir='ltr'>non</span> <span class='ocrx_word' id='word_1_401' title='bbox 1101 2749 1199 2776; x_wconf 82' lang='lat' dir='ltr'>habet</span> <span class='ocrx_word' id='word_1_402' title='bbox 1224 2747 1385 2777; x_wconf 74' lang='lat' dir='ltr'>libidinem</span> <span class='ocrx_word' id='word_1_403' title='bbox 1410 2748 1440 2777; x_wconf 89' lang='lat' dir='ltr'>b.</span> <span class='ocrx_word' id='word_1_404' title='bbox 1467 2746 1550 2776; x_wconf 78' lang='lat' dir='ltr'>conf.</span> <span class='ocrx_word' id='word_1_405' title='bbox 1571 2745 1612 2776; x_wconf 91' lang='lat' dir='ltr'>C:</span> <span class='ocrx_word' id='word_1_406' title='bbox 1645 2746 1726 2777; x_wconf 78' lang='lat' dir='ltr'>Ordo</span> <span class='ocrx_word' id='word_1_407' title='bbox 1750 2751 1808 2776; x_wconf 75' lang='lat' dir='ltr'>est:</span> <span class='ocrx_word' id='word_1_408' title='bbox 1835 2747 1927 2776; x_wconf 86' lang='lat' dir='ltr'>cuius</span> <span class='ocrx_word' id='word_1_409' title='bbox 1951 2746 1999 2774; x_wconf 82' lang='lat' dir='ltr'>ita</span> <span class='ocrx_word' id='word_1_410' title='bbox 2022 2754 2078 2774; x_wconf 82' lang='lat' dir='ltr'>ua-</span> 
     </span>
     <span class='ocr_line' id='line_1_39' title="bbox 250 2802 2076 2844; baseline -0.001 -11"><span class='ocrx_word' id='word_1_411' title='bbox 250 2814 310 2833; x_wconf 81' lang='lat' dir='ltr'>nae</span> <span class='ocrx_word' id='word_1_412' title='bbox 334 2804 492 2844; x_wconf 74' lang='lat' dir='ltr'>finyentm·</span> <span class='ocrx_word' id='word_1_413' title='bbox 529 2805 664 2842; x_wconf 71' lang='lat' dir='ltr'>species,</span> <span class='ocrx_word' id='word_1_414' title='bbox 702 2804 790 2833; x_wconf 88' lang='lat' dir='ltr'>uelut</span> <span class='ocrx_word' id='word_1_415' title='bbox 826 2804 912 2841; x_wconf 83' lang='lat' dir='ltr'>aegri</span> <span class='ocrx_word' id='word_1_416' title='bbox 951 2804 1085 2833; x_wconf 79' lang='lat' dir='ltr'>somnia.</span> <span class='ocrx_word' id='word_1_417' title='bbox 1114 2804 1181 2833; x_wconf 84' lang='lat' dir='ltr'>eius</span> <span class='ocrx_word' id='word_1_418' title='bbox 1206 2803 1317 2833; x_wconf 65' lang='lat' dir='ltr'>uariae</span> <span class='ocrx_word' id='word_1_419' title='bbox 1343 2804 1381 2833; x_wconf 85' lang='lat' dir='ltr'>N.</span> <span class='ocrx_word' id='word_1_420' title='bbox 1449 2804 1503 2842; x_wconf 81' lang='lat'>14)</span> <span class='ocrx_word' id='word_1_421' title='bbox 1529 2803 1724 2841; x_wconf 79' lang='lat' dir='ltr'>aegrotantis</span> <span class='ocrx_word' id='word_1_422' title='bbox 1759 2803 1799 2833; x_wconf 89' lang='lat' dir='ltr'>N.</span> <span class='ocrx_word' id='word_1_423' title='bbox 1837 2802 2076 2840; x_wconf 82' lang='lat' dir='ltr'>aegrotantium</span> 
     </span>
    </p>

    <p class='ocr_par' dir='ltr' id='par_1_13' title="bbox 250 2858 2076 3175">
     <span class='ocr_line' id='line_1_40' title="bbox 286 2858 2075 2902; baseline -0.001 -13"><span class='ocrx_word' id='word_1_424' title='bbox 286 2880 290 2881; x_wconf 30' lang='grc' dir='ltr'><em>ν</em></span> <span class='ocrx_word' id='word_1_425' title='bbox 317 2862 423 2890; x_wconf 78' lang='lat' dir='ltr'>uarias</span> <span class='ocrx_word' id='word_1_426' title='bbox 450 2872 508 2891; x_wconf 82' lang='lat' dir='ltr'>om.</span> <span class='ocrx_word' id='word_1_427' title='bbox 534 2862 583 2902; x_wconf 62' lang='lat' dir='ltr'>·5b.</span> <span class='ocrx_word' id='word_1_428' title='bbox 651 2862 705 2899; x_wconf 81' lang='lat'>16)</span> <span class='ocrx_word' id='word_1_429' title='bbox 732 2861 885 2890; x_wconf 88' lang='lat' dir='ltr'>uidentur</span> <span class='ocrx_word' id='word_1_430' title='bbox 909 2860 1011 2890; x_wconf 71' lang='lat' dir='ltr'>uidere</span> <span class='ocrx_word' id='word_1_431' title='bbox 1036 2871 1059 2889; x_wconf 92' lang='lat' dir='ltr'>r.</span> <span class='ocrx_word' id='word_1_432' title='bbox 1076 2878 1117 2881; x_wconf 24' lang='lat' dir='ltr'>ff*</span> <span class='ocrx_word' id='word_1_433' title='bbox 1131 2864 1338 2899; x_wconf 83' lang='lat' dir='ltr'>aegrotantes</span> <span class='ocrx_word' id='word_1_434' title='bbox 1363 2861 1515 2890; x_wconf 85' lang='lat' dir='ltr'>uidentur</span> <span class='ocrx_word' id='word_1_435' title='bbox 1543 2860 1619 2898; x_wconf 86' lang='lat' dir='ltr'>(om.</span> <span class='ocrx_word' id='word_1_436' title='bbox 1646 2860 1690 2901; x_wconf 74' lang='grc' dir='ltr'>γ.)</span> <span class='ocrx_word' id='word_1_437' title='bbox 1717 2860 1771 2889; x_wconf 87' lang='lat' dir='ltr'>im.</span> <span class='ocrx_word' id='word_1_438' title='bbox 1798 2859 1907 2889; x_wconf 85' lang='lat' dir='ltr'>uidere</span> <span class='ocrx_word' id='word_1_439' title='bbox 1933 2859 1981 2899; x_wconf 66' lang='lat' dir='ltr'>b-s.</span> <span class='ocrx_word' id='word_1_440' title='bbox 2008 2858 2075 2887; x_wconf 89' lang='lat' dir='ltr'>rell.</span> 
     </span>
     <span class='ocr_line' id='line_1_41' title="bbox 251 2913 2076 2959; baseline -0.002 -13"><span class='ocrx_word' id='word_1_441' title='bbox 251 2928 310 2947; x_wconf 76' lang='lat' dir='ltr'>oin.</span> <span class='ocrx_word' id='word_1_442' title='bbox 364 2920 417 2957; x_wconf 79' lang='grc'>17)</span> <span class='ocrx_word' id='word_1_443' title='bbox 444 2922 544 2957; x_wconf 77' lang='lat' dir='ltr'>caput.</span> <span class='ocrx_word' id='word_1_444' title='bbox 570 2919 700 2947; x_wconf 85' lang='lat' dir='ltr'>initium</span> <span class='ocrx_word' id='word_1_445' title='bbox 725 2918 788 2959; x_wconf 78' lang='grc' dir='ltr'>Βφ.</span> <span class='ocrx_word' id='word_1_446' title='bbox 839 2916 895 2955; x_wconf 79' lang='lat'>20)</span> <span class='ocrx_word' id='word_1_447' title='bbox 921 2917 982 2947; x_wconf 87' lang='lat' dir='ltr'>Pro</span> <span class='ocrx_word' id='word_1_448' title='bbox 1007 2917 1063 2958; x_wconf 73' lang='grc' dir='ltr'>γΧ.</span> <span class='ocrx_word' id='word_1_449' title='bbox 1089 2919 1160 2949; x_wconf 86' lang='lat' dir='ltr'>rell.</span> <span class='ocrx_word' id='word_1_450' title='bbox 1187 2928 1247 2948; x_wconf 90' lang='lat' dir='ltr'>om.</span> <span class='ocrx_word' id='word_1_451' title='bbox 1274 2917 1406 2947; x_wconf 83' lang='lat' dir='ltr'>obiectio</span> <span class='ocrx_word' id='word_1_452' title='bbox 1429 2927 1455 2959; x_wconf 84' lang='grc' dir='ltr'>γ.</span> <span class='ocrx_word' id='word_1_453' title='bbox 1481 2916 1614 2946; x_wconf 85' lang='lat' dir='ltr'>obiectio</span> <span class='ocrx_word' id='word_1_454' title='bbox 1639 2920 1681 2945; x_wconf 78' lang='lat' dir='ltr'>est</span> <span class='ocrx_word' id='word_1_455' title='bbox 1705 2915 1808 2955; x_wconf 77' lang='lat' dir='ltr'>G(Q.).</span> <span class='ocrx_word' id='word_1_456' title='bbox 1835 2916 1928 2954; x_wconf 85' lang='lat' dir='ltr'>quasi</span> <span class='ocrx_word' id='word_1_457' title='bbox 1947 2924 2004 2952; x_wconf 76' lang='lat' dir='ltr'>per</span> <span class='ocrx_word' id='word_1_458' title='bbox 2027 2913 2076 2943; x_wconf 87' lang='lat' dir='ltr'>ob-</span> 
     </span>
     <span class='ocr_line' id='line_1_42' title="bbox 252 2971 2075 3014; baseline -0.002 -11"><span class='ocrx_word' id='word_1_459' title='bbox 252 2976 416 3005; x_wconf 74' lang='lat' dir='ltr'>jectionem</span> <span class='ocrx_word' id='word_1_460' title='bbox 440 2975 523 3006; x_wconf 80' lang='lat' dir='ltr'>cafh.</span> <span class='ocrx_word' id='word_1_461' title='bbox 551 2976 642 3014; x_wconf 82' lang='lat' dir='ltr'>quasi</span> <span class='ocrx_word' id='word_1_462' title='bbox 667 2975 819 3005; x_wconf 80' lang='lat' dir='ltr'>subiectio</span> <span class='ocrx_word' id='word_1_463' title='bbox 843 2975 910 3011; x_wconf 78' lang='lat' dir='ltr'>N,r.</span> <span class='ocrx_word' id='word_1_464' title='bbox 939 2984 969 3013; x_wconf 86' lang='lat' dir='ltr'>q.</span> <span class='ocrx_word' id='word_1_465' title='bbox 998 2975 1220 3004; x_wconf 74' lang='lat' dir='ltr'>subiectionem</span> <span class='ocrx_word' id='word_1_466' title='bbox 1243 2974 1341 3011; x_wconf 69' lang='lat' dir='ltr'>Med,</span> <span class='ocrx_word' id='word_1_467' title='bbox 1367 2984 1397 3004; x_wconf 86' lang='lat' dir='ltr'>v.</span> <span class='ocrx_word' id='word_1_468' title='bbox 1451 2973 1509 3012; x_wconf 79' lang='lat'>21)</span> <span class='ocrx_word' id='word_1_469' title='bbox 1535 2972 1729 3010; x_wconf 74' lang='lat' dir='ltr'>respondeat</span> <span class='ocrx_word' id='word_1_470' title='bbox 1751 2971 1796 3002; x_wconf 86' lang='lat' dir='ltr'>fh.</span> <span class='ocrx_word' id='word_1_471' title='bbox 1823 2972 2029 3009; x_wconf 74' lang='lat' dir='ltr'>responderet</span> <span class='ocrx_word' id='word_1_472' title='bbox 2051 2980 2075 3000; x_wconf 90' lang='lat' dir='ltr'>r.</span> 
     </span>
     <span class='ocr_line' id='line_1_43' title="bbox 252 3027 2076 3073; baseline -0.002 -14"><span class='ocrx_word' id='word_1_473' title='bbox 252 3031 318 3060; x_wconf 83' lang='lat' dir='ltr'>rell.</span> <span class='ocrx_word' id='word_1_474' title='bbox 347 3031 551 3068; x_wconf 72' lang='lat' dir='ltr'>responderit.</span> <span class='ocrx_word' id='word_1_475' title='bbox 579 3035 722 3070; x_wconf 84' lang='lat' dir='ltr'>potestas</span> <span class='ocrx_word' id='word_1_476' title='bbox 749 3042 809 3061; x_wconf 88' lang='lat' dir='ltr'>om.</span> <span class='ocrx_word' id='word_1_477' title='bbox 836 3041 862 3073; x_wconf 81' lang='grc' dir='ltr'>γ.</span> <span class='ocrx_word' id='word_1_478' title='bbox 890 3035 938 3060; x_wconf 88' lang='lat' dir='ltr'>set</span> <span class='ocrx_word' id='word_1_479' title='bbox 965 3041 1027 3061; x_wconf 88' lang='lat' dir='ltr'>uon</span> <span class='ocrx_word' id='word_1_480' title='bbox 1052 3041 1180 3070; x_wconf 75' lang='lat' dir='ltr'>usquam</span> <span class='ocrx_word' id='word_1_481' title='bbox 1206 3041 1240 3060; x_wconf 72' lang='lat' dir='ltr'>ece</span> <span class='ocrx_word' id='word_1_482' title='bbox 1265 3031 1344 3061; x_wconf 86' lang='lat' dir='ltr'>adeo</span> <span class='ocrx_word' id='word_1_483' title='bbox 1370 3034 1406 3060; x_wconf 89' lang='lat' dir='ltr'>ut</span> <span class='ocrx_word' id='word_1_484' title='bbox 1430 3029 1551 3059; x_wconf 72' lang='lat' dir='ltr'>inimica</span> <span class='ocrx_word' id='word_1_485' title='bbox 1576 3030 1737 3067; x_wconf 80' lang='lat' dir='ltr'>fingantur</span> <span class='ocrx_word' id='word_1_486' title='bbox 1753 3038 1781 3070; x_wconf 77' lang='grc' dir='ltr'>γ.</span> <span class='ocrx_word' id='word_1_487' title='bbox 1807 3027 1910 3067; x_wconf 78' lang='lat' dir='ltr'>iniqua</span> <span class='ocrx_word' id='word_1_488' title='bbox 1936 3029 2076 3066; x_wconf 79' lang='lat' dir='ltr'>fingatur</span> 
     </span>
     <span class='ocr_line' id='line_1_44' title="bbox 250 3084 2074 3129; baseline -0.002 -14"><span class='ocrx_word' id='word_1_489' title='bbox 250 3086 289 3115; x_wconf 81' lang='lat' dir='ltr'>X.</span> <span class='ocrx_word' id='word_1_490' title='bbox 316 3088 428 3124; x_wconf 82' lang='lat' dir='ltr'>iniqua</span> <span class='ocrx_word' id='word_1_491' title='bbox 454 3089 615 3125; x_wconf 78' lang='lat' dir='ltr'>fingantur</span> <span class='ocrx_word' id='word_1_492' title='bbox 638 3088 738 3125; x_wconf 64' lang='lat' dir='ltr'>Med,</span> <span class='ocrx_word' id='word_1_493' title='bbox 770 3097 855 3119; x_wconf 78' lang='lat' dir='ltr'>rvca.</span> <span class='ocrx_word' id='word_1_494' title='bbox 881 3087 981 3126; x_wconf 76' lang='lat' dir='ltr'>inepta</span> <span class='ocrx_word' id='word_1_495' title='bbox 1006 3087 1080 3122; x_wconf 81' lang='lat' dir='ltr'>th.</span> <span class='ocrx_word' id='word_1_496' title='bbox 1129 3087 1187 3126; x_wconf 78' lang='lat'>22)</span> <span class='ocrx_word' id='word_1_497' title='bbox 1216 3098 1239 3117; x_wconf 88' lang='lat' dir='ltr'>s.</span> <span class='ocrx_word' id='word_1_498' title='bbox 1267 3088 1326 3118; x_wconf 83' lang='lat' dir='ltr'>hoc</span> <span class='ocrx_word' id='word_1_499' title='bbox 1349 3097 1376 3129; x_wconf 82' lang='grc' dir='ltr'>γ.</span> <span class='ocrx_word' id='word_1_500' title='bbox 1401 3087 1471 3116; x_wconf 79' lang='lat' dir='ltr'>rell.</span> <span class='ocrx_word' id='word_1_501' title='bbox 1496 3085 1565 3116; x_wconf 89' lang='lat' dir='ltr'>Hoc</span> <span class='ocrx_word' id='word_1_502' title='bbox 1592 3085 1700 3125; x_wconf 81' lang='lat' dir='ltr'>(haec)</span> <span class='ocrx_word' id='word_1_503' title='bbox 1727 3085 1770 3114; x_wconf 88' lang='lat' dir='ltr'>ita</span> <span class='ocrx_word' id='word_1_504' title='bbox 1794 3094 1874 3115; x_wconf 85' lang='lat' dir='ltr'>esse.</span> <span class='ocrx_word' id='word_1_505' title='bbox 1901 3085 1979 3115; x_wconf 87' lang='lat' dir='ltr'>conf.</span> <span class='ocrx_word' id='word_1_506' title='bbox 2004 3084 2074 3128; x_wconf 73' lang='grc' dir='ltr'>Βφι</span> 
     </span>
     <span class='ocr_line' id='line_1_45' title="bbox 251 3144 987 3175; baseline 0.001 -3"><span class='ocrx_word' id='word_1_507' title='bbox 251 3144 311 3172; x_wconf 84' lang='lat' dir='ltr'>hoc</span> <span class='ocrx_word' id='word_1_508' title='bbox 336 3144 356 3172; x_wconf 91' lang='lat' dir='ltr'>i.</span> <span class='ocrx_word' id='word_1_509' title='bbox 382 3144 464 3173; x_wconf 82' lang='lat' dir='ltr'>hanc</span> <span class='ocrx_word' id='word_1_510' title='bbox 488 3144 652 3174; x_wconf 84' lang='lat' dir='ltr'>licentiam</span> <span class='ocrx_word' id='word_1_511' title='bbox 676 3145 768 3174; x_wconf 90' lang='lat' dir='ltr'>nobis</span> <span class='ocrx_word' id='word_1_512' title='bbox 794 3153 987 3175; x_wconf 82' lang='lat' dir='ltr'>concessam.</span> 
     </span>
    </p>
   </div>
  </div>
 </body>
</html>
