2148 3412
789 122 838 155 IN
864 123 1008 156 EPIST.
1034 124 1060 163 1,
1090 128 1139 157 18.
1797 117 1880 157 483

51 243 210 295 Virtus,
242 244 392 299 inquit,
439 244 549 287 inter
579 246 790 288 contraria
820 247 924 289 uitia
953 247 1077 290 debet
1106 248 1151 290 in
1180 249 1320 292 medio
1351 251 1429 293 sita
1460 264 1562 302 esse,
1607 256 1652 293 ut
1682 250 1736 293 ab
1766 256 1879 293 utro-

51 331 131 374 que
161 317 336 360 crimine
367 319 626 361 tantumdem
656 326 816 362 remota
846 321 909 362 sit.

163 391 227 433 10.
257 391 371 433 Alter
400 393 444 434 in
474 393 705 450 obsequium
733 394 841 449 plus.
900 392 1147 450 Descriptio
1179 396 1480 439 adsentationis
1512 407 1694 439 curatae.

162 465 225 505 10.
260 465 325 506 11.
357 473 394 507 et
412 466 484 507 imi
503 466 671 508 Derisor
693 467 796 508 lecti.
857 464 1059 524 [Semper
1080 469 1242 510 derisor
1263 470 1515 513 accubitoris
1537 471 1696 528 amici.]
1739 469 1877 514 Ordo:

49 544 89 580 et
116 537 191 578 imi
219 537 316 579 lecti
347 538 509 580 derisor
539 539 565 580 i.
597 539 850 581 accubitoris
881 540 1018 583 amici.
1076 541 1233 583 Ridere
1264 552 1403 584 autem
1433 544 1599 595 dicitur,
1632 545 1703 600 qui
1734 552 1773 586 et
1804 545 1879 587 ob-

49 611 238 666 sequium
268 611 424 663 laudat,
458 620 604 654 contra
635 627 762 668 quem
794 613 929 654 sentit.
1010 611 1083 656 Sic
1115 615 1217 657 alibi
1249 614 1323 671 (A.
1354 615 1403 657 P.
1434 618 1557 673 433>2
1605 619 1762 660 deriso-r
1781 620 1879 675 plus

48 685 261 727 laudatore
291 693 488 727 mouetur.
546 685 644 742 Ego
676 686 824 728 melius
854 687 1055 743 intellego
1087 687 1139 729 ab
1170 689 1248 739 his,
1294 689 1366 745 qui
1397 696 1544 745 putant
1576 692 1878 748 metonymicos

47 757 204 800 dictum
232 760 305 800 imi
332 759 428 801 leoli
452 760 668 801 derisorem
699 774 796 815 pro:
843 774 987 802 eorum
1019 761 1264 813 derisorem,
1311 763 1384 817 qui
1415 763 1459 804 in
1495 764 1580 807 imo
1610 765 1717 808 lecto
1749 766 1877 808 adcu-

46 831 146 874 bant
175 831 219 872 in
249 831 513 874 dominorum
547 833 774 883 conuiuiis3
820 849 918 875 nam
950 834 993 875 in
1025 849 1187 877 summo
1218 843 1256 877 et
1288 836 1330 877 in
1364 836 1501 879 medio
1533 838 1672 889 amici,
1718 839 1762 881 in
1792 839 1877 882 imo

49 904 188 962 [uero]
222 919 296 947 rex
326 905 418 961 ipse
449 906 687 949 discumbit.

158 980 223 1020 11.
255 981 311 1021 sic
342 988 485 1022 nutum
516 981 661 1022 clz'ut'te's.
721 979 807 1022 Hic
840 980 1187 1024 characterismos
1218 983 1483 1026 adulatorum
1515 993 1587 1027 est.

158 1053 222 1094 12.
253 1054 371 1095 iterat
401 1068 516 1096 uoces
548 1063 582 1096 et
615 1054 753 1096 uerba.
812 1053 909 1096 Hoc
940 1062 1021 1097 est:
1057 1054 1200 1097 Etiam
1233 1058 1346 1112 quod
1376 1057 1469 1100 leue
1499 1058 1657 1100 dictum
1690 1068 1764 1110 est,
1809 1075 1875 1102 re-

44 1126 149 1182 petit
179 1134 219 1168 et
249 1127 391 1168 omnia
422 1128 552 1169 uerba
583 1128 758 1184 colligit,
804 1142 856 1169 ne
887 1128 977 1170 sine
1007 1129 1133 1170 laude
1169 1130 1250 1172 sint
1291 1131 1416 1182 dicta,
1463 1147 1512 1174 ac
1544 1148 1620 1189 per
1657 1133 1736 1175 hoc
1775 1133 1875 1175 dicit

44 1199 203 1250 eadem,
235 1215 342 1255 quae
374 1201 444 1243 ille
476 1201 642 1252 dixerit,
675 1210 715 1244 01
744 1202 905 1243 nullum
936 1203 1114 1244 uerbum
1145 1218 1229 1245 non
1250 1204 1496 1256 admiratur,
1531 1207 1724 1261 quamuis
1745 1207 1875 1249 inter-

44 1273 141 1315 dum
173 1273 376 1315 eiusmodi
408 1274 473 1326 sit,
505 1282 550 1316 ut
579 1274 781 1317 exciderit
813 1290 884 1317 ore
915 1276 1068 1331 potius,
1106 1291 1232 1331 quam
1265 1277 1317 1319 sit
1348 1278 1547 1321 meditate
1579 1280 1873 1336 sapienterque

43 1346 262 1402 prolatum.

155 1422 219 1463 13.
254 1422 303 1463 Ut
327 1436 501 1479 puerum
532 1438 654 1465 saeuo
686 1424 840 1465 credas.
899 1422 1062 1465 Mirum
1094 1432 1134 1465 et
1163 1425 1344 1466 facetum
1377 1427 1627 1481 exemplum.

155 1496 220 1536 14.
251 1496 317 1538 uel
336 1505 479 1553 partes
510 1499 673 1539 mimum
708 1505 888 1539 tractare
919 1498 1127 1540 secundas.
1202 1497 1333 1541 Recte
1382 1499 1527 1556 [etiam
1558 1499 1677 1558 hoc];
1727 1515 1875 1543 secun-

43 1568 190 1610 darum
211 1569 322 1611 enim
344 1570 527 1626 partium
549 1578 710 1613 actores
741 1571 882 1613 omnia
912 1571 1119 1613 submisse
1150 1580 1292 1626 agunt.
1365 1571 1439 1615 Sic
1469 1573 1512 1615 in
1544 1573 1706 1616 actibus
1738 1574 1871 1631 [acto-

41 1641 176 1699 ribus]
221 1641 399 1686 Graecis
441 1644 570 1701 [fieri]
613 1645 807 1686 uidemus
847 1659 973 1701 saepe
1016 1645 1148 1695 illum,
1197 1646 1269 1701 qui
1301 1654 1363 1689 est
1393 1648 1673 1690 secundarum
1705 1664 1752 1691 ac
1792 1656 1908 1691 ter-⁴

42 1715 192 1757 tiarum
224 1717 409 1772 partium
441 1725 479 1760 et
513 1725 675 1760 caetera
710 1718 950 1775 [summisse
981 1718 1142 1775 agere]

154 1885 188 1925 3)
215 1885 327 1915 Descr.
353 1885 565 1916 adsentatoris
590 1885 670 1924 (ass.
697 1886 740 1925 R)
765 1895 876 1916 curare
900 1885 970 1916 MR.
1000 1885 1185 1924 Legendum
1212 1891 1259 1917 est
1286 1887 1398 1917 Descr.
1425 1888 1650 1919 adsentationis
1676 1894 1809 1919 curatae.
1835 1892 1874 1920 cs.

41 1940 108 1985 Βφε
135 1941 323 1981 Descriptio
349 1944 569 1974 inmoderatae
603 1943 653 1982 (in
678 1944 836 1973 moderate
860 1944 898 1986 φ)
936 1944 1169 1973 assentationis
1196 1947 1255 1973 etc.
1282 1944 1350 1973 rell.
1377 1945 1459 1974 nihil
1484 1945 1604 1975 habent.
1629 1947 1709 1976 nisi:
1742 1947 1875 1977 Descri-

42 1998 110 2036 ptio
134 1999 346 2029 assentatoris.
407 2000 442 2038 4)
470 2000 640 2030 derisorem
663 1999 733 2030 lecti
754 1998 828 2029 MG.
858 2000 1065 2030 accusatiuus
1091 2008 1132 2029 ex
1158 2001 1278 2031 scholio
1304 2002 1451 2039 intrauit,
1488 2003 1584 2032 sicuti
1611 2012 1651 2032 ex
1677 2003 1729 2042 qni
1753 2004 1786 2033 in
1812 2005 1874 2035 11110

41 2054 124 2086 lecto
159 2056 334 2086 accumbunt
368 2060 473 2087 ortum
510 2061 559 2087 est.
596 2056 780 2087 aecubltores
805 2057 838 2086 111
864 2056 958 2093 MR2,
998 2057 1052 2095 qui
1078 2057 1201 2087 habent
1226 2062 1298 2096 post
1324 2058 1441 2088 lemma
1467 2059 1562 2089 haec:
1602 2058 1719 2090 ‘Oi-do:
1758 2064 1789 2090 et
1818 2062 1873 2090 imi

41 2111 116 2142 lecti
140 2114 339 2143 accubitores
364 2122 488 2152 semper
514 2114 647 2143 derisor.
674 2113 785 2143 amicis
811 2113 933 2142 uideris
968 2117 1074 2144 autem
1112 2114 1232 2144 dicitur
1269 2114 1451 2153 (perperam
1477 2116 1624 2146 dicuntur
1649 2126 1697 2154 ap.
1725 2116 1768 2155 Q)
1807 2118 1872 2156 qui’

43 2172 99 2199 etc.
124 2179 181 2200 va;
208 2174 235 2200 et
258 2170 310 2200 imi
333 2170 463 2200 cleris-ior
487 2170 563 2203 lecti,
589 2171 782 2200 aceubitoris
809 2179 935 2208 semper
960 2170 1090 2200 (101131111-
1116 2172 1210 2200 amici
1236 2171 1336 2200 uideri
1358 2182 1388 2202 v.
1428 2173 1621 2203 accubitoris
1660 2181 1784 2211 semper
1820 2175 1872 2203 de-

41 2226 121 2256 risor
146 2227 250 2257 amici.
275 2226 377 2257 ridere
402 2236 431 2256 a.
459 2226 589 2265 Semper
615 2227 681 2257 der.
708 2227 816 2256 accub.
843 2227 949 2257 amici.
976 2226 1088 2257 Ridere
1113 2227 1193 2264 th.
1223 2227 1374 2259 Scholion
1391 2230 1486 2259 ualde
1505 2234 1687 2268 corruptum
1706 2230 1873 2260 emendare

43 2283 217 2322 temptaui:
246 2283 333 2315 Ordo
359 2301 400 2305 —
426 2284 531 2313 amici.
558 2284 628 2327 Βφι
658 2283 688 2312 in
712 2282 888 2322 obsequium.
915 2284 1019 2313 amici.
1070 2280 1105 2324 6)
1132 2294 1225 2323 quom
1251 2286 1317 2317 Me.
1343 2287 1413 2317 rell.
1441 2295 1542 2325 quem.
1594 2287 1627 2326 7)
1654 2287 1749 2316 laudo
1772 2297 1873 2317 remo-

41 2342 134 2370 uetur
158 2341 253 2371 MR2.
279 2341 375 2371 laudo
401 2345 603 2371 remoueatur
627 2350 657 2371 v.
707 2340 831 2379 Ego*
850 2341 1025 2371 discumbit
1050 2350 1110 2371 om.
1137 2342 1168 2371 11.
1187 2342 1208 2372 l.
1236 2342 1311 2381 M,a,
1339 2344 1391 2381 qui
1417 2347 1588 2373 transeunt
1613 2344 1653 2372 ad
1680 2344 1777 2373 schol.
1806 2354 1871 2383 seq.

41 2395 83 2427 sic
106 2401 215 2427 nutum.
243 2397 372 2428 Habent
396 2402 502 2428 autem
526 2398 586 2428 hoc
612 2397 710 2428 schol.
737 2398 885 2436 superius
912 2398 998 2428 inter
1023 2407 1054 2427 11.
1082 2399 1099 2427 7
1130 2402 1214 2429 tonsa.
1238 2417 1279 2419 ᾈ
1306 2401 1405 2430 amari
1432 2404 1462 2429 ct
1488 2410 1517 2429 11.
1545 2402 1580 2430 9:
1627 2400 1725 2430 Virtus
1750 2405 1792 2430 est
1813 2411 1871 2431 me-

42 2454 130 2485 dium.
179 2456 213 2495 8)
239 2456 431 2486 accumbunt
455 2455 533 2491 th.
561 2455 709 2485 accubant
735 2455 794 2484 Ra.
820 2455 847 2491 Q
872 2456 989 2486 refert:
1025 2456 1210 2486 ‘accumbant
1234 2457 1255 2485 i.
1283 2466 1308 2486 e.
1336 2458 1419 2487 dom.
1449 2458 1539 2487 codd.
1566 2456 1638 2487 Pat.
1666 2459 1773 2495 recte,y
1800 2468 1871 2497 per-

42 2521 149 2550 peram
174 2513 314 2551 quidem,
352 2522 426 2543 nam
451 2513 546 2542 habet
573 2523 610 2542 v:
647 2522 703 2551 pro
731 2522 837 2542 eorum
872 2511 1057 2542 (lerisz’orem
1090 2512 1170 2553 (ter)
1201 2515 1256 2552 qui
1282 2515 1315 2543 in
1341 2523 1373 2543 eo
1399 2515 1460 2544 imo
1486 2515 1640 2544 accubant
1667 2515 1686 2544 i.
1713 2515 1872 2545 domorum

43 2569 211 2599 conuiuiis.
276 2569 312 2609 9)
339 2571 435 2600 amici
461 2571 493 2599 in
516 2569 575 2600 imo
598 2578 653 2599 rece
678 2570 746 2608 ipse
771 2570 814 2599 M.
842 2570 876 2599 in
902 2570 965 2600 imo
990 2579 1062 2600 uero
1085 2579 1140 2599 rese
1165 2569 1233 2600 AG.
1272 2580 1312 2600 ex
1338 2571 1384 2600 RQ
1412 2580 1476 2600 non
1502 2571 1612 2601 notaui
1637 2580 1700 2600 rer.
1728 2573 1811 2602 conf.
1839 2571 1871 2601 S.

42 2625 84 2664 II,
110 2627 139 2663 2,
164 2627 218 2657 45.
243 2626 288 2663 Q:
323 2627 383 2657 ‘De
408 2628 615 2658 restitutione
640 2627 734 2656 huius
760 2627 876 2657 scholii
902 2627 1074 2658 admodum
1099 2628 1188 2657 dubii
1216 2628 1316 2658 satius
1354 2628 1507 2657 duximus
1545 2629 1699 2657 intactum
1736 2629 1871 2668 aliisque

43 2684 277 2714 emendandum
301 2685 505 2723 relinqueres
559 2684 614 2722 12)
643 2685 739 2714 etiam
764 2682 987 2723 MRA2G(Q).
1015 2684 1084 2714 rell.
1112 2693 1213 2715 omne.
1241 2701 1282 2706 —-
1308 2685 1389 2715 lene-
1402 2685 1438 2715 R.
1504 2685 1558 2724 13)
1585 2685 1665 2714 discit
1691 2686 1805 2717 inculc.
1834 2685 1870 2721 Q.

43 2749 106 2771 non
131 2742 310 2772 admiratur
334 2741 483 2780 A2,an.
508 2742 748 2780 Dillenburger.
776 2751 806 2780 p.
837 2743 886 2771 17.
913 2742 1108 2772 admiramur
1132 2742 1176 2771 M.
1215 2743 1414 2772 admittamur
1438 2742 1472 2779 R,
1502 2742 1694 2772 admittatur
1717 2741 1763 2771 fh.
1816 2743 1871 2781 15)

45 2798 198 2830 eiusmodi
222 2799 270 2837 sit,
295 2803 327 2829 ut
350 2800 504 2830 exciderit
528 2798 568 2829 A.
594 2800 706 2829 eiusm.
732 2798 761 2828 si
783 2802 851 2829 cunc
877 2800 1027 2829 ceciderit
1054 2799 1138 2830 MR2
1166 2804 1197 2830 et
1224 2800 1291 2830 ‘alt.
1319 2802 1384 2830 uct.
1411 2799 1462 2835 A‘,
1488 2808 1517 2827 v.
1544 2799 1714 2836 eiusmodi,
1741 2797 1871 2836 dicatur,

43 2856 119 2895 quod
151 2857 305 2887 exciderit
341 2866 368 2886 a.
403 2857 570 2894 eiusmodi,
606 2861 641 2886 ut
663 2857 789 2887 dicatur
815 2857 899 2895 quod
924 2857 1076 2887 eaeciderit
1102 2856 1146 2886 fh.
1185 2856 1344 2886 eiusmodi
1380 2855 1510 2885 (ἷίςαίιιν.
1548 2859 1579 2884 ut
1614 2859 1682 2885 tunc
1718 2856 1870 2886 eoeciderit

43 2909 182 2946 Dillenb.
208 2923 238 2952 p.
267 2915 316 2943 17.
344 2914 398 2950 sit,
424 2918 461 2944 111
485 2914 637 2944 ceciderit
662 2913 699 2950 Q.
751 2913 806 2952 15)
834 2914 1006 2944 medietate
1032 2914 1103 2952 R,v.
1155 2912 1211 2952 18)
1237 2913 1331 2951 partis
1356 2912 1424 2942 MR.
1455 2929 1489 2933 -—
1521 2912 1619 2942 etiam
1644 2912 1703 2942 hoc
1727 2913 1774 2942 fh.
1801 2914 1871 2943 rell.

45 2978 103 3000 om.
127 2980 230 3002 earum
256 2972 342 3001 enim
366 2971 402 3001 R.
469 2971 524 3010 19)
551 2971 641 3000 etiam
664 2973 744 3009 part.
772 2969 867 3007 2G‚v.
934 2971 991 3010 20)
1017 2975 1079 3001 act.
1106 2969 1202 3009 gratis
1227 2969 1316 3000 vafh.
1354 2969 1456 3007 grecis
1482 2968 1695 3009 MRA2G(Q)
1721 2974 1753 3000 et
1777 2969 1870 3000 Auct.

45 3035 74 3065 p.
102 3029 176 3058 693.
214 3028 296 3059 conf.
322 3029 470 3059 Diintzer
494 3028 520 3065 Ι,
547 3029 622 3058 492.
689 3028 746 3066 21)
773 3028 940 3058 summisse
975 3027 1167 3067 MR2G(Q).
1202 3027 1297 3057 subm.
1335 3026 1421 3057 vafh.
1472 3026 1575 3056 ‘Sicut
1599 3026 1637 3055 A.
1664 3027 1698 3056 in
1724 3027 1779 3057 alt.
1806 3031 1870 3057 uet.

45 3084 113 3114 cod.
150 3084 224 3115 Sic!
261 3085 384 3124 Scripsi
418 3095 476 3124 pro
512 3084 680 3122 actm-ibim,
717 3085 800 3123 quod
826 3094 908 3115 omn.
934 3085 1011 3115 libri
1035 3088 1180 3121 tuentur,
1213 3083 1340 3113 actibus.
1367 3083 1451 3115 conf.
1477 3082 1550 3113 Acr.
1579 3086 1609 3112 et
1636 3083 1707 3113 Liu.
1734 3083 1806 3121 VII,
1834 3085 1868 3112 2:

45 3144 134 3172 aetus
158 3142 363 3174 histrionum.
401 3141 537 3178 Quintil.
564 3142 604 3179 X,
630 3142 660 3179 2,
689 3142 745 3171 11:
783 3141 822 3172 ad
847 3145 938 3172 aetus
963 3151 1140 3172 scenarum.
1164 3141 1242 3180 steri
1265 3141 1435 3171 delendum
1467 3144 1526 3170 est.
1564 3150 1600 3170 ac
1625 3140 1782 3171 tertiarum
1807 3150 1869 3171 om.

1548 3206 1597 3229 ,ἢν

1903 922 1945 954 10

1900 1290 1941 1322 15
