2148 3412
806 127 855 159 IN
881 127 1017 160 SERM.
1044 127 1068 168 1,
1095 131 1124 159 4.
1824 119 1875 159 79

52 338 106 365 an
134 337 284 378 poema
314 323 478 365 dicatur
508 323 738 373 comoedia,
774 324 873 378 quia
904 325 947 365 in
977 339 1027 366 ea
1057 340 1141 367 non
1172 333 1266 367 sunt
1298 326 1473 383 (seria?)
1503 327 1635 369 uerba
1665 326 1774 368 elata
1803 340 1877 368 ne-

52 410 130 452 que
161 410 305 438 sensus
335 397 455 446 elati3
487 397 559 451 qui
580 404 718 438 autem
740 398 828 439 uult
850 398 984 440 uideri
1001 413 1153 454 poema
1174 414 1264 441 esse
1286 400 1559 451 comoediam,
1591 400 1706 450 dicit,
1738 414 1878 442 acrem

51 469 185 512 inesse
215 470 422 525 spiritum,
461 470 667 525 siquidem
713 478 876 526 patrem
920 472 1100 513 ostendit
1143 473 1187 513 in
1231 473 1491 516 luxuriosum
1537 474 1670 516 filium
1715 474 1877 515 saeuire

51 543 327 584 uehementer.
402 542 528 585 Hanc
559 544 846 598 quaestionem
876 545 1100 587 insolutam
1131 546 1304 587 dimittit
1334 547 1555 603 statimque
1596 547 1876 603 prosequitur,

52 616 155 671 quid
186 617 403 658 comoedia
434 617 478 658 in
509 632 552 659 se
575 618 798 668 contineat,
830 626 971 674 patres
1002 619 1161 661 scilicet
1192 620 1420 663 irascentes
1451 629 1593 663 contra
1623 621 1743 663 filios.

161 691 228 731 49.
259 705 380 747 nepos
410 692 579 733 insanus
610 707 687 733 am.
718 692 860 734 Filius.
921 691 1198 735 Luxuriosus.

160 778 281 820 nepos
308 764 427 820 filius.
487 764 733 806 Adfectauit
762 765 1072 808 obscuritatem.

163 837 228 878 51.
260 837 394 879 ebrius
425 846 461 879 et
489 853 620 893 mayn.
653 840 758 894 quod
789 840 958 882 dedecus
990 841 1091 882 amb.
1166 839 1287 882 Ordo
1318 847 1401 882 est:
1450 840 1577 894 Quod
1617 841 1758 883 ebrius
1788 857 1877 883 am-

52 909 165 952 bulet
196 925 289 951 cum
319 911 495 962 facibus,
529 912 641 967 quod
671 928 870 968 magnum
904 921 965 954 est
995 913 1189 955 dedecus.

8 0 14 117 1

10 127 15 228 l

12 234 17 374 ἰ
161 251 228 291 48.
259 249 314 291 At
337 258 456 306 pater
486 251 633 292 ardens
664 250 812 293 Saeuit.
870 250 994 292 Dixit
1022 251 1233 307 superius:
1279 252 1506 302 dubitatur,
1543 260 1683 295 utrum
1712 251 1878 295 Fabula

13 376 17 432 ἶ

14 452 18 506 l

15 508 19 564 1

15 565 18 592 ι

15 607 19 663 ἔ

16 666 19 698 ι

16 701 20 743 ¹.

18 748 20 790 ἶ

18 827 22 865 1

160 992 247 1025 ante
276 993 427 1026 noctem
459 1000 550 1027 cum
578 986 659 1040 sae.
717 985 822 1028 Pro:
855 1001 931 1042 per
961 993 1140 1037 noctem,
1169 993 1241 1028 aut
1272 996 1363 1029 ante
1393 996 1557 1038 noctem,
1589 994 1684 1029 ante
1715 995 1879 1043 tempus

51 1056 198 1108 noctis,
232 1057 331 1112 quia
362 1058 476 1100 caeci
508 1066 602 1100 sunt
634 1066 854 1110 amatores,
886 1060 958 1114 qui
988 1067 1160 1102 utuntur
1188 1060 1352 1103 facibus
1384 1075 1432 1103 eo
1453 1068 1656 1116 tempore,
1693 1076 1775 1116 quo
1795 1076 1879 1103 non

53 1138 114 1173 est
142 1131 356 1173 utendum.

163 1206 228 1246 52.
260 1207 456 1261 numquid
489 1208 623 1263 Pomp.
682 1205 835 1249 Nescio
867 1206 959 1262 quis
990 1207 1240 1249 luxuriosus.
1316 1207 1482 1264 [Verba
1513 1208 1614 1258 eius,
1661 1208 1732 1263 qui
1764 1207 1878 1258 dicit,

53 1278 310 1321 comoediam
341 1294 425 1321 non
456 1293 546 1321 esse
576 1280 760 1336 poema]

162 1354 255 1395 istis.
317 1352 462 1394 Verba
492 1368 599 1408 quae
630 1353 746 1395 audit
777 1353 1022 1396 adulescens
1053 1354 1250 1396 comicus.

156 1435 288 1483 pater.
346 1425 457 1467 Num
489 1426 649 1468 leuiora
679 1427 809 1469 uerba
839 1427 1077 1470 luxuriosus
1109 1427 1273 1470 audiret
1303 1427 1577 1483 Pomponius,
1610 1442 1734 1482 quam
1765 1426 1882 1469 audit

51 1499 160 1542 filius
190 1515 215 1542 a
245 1500 405 1542 comico
436 1502 582 1556 patre?

8 1568 32 1647 ’1
164 1575 199 1615 sz‘
224 1576 390 1616 uiueret.
465 1574 569 1617 Vult
598 1575 702 1617 illud
733 1575 936 1631 intellegi,
984 1575 1095 1630 quod
1127 1574 1252 1616 etiam
1285 1574 1373 1616 sine
1405 1573 1622 1617 comoedia
1653 1574 1713 1617 sic
1742 1574 1881 1617 incre-

8 1650 32 1726 11
53 1654 206 1703 pantur
237 1662 261 1689 a
291 1647 483 1704 patribus
512 1649 729 1691 luxuriosi.

0 1734 12 1776 [2
166 1723 230 1763 54.
262 1736 355 1777 erqo
385 1737 466 1764 non
497 1724 592 1764 salis
624 1732 679 1764 est
702 1724 824 1779 puris
854 1736 959 1764 uers.
985 1723 1181 1779 perscrib.
1212 1723 1358 1764 uerbis.
1430 1721 1481 1762 Id
1512 1728 1593 1763 est:
1640 1735 1723 1762 non
1769 1721 1882 1763 suffi-

0 1810 17 1854 ¹!
55 1795 167 1838 ciunt
197 1810 300 1850 pura
329 1796 460 1837 uerba
491 1796 544 1837 ad
565 1796 866 1852 appellandum
888 1803 1056 1851 poetam
1077 1803 1209 1837 metro
1231 1795 1449 1844 conclusa3
1482 1794 1605 1836 debet
1627 1794 1738 1836 enim
1759 1801 1884 1849 poeta

0 1903 17 1911 ,,
54 1875 99 1910 ut
128 1868 277 1924 grauia
307 1869 437 1911 uerba
467 1877 505 1911 et
538 1870 770 1926 composita
802 1885 895 1911 cum
927 1869 1119 1911 sensibus
1149 1869 1269 1910 elatis
1299 1869 1467 1910 habere.
1550 1869 1671 1910 Puris
1705 1867 1881 1924 [autem]

0 1953 19 1992 μ
55 1941 143 1984 sine
173 1942 333 1998 figuris,
367 1942 444 1999 [et]
478 1958 633 1999 magno
665 1958 778 1985 sono.

0 2042 6 2066 2
33 2022 36 2078 ff
167 2017 232 2058 56.
270 2017 358 2067 Quo
384 2025 626 2072 personatus
649 2025 767 2073 paeto
782 2025 914 2072 paler.
972 2015 1168 2058 Jocunde
1198 2017 1250 2058 de
1282 2016 1454 2058 comico.
1508 2022 1765 2072 personatus.
1798 2013 1884 2056 Co-

33 2079 187 2131 ‘micus
218 2095 288 2130 aut
319 2089 512 2144 scriptus,
544 2104 767 2145 personam
799 2090 1002 2131 comica-m
1034 2104 1199 2145 gerens,
1239 2089 1290 2130 de
1322 2089 1405 2144 (in)
1438 2088 1653 2130 comoedia
1684 2088 1756 2143 qui
1786 2101 1882 2142 per—

58 2178 200 2205 sonam
231 2163 365 2218 patris
396 2163 561 2218 accipit.

169 2237 256 2278 His.
319 2234 491 2278 Scilicet
521 2236 674 2278 uerbis.
707 2251 787 2293 ego
819 2236 978 2278 scilicet
1010 2236 1162 2278 scribo.

169 2324 269 2366 quae
289 2325 409 2351 mene.
471 2308 643 2351 Subest:
676 2309 814 2352 scribo
835 2309 1027 2351 uersibus
1048 2316 1116 2350 aut
1137 2307 1280 2350 uerbis
1301 2315 1339 2350 et
1361 2308 1439 2358 his,
1472 2321 1578 2362 quae
1599 2307 1699 2348 olim
1720 2306 1888 2361 scripsit

1 2375 24 2435 11
58 2382 261 2434 Lucilius,
294 2383 328 2424 si
358 2390 592 2438 temporum
622 2384 894 2425 mutationem
926 2390 966 2424 et
994 2382 1221 2424 uerborum
1250 2382 1395 2423 tuleris
1417 2389 1457 2423 et
1476 2382 1632 2437 figuras
1654 2387 1693 2422 et
1709 2394 1885 2422 conuer-

0 2450 25 2499 ³?
59 2456 157 2499 teris
186 2456 376 2499 ordinem
409 2457 723 2512 conpositionis,
755 2457 944 2498 inuenies
976 2471 1144 2512 prosam
1177 2455 1422 2497 orationem.

175 2567 208 2606 1)
233 2567 339 2596 fabula
365 2576 406 2596 an
430 2576 457 2609 γ.
483 2567 554 2596 rell.
580 2576 639 2597 0111.
667 2567 785 2596 dicitur
808 2577 834 2609 γ,
860 2576 922 2596 11011
948 2570 1024 2596 sunt
1047 2565 1134 2595 aeria
1160 2564 1237 2604 (sic)
1263 2565 1361 2594 uerba
1385 2574 1411 2606 γ.
1463 2562 1497 2604 2)
1524 2566 1556 2594 in
1582 2563 1754 2593 Comoedia
1786 2572 1889 2602 neque

1 2606 26 2655 iil
60 2624 157 2653 uerba
181 2628 258 2653 sunt
281 2623 443 2663 mayn‘g'ftca
467 2632 570 2662 neque
606 2624 770 2653 sententia
793 2624 902 2662 grauis
938 2639 981 2644 —
1018 2621 1053 2659 C,
1091 2623 1143 2660 qui
1170 2622 1203 2650 in
1228 2621 1350 2651 scholio
1376 2630 1441 2659 seq.
1468 2621 1567 2650 habet
1590 2620 1673 2650 seria
1697 2621 1803 2649 uerba.
1852 2620 1888 2659 5)

0 2687 26 2708 -t
61 2678 151 2710 Hanc
176 2697 218 2701 —
243 2680 328 2710 filios
352 2690 379 2722 γ.
404 2680 472 2712 rell.
498 2690 559 2710 om.
626 2680 659 2719 7)
688 2679 890 2710 Luxuriosus
914 2689 941 2721 γ.
968 2679 1036 2708 rell.
1063 2688 1124 2709 om.
1152 2676 1314 2716 (Porph.).
1381 2676 1416 2715 8)
1443 2677 1557 2706 aclfect.
1582 2686 1610 2718 γ.
1637 2676 1736 2705 schol.
1761 2685 1821 2705 om.
1849 2675 1887 2713 G,

6 2739 26 2773 17?
62 2744 144 2767 mva.
195 2736 229 2775 9)
257 2737 363 2766 ebrius
388 2747 413 2778 γ.
440 2737 509 2766 rell.
536 2747 597 2767 om.
666 2737 721 2775 11)
747 2740 801 2766 aut
826 2741 893 2765 cmte
916 2739 1028 2765 noctem
1052 2744 1078 2776 γ.
1104 2735 1176 2765 rell.
1204 2743 1266 2764 om.
1292 2736 1369 2763 ante
1395 2742 1444 2762 no.
1507 2732 1562 2770 14)
1590 2732 1672 2761 Num
1696 2731 1748 2770 qui
1770 2731 1881 2769 Pomp.

0 2790 26 2821 mst
43 2781 45 2796 ¹
63 2801 89 2834 γ.
115 2801 184 2822 cum
210 2793 347 2823 scholio:
383 2794 500 2824 Nescio
526 2794 598 2832 quis
623 2793 820 2823 luxuriosus.
847 2793 916 2822 rell.
942 2802 1002 2822 om.
1028 2791 1125 2829 vulgo
1140 2790 1301 2829 Numquid.
1332 2790 1438 2819 Verba
1461 2806 1505 2810 —
1530 2797 1640 2826 poema
1668 2797 1727 2818 om.
1753 2797 1780 2829 γ.
1831 2787 1887 2826 16)

4 2855 14 2875 τί
63 2847 126 2879 istis
149 2867 191 2871 -—
216 2851 355 2880 comicus
379 2860 406 2892 γ.
432 2850 502 2880 rell.
528 2860 589 2880 om.
657 2851 712 2889 19)
738 2850 839 2880 schol.
865 2859 924 2880 om.
952 2847 1075 2886 G‚mva.
1101 2847 1169 2877 Hoc
1194 2848 1265 2877 uult
1290 2847 1472 2884 intelligere
1497 2844 1562 2880 th
1590 2844 1780 2883 (intelleg.).
1831 2844 1888 2883 20)

0 2914 15 2934 :³1
64 2905 233 2936 luxuriosis
257 2916 284 2948 γ.
334 2908 391 2945 21)
417 2907 452 2936 Id
467 2911 515 2937 est
538 2917 565 2948 γ.
592 2907 662 2937 rell.
690 2917 750 2936 om.
799 2907 857 2945 23)
884 2910 992 2936 autem
1017 2916 1077 2936 om.
1103 2913 1216 2946 ·s,niva.
1267 2904 1323 2941 24)
1350 2907 1381 2931 et
1405 2912 1467 2931 0111.
1493 2910 1519 2941 γ.
1570 2901 1625 2939 25)
1651 2901 1719 2930 Joc.
1746 2901 1785 2930 de
1809 2910 1888 2930 com.

0 2969 15 2995 ,¹21
67 2959 94 2996 Q
117 2962 263 3001 interpol.
289 2967 394 3001 putat.
421 2974 482 2993 0111.
510 2961 670 3002 (G?)mva.
700 2964 757 2993 ioc.
783 2973 810 3005 γ.
836 2964 892 2992 inc.
918 2962 993 2998 th.
1032 2962 1178 2991 Venuste
1204 2964 1234 2989 et
1261 2959 1399 2988 iucunde
1424 2957 1503 2986 dicit
1536 2960 1659 2995 patrem
1684 2966 1889 2995 personarum

0 3020 16 3047 ll.
66 3026 119 3055 pro
144 3023 234 3056 patre
258 3018 394 3057 Comico,
431 3020 491 3049 hoc
516 3023 578 3057 est,
611 3021 664 3058 qui
691 3020 791 3057 patris
818 3028 984 3057 personam
1010 3018 1127 3055 accipit
1164 3017 1194 3045 in
1220 3015 1391 3045 Comoedia
1428 3014 1463 3044 C.
1484 3017 1664 3053 personatus
1700 3013 1889 3051 interposui.

0 3074 12 3104 [-
46 3062 213 3142 {Comicus
237 3079 290 3105 aut
316 3086 375 3106 scr.
400 3086 427 3118 γ.
453 3077 522 3106 rell.
548 3086 608 3107 om.
658 3074 716 3115 28)
742 3075 818 3105 Scil.
846 3076 965 3105 uerbis.
992 3075 1061 3104 scil.
1089 3083 1148 3112 ego
1173 3082 1200 3114 γ.
1226 3072 1296 3101 rell.
1323 3081 1383 3100 0111.
1433 3071 1490 3110 29)
1517 3070 1634 3100 Subest
1650 3085 1695 3093 ›—
1712 3069 1889 3100 orationem

47 3139 94 3259 ¹¹1.
120 3131 189 3161 rell.
218 3142 278 3162 om.

49 3261 54 3412 3

1903 924 1944 955 10

1907 1290 1946 1320 15

1907 1658 1949 1690 20

1910 2025 1950 2055 25

1911 2391 1953 2422 30
