2148 3412
782 106 827 137 IN
854 106 989 138 SERM.
1017 107 1041 144 1,
1072 110 1120 138 10.
1791 97 1869 136 179

155 232 219 273 76.
251 231 341 273 Non
372 245 453 286 eqo.
512 228 562 271 Id
594 235 674 271 est:
719 228 816 270 Non
862 244 941 285 ego
979 229 1117 285 magis
1154 229 1251 272 uolo
1296 229 1488 285 pluribus
1533 229 1701 285 placere
1746 246 1871 285 quam

43 304 174 347 bonis.

153 378 266 433 equit.
297 391 346 417 m.
375 377 429 433 pl.
487 376 724 419 Romanum
768 375 926 418 scilicet
960 375 1230 432 [‚sapientem
1276 383 1315 417 et
1361 376 1529 418 doctum
1573 376 1746 433 uirum]
1794 376 1873 418 hoc

42 457 102 494 est
131 449 363 505 sapientem
393 450 544 492 uirum.

151 526 215 565 77.
248 524 414 579 explosa
445 523 689 565 Arbuscula.
753 522 987 564 Arbuscula
1019 522 1225 577 quaedam
1258 522 1387 564 mima
1417 523 1508 573 fuit,
1546 537 1653 578 quae
1686 538 1779 565 oum
1813 525 1869 566 si—

41 597 124 640 bilo
155 596 273 652 uulgi
305 596 509 638 eiceretur
539 611 560 638 e
592 597 766 647 theatro,
799 597 982 651 placeret
1014 603 1154 637 autem
1174 595 1321 651 paucis
1342 595 1565 650 equitibus,
1598 597 1721 638 dixit:
1756 595 1871 639 Con-

41 678 157 712 tenta
188 685 278 711 sum
301 669 365 711 his
386 669 679 724 prudentibus,
712 670 904 725 quamuis
925 669 1051 725 pauci
1070 669 1295 711 uideantur
1316 684 1405 711 esse
1427 671 1621 712 fautores.
1644 672 1660 724 ΙΙ
1681 671 1870 712 Aliter:

40 743 268 785 Arbuscula
299 743 506 797 quaedam
538 743 667 784 mima
697 744 787 794 fuit,
835 757 941 798 quae
972 742 1166 798 placebat
1200 743 1319 784 bonis
1350 743 1489 798 potius
1521 759 1646 799 quam
1677 744 1871 799 plurimis

38 816 179 865 malis;
212 816 315 858 haec
345 816 572 871 aliquando
605 816 778 872 explosa
809 816 876 858 uel
906 816 1028 872 pulsa
1059 832 1083 857 a
1104 816 1261 872 populo
1304 816 1430 857 dixit:
1463 817 1542 859 hoc
1574 817 1760 872 equitum
1783 817 1869 859 Ro-

37 901 255 946 manorum
298 889 449 945 plausu
495 896 689 932 contenta
734 905 846 939 sum3
894 889 1190 932 consolabatur
1234 896 1373 932 autem
1405 905 1448 932 se
1479 890 1543 932 his
1574 890 1730 940 uerbis,
1763 905 1869 945 quae

38 964 242 1019 leguntur.
266 964 282 1016 ΙΙ

148 1037 324 1093 explosa.
384 1035 629 1091 Inprobata‚
662 1036 807 1078 eiecta.

151 1111 215 1151 78.
246 1110 353 1152 Meu.
383 1118 553 1151 moueat.
611 1108 832 1151 Iniuriose.

148 1185 289 1225 cimex.
350 1181 571 1232 Sordidus,
607 1182 758 1238 [uilis]‚
792 1182 992 1232 abiectus,
1024 1182 1207 1237 putidus.

146 1256 353 1298 Pantilius.
413 1254 579 1297 Nomen
609 1263 770 1311 poetae.

154 1331 321 1372 Vellz'cet.
380 1328 574 1372 Laceret.

148 1404 212 1445 79.
245 1404 484 1445 Demetrius.
547 1401 684 1454 Quem
718 1416 845 1457 supra
877 1402 935 1457 (u.
970 1402 1042 1456 18)
1075 1401 1133 1442 ait
1163 1400 1344 1443 siniium.

147 1478 212 1519 82.
252 1477 424 1531 Valgius.
484 1475 541 1516 Et
571 1474 766 1530 Valgius.
797 1475 934 1531 figura
966 1475 1220 1530 ἀναστροφή.

146 1551 210 1593 83.
244 1551 410 1593 Fuscus.
470 1548 671 1591 Aristius.

146 1625 212 1666 83.
251 1624 457 1666 Viscorum
488 1624 627 1665 laudet
656 1631 834 1678 uterque.
889 1622 995 1664 Περί
1021 1621 1103 1663 duo
1134 1622 1285 1664 fratres
1305 1623 1488 1673 fuerunt,
1520 1622 1669 1678 optimi
1699 1629 1847 1678 poetae
1857 1638 1868 1672 3

35 1695 143 1738 Alii
175 1697 342 1739 criticos
373 1697 516 1738 dicunt
555 1696 736 1753 [fuisse]
796 1695 993 1737 Aliter:
1039 1694 1101 1736 Hi
1131 1695 1282 1737 fratres
1312 1696 1494 1737 fuerunt.
1566 1695 1696 1737 Pater
1726 1710 1870 1737 eorum

35 1769 184 1813 Vibius
216 1769 384 1821 Viscus,
417 1770 611 1826 quamuis
642 1778 683 1811 et
712 1769 872 1811 diuitiis
904 1776 943 1810 et
973 1768 1160 1809 amicitia
1191 1767 1375 1824 Augusti
1409 1768 1586 1825 [clarus]
1618 1783 1717 1809 usus
1749 1776 1869 1810 esset,

35 1843 78 1885 in
107 1844 288 1899 equestri
321 1852 461 1885 tamen
491 1843 638 1884 ordine
670 1843 929 1897 perdurauit‚
962 1857 1056 1884 cum
1087 1842 1195 1884 filios
1227 1857 1322 1883 suos
1354 1851 1567 1884 senatores
1598 1842 1776 1884 fecisset.

145 1918 210 1960 85.
240 1918 382 1972 fratre.
441 1916 678 1958 Publicola.

147 1991 214 2033 84.
246 1991 465 2033 Ambitione
494 1991 684 2044 releqata.
743 1988 922 2031 Remota
953 1989 1271 2044 gratificatione.
1332 1990 1518 2045 releqata.
1548 1988 1803 2045 Repudiata.

147 2063 201 2120 [te
232 2065 364 2107 dicere
388 2080 432 2121 p.
494 2063 650 2105 Dicere
674 2077 857 2118 possum,
890 2063 1002 2117 quod
1034 2063 1118 2104 iam
1150 2064 1296 2105 studeo
1327 2063 1405 2104 tibi
1435 2063 1623 2118 placere:
1655 2062 1682 2103 i.
1713 2077 1747 2104 e.
1781 2063 1870 2104 sine

37 2137 323 2180 adsentatione
352 2138 432 2179 hoc
462 2137 576 2179 dico:
609 2136 732 2187 Volo,
764 2144 808 2177 ut
838 2136 1034 2192 placeant
1063 2135 1141 2177 tibi
1171 2151 1265 2177 mea
1296 2136 1497 2186 carmina,
1539 2151 1563 2178 o
1593 2135 1743 2178 Pollio.
1803 2135 1870 2178 Ac

44 2210 78 2252 si
107 2210 281 2253 diceret:
318 2210 389 2252 Ab
420 2210 485 2252 his
515 2224 582 2251 me
612 2209 708 2251 uolo
739 2209 876 2264 magis
906 2209 1080 2264 probari
1112 2224 1237 2265 quam
1269 2225 1293 2251 a
1324 2209 1645 2266 superioribus]

152 2315 184 2355 l)
210 2315 248 2345 Id
275 2319 324 2345 est
348 2325 375 2358 γ.
402 2315 471 2345 rell.
498 2323 559 2345 om.
573 2319 614 2336 '—-
629 2314 775 2353 pluribus
802 2313 883 2352 plac.
908 2322 936 2355 γ.
962 2312 1030 2343 rell.
1058 2313 1138 2351 plac.
1164 2315 1324 2351 pluribus.
1385 2315 1420 2354 3)
1448 2323 1516 2353 sap.
1546 2318 1577 2344 et
1601 2315 1651 2344 do.
1677 2316 1780 2345 uirum
1807 2326 1868 2346 om.

38 2381 64 2415 γ.
86 2373 148 2403 hoe
172 2377 221 2403 est
246 2382 314 2411 sap.
340 2373 444 2402 uirum
469 2381 496 2413 γ.
520 2372 592 2401 rell.
618 2381 680 2402 oni.
731 2372 765 2410 6)
791 2380 810 2400 a
835 2371 937 2401 theat.
962 2379 989 2411 γ.
1017 2387 1059 2390 -
1085 2374 1252 2409 contempta
1276 2380 1305 2412 γ,
1332 2370 1419 2401 infra
1444 2374 1596 2402 contenta.
1623 2376 1774 2402 contenta
1799 2382 1870 2402 sum

39 2439 97 2460 om.
114 2440 196 2460 mva.
247 2431 280 2469 7)
308 2439 378 2459 esse
401 2429 560 2459 astutiores
585 2438 668 2458 mva.
718 2428 754 2467 8)
782 2429 864 2466 plur.
889 2426 987 2457 malis.
1012 2436 1038 2469 γ.
1064 2428 1136 2460 rell.
1162 2436 1221 2456 om.
1248 2427 1354 2458 malis.
1379 2428 1431 2457 uel
1457 2428 1550 2465 pulsa
1575 2437 1602 2469 γ.
1628 2428 1696 2457 rell.
1724 2438 1783 2459 om.
1833 2430 1868 2467 9)

38 2485 105 2517 hoc.
131 2486 216 2526 equit.
242 2496 268 2529 γ.
331 2484 388 2525 12)
412 2486 551 2524 Improb.
579 2486 681 2515 eiecta
706 2494 732 2527 γ.
758 2485 827 2514 rell.
855 2494 915 2514 om.
985 2484 1039 2523 13)
1064 2483 1223 2514 Iniuriose
1247 2493 1275 2525 γ.
1302 2484 1373 2514 rell.
1397 2493 1458 2513 om.
1487 2483 1570 2514 conf.
1599 2483 1631 2513 C.
1695 2485 1750 2524 14)
1776 2485 1871 2514 eimeae

39 2551 64 2584 γ.
90 2543 124 2572 in
147 2552 267 2579 rasura,
304 2546 339 2571 ut
362 2542 391 2571 D
418 2551 542 2579 cumex,
581 2550 740 2580 suprascr.
765 2541 881 2571 cimex.
911 2541 987 2570 uilis
1013 2550 1074 2570 om.
1104 2550 1130 2582 γ.
1162 2538 1206 2570 C:
1242 2541 1395 2571 iniuriose
1420 2540 1514 2570 cimea·
1539 2540 1572 2569 id
1597 2544 1655 2577 est,
1683 2541 1778 2578 sord.,
1794 2540 1871 2579 foe-

39 2598 122 2637 cidus,
147 2603 224 2637 put.,
252 2600 359 2629 uictus
385 2599 486 2629 schol.
512 2608 572 2628 om.
601 2597 727 2636 G‚mva.
780 2598 834 2636 15)
862 2597 986 2628 Nomen
1004 2600 1118 2635 poetae
1135 2606 1161 2638 γ.
1180 2598 1247 2627 rell.
1275 2607 1337 2630 om,
1365 2596 1407 2627 C:
1440 2605 1549 2626 nomen
1575 2600 1622 2626 est
1646 2597 1724 2626 uilis
1749 2597 1869 2627 Poetae

41 2659 72 2686 et
93 2656 305 2687 maleolentis.
357 2655 412 2694 16)
439 2655 571 2685 Laceret
594 2665 620 2698 γ.
646 2655 756 2685 Ambr.
784 2664 875 2693 supp.
901 2655 1028 2684 laceret.
1082 2654 1137 2693 17)
1162 2654 1307 2684 Demetr.
1335 2671 1376 2674 ——
1401 2654 1531 2683 siniium
1554 2663 1581 2695 γ.
1607 2653 1675 2682 rell.
1701 2662 1760 2682 om.
1812 2654 1868 2692 18)

39 2710 169 2750 Valgius
193 2712 385 2751 anastrophe
420 2722 447 2754 γ.
473 2712 543 2742 rell.
581 2721 642 2742 om.
709 2709 764 2750 19)
789 2711 915 2741 Fuscus.
942 2710 1088 2740 Aristius
1113 2720 1138 2751 γ.
1165 2711 1234 2740 rell.
1260 2720 1320 2741 om.
1386 2710 1444 2750 20)
1470 2710 1591 2748 optime
1618 2726 1657 2729 --
1683 2709 1783 2739 fuisse
1809 2720 1869 2740 om.

41 2765 163 2804 G‚mva.
188 2768 258 2798 Alii
283 2769 355 2799 crit.
381 2768 502 2798 dicunt.
529 2777 555 2810 γ.
582 2769 651 2798 rell.
678 2768 726 2797 Al.
751 2767 794 2797 di.
821 2767 939 2798 criticos
952 2766 1065 2806 fuisse.
1080 2765 1184 2805 fuisse
1209 2777 1268 2797 om.
1293 2776 1320 2809 γ.
1346 2765 1459 2797 Aliter.
1491 2765 1533 2796 Ηί
1544 2765 1670 2805 fratres
1683 2764 1818 2804 filerunt
1841 2777 1867 2808 γ.

41 2823 106 2853 rell.
131 2834 190 2854 om.
217 2823 260 2855 C:
286 2825 376 2855 Visci
402 2825 464 2855 duo
489 2824 528 2855 fr.
554 2825 599 2855 fu.
625 2829 690 2863 opt.
716 2825 845 2863 Poetae,
871 2828 899 2854 et
921 2823 1033 2854 iudices
1057 2822 1166 2861 critici,
1191 2833 1316 2863 quorum
1340 2827 1432 2862 pater
1456 2823 1530 2853 Vib.
1557 2826 1614 2852 etc.
1664 2822 1722 2861 22)
1749 2832 1818 2852 usas
1843 2833 1870 2865 γ.

41 2880 108 2911 rell.
133 2882 248 2912 clarus.
273 2891 344 2912 usus
367 2883 495 2920 melius,
521 2892 617 2921 quam
643 2883 681 2919 si,
707 2886 879 2920 utrumque
905 2884 1104 2918 seruaturus,
1130 2881 1304 2911 scriberes:
1331 2884 1363 2909 et
1388 2879 1514 2909 diuitiis
1539 2878 1641 2908 clarus
1659 2883 1689 2909 et
1707 2888 1768 2909 am.
1784 2880 1869 2918 Aug.

42 2945 116 2968 usus.
157 2938 215 2977 23)
241 2941 413 2977 permansit
430 2938 464 2969 C.
515 2939 572 2977 25)
600 2940 743 2977 relegata
768 2948 853 2968 omn.
879 2939 955 2968 libri
972 2937 1045 2967 Aer.
1072 2937 1211 2976 religata
1227 2937 1339 2968 Ambr.
1383 2936 1440 2974 26)
1469 2935 1599 2965 Scholia
1625 2935 1709 2966 adu.
1725 2936 1869 2972 84—86‚

43 2992 74 3023 in
97 2994 168 3024 edd.
194 2995 394 3034 aliquantum
431 2996 573 3034 turbata,
611 3005 669 3033 ope
695 2996 816 3025 codicis
841 3005 867 3037 γ.
895 2995 1063 3025 constitui.
1088 2994 1185 3032 Vulg.
1212 2994 1325 3024 lectio:
1368 2993 1549 3031 Repudiata
1573 2996 1609 3021 ut
1635 2997 1758 3022 remota
1786 2997 1869 3030 grat.

43 3048 75 3078 id
99 3054 147 3080 est
172 3052 240 3081 sine
264 3055 385 3081 assent.
411 3052 440 3081 h.
465 3052 546 3082 dico.
572 3051 652 3082 Volo
677 3056 712 3081 ut
739 3056 770 3082 et
794 3055 818 3082 t.
845 3052 889 3090 pl.
916 3061 967 3090 po.
994 3061 1034 3082 m.
1055 3060 1071 3081 o
1090 3051 1204 3081 Pollio.
1232 3050 1280 3079 Ac
1305 3050 1332 3079 si
1359 3050 1482 3079 diceret
1503 3066 1541 3070 ——
1564 3049 1793 3087 superioribus.
1822 3048 1867 3084 Q:

44 3105 218 3145 ‘Repudium
245 3125 283 3129 —-
309 3108 403 3138 Pollio
428 3112 514 3138 recte
539 3118 598 3139 om.
626 3107 653 3137 G
678 3108 775 3138 Med)

1546 3170 1595 3194 12*

1898 900 1938 932 10

1896 1268 1936 1298 15

1896 1632 1937 1664 20
