2148 3412
813 109 862 142 IN
886 109 1032 142 EPIST.
1060 109 1104 149 11,
1133 113 1161 141 1.
1820 97 1900 138 515

187 235 251 276 91.
285 235 381 290 quid
409 248 519 275 nunc
549 241 649 275 esset
669 235 808 276 uetus?
864 232 915 274 Id
947 239 1020 283 est,
1058 232 1159 287 quid
1189 232 1243 274 ad
1263 238 1406 274 nostra
1426 240 1616 287 tempora
1636 230 1903 287 perueniret?

73 308 232 351 scilicet
260 307 378 357 nihil,
410 306 454 347 id
485 312 566 347 est:
599 306 633 348 si
664 322 892 362 numquam
922 306 1099 348 fuissent
1128 306 1240 356 noui,
1272 320 1501 360 numquam
1522 305 1697 347 fuissent
1726 311 1901 352 ueteres,

72 381 170 438 quia
200 380 305 421 nihil
334 386 465 429 uetus,
499 380 610 434 quod
640 395 741 423 nons
756 380 809 421 sit
838 380 955 435 prius
984 395 1152 421 nouum.

185 455 251 495 92.
279 454 469 509 publicus
490 456 620 495 usus?
676 453 836 507 Utique
857 468 954 503 non,
977 467 1085 507 quae
1106 467 1218 494 nunc
1237 459 1393 503 uetera,
1416 453 1585 494 fuerunt
1604 467 1727 494 noua.
1779 451 1901 505 Quae

72 527 107 570 si
137 527 232 568 ideo
263 526 588 581 displicuissent,
620 532 731 576 tunc,
763 526 862 581 quia
892 541 1002 568 noua
1032 527 1209 576 fuerant,
1246 541 1330 567 non
1361 532 1626 567 seruarentur
1656 533 1825 581 recepta
1854 526 1899 567 in

74 600 375 643 auctoritatem.

184 675 250 715 93.
283 675 348 715 94.
373 688 440 730 po.
463 687 557 729 nug).
584 673 759 716 Graecia
781 673 891 714 bellis
918 672 1059 728 Coepit.
1119 671 1206 713 Hic
1227 671 1420 721 ostendit,
1459 671 1571 726 quod
1591 672 1717 713 fuerit
1736 672 1903 714 initium

73 747 264 804 poeticae
294 746 581 801 professionis,
614 753 653 787 et
683 746 803 787 dicit:
837 745 1039 800 quamdiu
1069 745 1306 787 habuerunt
1339 743 1496 787 Graeci
1527 745 1650 795 bella,
1691 761 1775 787 non
1807 753 1902 788 stu-

77 821 231 863 debant
260 819 385 870 ludis,
432 820 692 861 cessantibus
723 826 859 860 autem
892 818 1063 873 praeliis
1093 819 1213 860 ludos
1245 819 1494 860 inuenerunt
1526 818 1716 860 diuersos
1748 819 1902 861 otiosi—

71 895 147 936 tati
177 900 389 943 uacantes‚
421 893 531 934 inter
561 907 665 948 quos
697 892 822 933 etiam
853 898 983 932 artem
1015 891 1236 946 poeticam.

184 969 249 1009 97.
284 967 501 1023 Suspendit
525 968 637 1022 piola
667 967 827 1008 uultum
857 980 907 1006 m.
939 974 962 1006 t.
1029 963 1182 1020 Coepit
1227 979 1368 1006 amare
1415 965 1637 1019 picturam,
1686 965 1729 1006 in
1776 981 1902 1020 quam

75 1041 311 1084 intenderet
340 1040 478 1082 uultus
510 1048 550 1081 et
579 1046 738 1081 mentes
768 1039 963 1080 hominis.

183 1115 248 1156 99.
281 1115 363 1156 Sub
393 1115 551 1155 nutrice
586 1128 656 1170 pu.
725 1112 790 1154 Ita
833 1112 1093 1161 lasciuiebat,
1140 1111 1288 1166 inquit,
1339 1110 1558 1170 [populus]
1592 1126 1668 1167 per
1713 1113 1902 1155 diuersos

73 1189 208 1239 ludos,
241 1188 346 1230 sicut
377 1187 519 1242 puella
550 1187 651 1229 solet
684 1186 759 1228 sub
790 1185 952 1228 nutrice
982 1185 1189 1227 lasciuire.

185 1263 280 1303 101.
315 1262 426 1312 Quid
448 1262 585 1317 placet
616 1269 687 1301 aut
722 1261 783 1302 od.
817 1268 883 1301 est.
964 1257 1174 1308 Ostendit,
1221 1258 1280 1299 nil
1324 1273 1400 1300 nos
1447 1273 1588 1299 amare
1635 1266 1706 1299 aut
1751 1259 1902 1321 odisse,

75 1336 187 1392 quod
216 1350 301 1377 non
331 1335 520 1377 satietate
550 1340 743 1375 mutetur.

187 1410 278 1450 103.
314 1407 484 1465 [Romae
517 1408 630 1449 dulce
663 1408 732 1448 diu
770 1407 862 1461 suit.
943 1404 1084 1447 Dicit:
1131 1412 1245 1446 tanto
1292 1405 1428 1446 studio
1474 1405 1625 1460 poterit
1669 1405 1815 1455 teneri,
1861 1412 1906 1447 ut

71 1482 241 1538 publice
273 1482 443 1538 quidem
473 1481 732 1531 mentiretur,
780 1495 822 1522 se
854 1494 1001 1522 uersus
1040 1493 1291 1534 conponere,
1336 1479 1503 1520 rediens
1549 1485 1688 1520 autem
1735 1479 1905 1521 domum

72 1563 167 1598 ante
199 1556 298 1598 solis
329 1562 464 1598 ortum
496 1555 690 1596 tabellam
722 1554 949 1610 accipere]

185 1632 279 1672 103.
313 1631 405 1671 104.
438 1631 596 1671 reclusa
627 1630 749 1672 Mane
781 1629 883 1670 dom.
914 1629 993 1682 αῖς.
1055 1626 1123 1667 De
1157 1624 1419 1667 Graecorum
1451 1625 1639 1666 moribus
1670 1625 1819 1667 transit
1851 1625 1903 1666 ad
1931 1638 1937 1647 ⁸

77 1704 421 1747 consuetudinem
451 1703 753 1752 Romanorum,
786 1701 870 1757 qui,
907 1707 1131 1754 antequam
1156 1699 1348 1757 [scirent]
1373 1699 1608 1754 coepissent
1638 1699 1834 1740 lasciuire
1866 1706 1906 1740 et

81 1778 270 1835 poeticae
301 1777 480 1827 studere,
517 1776 654 1832 primo
684 1790 806 1817 mane
838 1775 1008 1816 domum
1039 1773 1298 1829 aperiebant,
1348 1771 1424 1829 [et]
1458 1772 1685 1828 uigilantes
1716 1773 1770 1813 ad
1802 1788 1906 1827 opus

73 1851 242 1907 aliquod
277 1850 581 1907 [assistebant]

186 1926 279 1967 104.
312 1925 444 1967 clienti
468 1938 651 1980 promere
683 1924 787 1964 iecra.
864 1919 987 1963 Soliti
1023 1920 1245 1962 clientibus
1275 1920 1301 1961 i.
1333 1918 1569 1960 minoribus
1600 1918 1747 1960 amicis
1778 1933 1902 1974 prae-

74 2006 194 2055 cepta
224 1999 335 2047 dare,
368 1997 520 2053 quibus
549 1997 757 2037 maiorum
787 1994 1013 2036 amicitiam
1045 1993 1242 2043 colerent,
1289 1999 1329 2033 et
1372 1991 1521 2046 largiri
1567 1999 1710 2033 cautos
1755 2008 1904 2034 numos

78 2080 118 2115 et
149 2072 346 2128 congruis
377 2071 568 2127 personis
600 2078 639 2112 et
669 2070 763 2111 aliis
794 2069 915 2111 bonis
947 2068 1094 2110 studiis
1126 2056 1353 2108 intendere.
1417 2064 1504 2107 Sed
1535 2065 1744 2120 cupiditas
1776 2072 1816 2106 et
1844 2066 1905 2106 le-

74 2147 181 2188 uitas
211 2145 389 2187 mutauit
418 2159 562 2186 eorum
593 2144 768 2194 animos,
800 2149 857 2193 ut,
888 2142 1136 2183 intermissis
1167 2141 1260 2182 aliis
1303 2140 1462 2188 studiis,
1495 2138 1783 2180 tantummodo
1804 2153 1907 2193 poe-

82 2220 189 2262 ticae
219 2219 406 2261 animum
437 2218 713 2260 intenderent.

188 2295 280 2335 105.
312 2293 552 2335 nominibus.
598 2289 887 2332 Debitoribus.
962 2292 1092 2332 rectis.
1136 2288 1319 2330 Idoneis.
1399 2287 1470 2328 An
1516 2291 1636 2328 rectis
1681 2287 1908 2327 nominibus

78 2374 250 2423 propter
280 2382 346 2408 res
376 2366 595 2408 honestas?
658 2365 826 2417 [cautos
861 2378 1003 2405 numos
1035 2362 1137 2403 dicit
1166 2369 1339 2417 propter
1371 2360 1699 2415 chirographum
1733 2358 1884 2415 datos]

192 2552 224 2591 1)
249 2552 287 2581 Id
312 2555 361 2581 est
381 2567 412 2570 -
431 2560 548 2580 nouum
573 2550 652 2592 ’(Βφ.
678 2549 747 2579 rell.
768 2559 827 2578 om.
843 2548 939 2576 ——ad
965 2557 1026 2577 om.
1052 2557 1079 2588 γ.
1129 2547 1164 2586 4)
1190 2546 1312 2584 Utique
1331 2563 1372 2565 Ἀ
1391 2544 1617 2573 auctoritatem
1641 2543 1722 2585 γΪῖφ.
1751 2543 1819 2572 rell.
1848 2553 1908 2572 om.

80 2608 114 2647 7)
139 2608 254 2638 Hie*
272 2609 429 2646 poetieam
453 2607 533 2650 ⁴(B2p.
560 2607 630 2636 rell.
657 2616 716 2636 0111.
767 2606 800 2644 8)
828 2610 858 2634 ct
884 2605 965 2633 dicit
989 2603 1058 2642 quia
1084 2603 1247 2642 quamdiu.
1274 2603 1336 2645 Βφ.
1387 2602 1421 2640 9)
1447 2600 1554 2629 adina.
1582 2600 1644 2641 Βφ.
1671 2600 1820 2629 diuersos
1847 2610 1906 2629 om.

77 2665 140 2708 Βφ.
203 2666 258 2704 10)
287 2666 421 2703 interque
446 2665 544 2693 etiam
569 2667 595 2692 et
619 2667 718 2692 artem
749 2671 797 2700 po.
823 2662 886 2703 Bc.
950 2661 1005 2699 11)
1033 2659 1126 2697 Cepit
1153 2678 1192 2680 —r
1218 2659 1357 2688 hominis
1383 2667 1399 2699 γ
1425 2662 1453 2686 et
1480 2657 1543 2698 Βφ,
1582 2657 1635 2694 qui
1662 2657 1803 2686 habent:
1831 2657 1905 2685 ‘Hoc

79 2727 134 2753 est.
161 2723 266 2760 coepit.
293 2739 332 2742 ’ψ
359 2722 487 2759 inquam
514 2720 593 2758 (qua
617 2720 648 2760 γ)
675 2720 732 2748 int.
760 2728 790 2748 u.
819 2721 849 2747 et
875 2726 954 2746 mens
980 2716 1111 2754 (mentes
1136 2717 1165 2758 γ)
1192 2716 1342 2746 hominis*
1382 2714 1448 2744 rell.
1475 2723 1535 2741 om.
1569 2712 1650 2741 conf.
1681 2712 1717 2744 C.
1785 2713 1840 2751 13)
1866 2713 1914 2741 ita

79 2788 106 2821 γ.
127 2779 196 2808 rell.
215 2789 274 2809 om.
326 2777 381 2816 14>
408 2787 460 2815 pu.
487 2777 569 2806 solet
595 2774 660 2804 Sub
686 2784 737 2804 nu.
763 2784 788 2816 γ.
808 2775 876 2803 rell.
904 2784 955 2811 pu.
983 2774 1039 2803 sub
1065 2783 1117 2802 nu.
1145 2783 1188 2803 so.
1241 2773 1297 2811 15)
1326 2772 1369 2801 1111
1395 2781 1422 2812 γ.
1441 2770 1508 2799 rell.
1536 2770 1627 2798 nihil.
1682 2770 1736 2807 17)
1762 2769 1851 2798 Dicit
1871 2786 1910 2791 -—

80 2837 224 2874 accipere
249 2834 357 2865 vcafh.
374 2830 533 2863 ‘scholion
558 2833 701 2871 pertinet
726 2833 765 2861 ad
792 2842 822 2861 u.
853 2831 1046 2860 111—113:
1084 2830 1135 2869 qui
1157 2830 1256 2859 mellus
1280 2838 1324 2858 me
1348 2828 1475 2866 (adfirmo
1498 2837 1558 2855 scr.
1587 2835 1690 2855 uersus
1714 2827 1779 2855 Ina.
1806 2826 1915 2855 Parth.

80 2893 174 2922 mend.
201 2896 226 2921 et
246 2902 297 2931 pr.
322 2896 386 2921 orlo
412 2891 578 2929 Soleposco.
607 2889 634 2924 Q
660 2889 767 2927 posuit
791 2889 921 2917 lemma:
950 2887 1094 2916 sananim·
1119 2886 1252 2923 Parthis,
1283 2886 1323 2915 ad
1341 2885 1424 2923 quod
1443 2884 1531 2913 aliud
1549 2883 1649 2912 schol.
1670 2886 1804 2921 spectat.
1856 2881 1912 2921 21)

81 2949 326 2980 consuetudines
344 2948 406 2990 Βφ.
436 2965 474 2968 -—
503 2947 685 2985 coepissent
711 2945 790 2987 γΒφ.
808 2945 880 2974 rell.
908 2945 1029 2974 scirent
1088 2944 1145 2982 22)
1172 2942 1313 2981 poetriae
1337 2942 1417 2984 γΒφ.
1444 2959 1484 2961 ---
1513 2945 1543 2970 et
1570 2950 1628 2969 0111.
1655 2940 1736 2982 γΒφ,
1766 2940 1852 2977 aliqd
1870 2953 1913 2967 Ξ

82 3005 203 3044 aliquid
228 3015 254 3047 γ.
282 3005 484 3034 assistebant
509 3013 569 3033 om.
588 3002 669 3045 γΒφ.
719 3002 776 3040 21)
803 3002 917 3030 lemma
942 3010 1000 3030 om.
1026 3009 1053 3041 γ.
1103 3000 1160 3039 25)
1187 3009 1313 3038 quorum
1340 2998 1496 3027 maiorum
1522 2996 1686 3026 amicorum
1711 2997 1804 3025 amic.
1833 2996 1912 3038 7sz.

83 3062 140 3101 25)
167 3065 198 3091 et
222 3072 281 3092 om.
306 3061 388 3103 γΒφ.
453 3060 509 3098 26)
536 3058 758 3089 tantummodo
795 3058 874 3099 γΒερ.
902 3058 970 3086 rell.
1002 3060 1137 3086 tantum.
1164 3055 1306 3094 poetriae
1330 3055 1409 3096 γΒφ.
1450 3054 1572 3092 poetice
1597 3063 1615 3082 a
1642 3053 1693 3091 (ae
1721 3051 1774 3092 Q).
1801 3057 1915 3090 poetae

83 3118 168 3149 vcfh.
219 3119 274 3159 29)
300 3118 511 3148 Debitoribus
535 3115 603 3159 ·(‚C.
630 3115 699 3145 rell.
726 3124 784 3144 om.
811 3114 940 3144 Idoneis
964 3113 1029 3157 *(,C.
1058 3115 1125 3143 rell.
1153 3123 1213 3143 om.
1239 3112 1335 3141 rectis
1359 3111 1545 3141 nominibus
1564 3120 1589 3152 γ.
1616 3114 1711 3139 reete.
1740 3110 1804 3138 alia
1831 3109 1913 3138 enim

1592 3175 1643 3200 33*

1949 534 1966 564 (Π

1931 884 1969 914 10

1932 1268 1970 1298 15

1932 2001 1972 2031 25

1933 2368 1974 2399 30
