2148 3412
128 919 168 949 lb

188 108 270 149 258
825 116 929 147 ACR.
956 114 1015 145 ET
1041 113 1208 145 PORPH.
1236 113 1383 144 COMM.

187 244 366 286 Romam
412 250 449 282 et
495 241 649 289 uicum,
697 239 769 295 qui
800 239 925 281 modo
955 237 1161 279 Turarius
1192 236 1359 286 dicitur,
1405 235 1702 277 habitauerunt
1731 240 1771 276 et
1802 234 1840 275 ei
1869 246 2021 275 nomen

188 332 308 359 suum
340 314 579 370 dederunt]
638 311 815 354 Alias:
861 314 985 354 Tasci
1010 313 1095 353 uici
1121 311 1229 360 ideo,
1262 310 1375 365 quia,
1420 310 1493 351 ubi
1524 324 1637 351 nunc
1666 310 1787 350 arcas
1824 309 2023 350 Turarius

188 390 354 438 dicitur,
387 388 516 429 Tusci
548 394 768 442 acceptum
799 386 939 427 uicum
971 385 1235 433 habitarunt3
1273 384 1370 425 inde
1401 398 1555 425 nomen
1586 389 1648 424 est
1666 382 1774 424 uico.
1824 381 2024 438 [Turbam

189 472 328 506 autem
359 461 526 519 inpiam]
563 462 718 503 ‘Tarba
750 461 872 517 inpia'
909 466 977 501 aut
1013 459 1298 514 negotiatores
1330 457 1576 512 accipimus,
1623 463 1693 497 aut
1724 456 1907 505 lenones,
1953 455 2024 497 sed

190 538 338 579 melius
370 537 541 577 lenones
574 533 896 592 [negotiatores]
930 532 1228 588 intellegimus,
1263 532 1336 587 qui
1357 529 1693 572 inhumanissimi
1715 537 1808 571 sunt
1831 536 1869 570 et
1892 543 2026 584 neque

190 609 526 667 1niser[icord]ia
557 623 692 664 neque
724 607 922 664 precibus
951 607 1183 649 flectuntur.
1245 605 1429 655 Deinde,
1476 604 1589 659 quod
1626 605 1669 644 in
1707 603 1802 644 uico
1846 602 2027 644 Turario

189 693 312 726 antea
343 684 585 725 meretrices
616 681 875 737 prostabant,
906 695 1059 722 nomen
1091 680 1186 721 uico
1217 679 1433 720 dederunt.
1506 677 1605 734 [Vel
1634 678 1754 719 Tasci
1773 676 1871 733 uici]
1909 677 2025 733 Inpia

192 768 323 801 (actem
355 759 471 800 turba
502 757 611 808 ideo,
649 757 747 811 quia
777 756 916 797 locum
948 770 1068 797 suum
1100 753 1435 808 dereliquerunt3
1482 767 1580 792 nam
1611 751 1664 792 ab
1696 750 1886 792 Aricinis
1917 750 2028 805 pulsi

192 841 300 876 sunt.
360 832 411 873 In
442 832 521 873 hoc
554 830 695 888 [ergo]
728 830 824 871 uico
854 829 1096 870 meretrices
1127 842 1217 870 esse
1250 832 1576 874 consueuerunt3
1623 826 1735 881 inpia
1776 838 1878 880 ergo
1911 824 2030 865 turha

194 907 377 963 periura,
425 912 509 954 aut,
560 904 659 960 quia
689 918 834 945 omnes
864 903 924 944 ibi
954 901 1201 944 habitabant
1232 901 1528 957 negotiatores,
1575 898 1727 954 quibus
1758 898 1940 940 studium
1971 903 2032 940 est

164 1016 165 1020 ,
195 979 455 1037 periurandi.

130 1291 170 1322 15

309 1055 402 1095 229.
441 1053 538 1095 Cam
569 1054 735 1093 scurris.
796 1050 1101 1100 Histrionibus,
1133 1048 1342 1105 parasitis.
1377 1048 1538 1105 [fartor.
1572 1045 1745 1104 Cocus]
1789 1046 1887 1089 Cum
1910 1046 2031 1087 Vela—

196 1129 266 1170 bro
298 1142 410 1169 omne
432 1127 661 1169 Macellum.
719 1124 862 1166 Locus
882 1123 1058 1173 Romae,
1080 1123 1154 1165 ubi
1174 1122 1374 1164 uictualia
1395 1121 1675 1164 distrahentes
1695 1120 2030 1174 frequentabant.

196 1200 442 1243 Notandum
476 1198 745 1256 [Macellum]
778 1205 927 1240 neutro
959 1211 1114 1253 genere
1145 1197 1375 1240 Macellum.

313 1276 406 1316 230.
440 1275 534 1330 qaid
566 1275 677 1315 tum?
704 1287 850 1314 uenere
877 1273 978 1327 freq.
1040 1270 1170 1324 Quid,
1201 1278 1476 1326 posteaquam
1508 1283 1653 1311 omnes
1685 1267 1993 1310 conuenerunt?

312 1350 406 1390 231.
450 1348 570 1389 Verba
601 1348 705 1402 facil
726 1347 825 1388 leno.
884 1344 1016 1401 Apud
1037 1344 1312 1394 luxuriosum,
1350 1344 1448 1398 quia
1471 1343 1681 1398 inpudens
1702 1342 1820 1399 prior
1839 1341 2034 1397 loquitur.

312 1422 420 1464 mihi.
481 1421 648 1463 Lenoni
682 1420 775 1475 ipsi.

314 1601 349 1641 2)
377 1602 462 1631 Alias
487 1611 547 1631 om.
575 1610 602 1643 γ,
629 1601 684 1639 qui
711 1603 783 1638 post
808 1598 954 1628 dederunt
978 1599 1102 1637 pergit:
1129 1597 1227 1637 Impia
1253 1601 1359 1627 autem
1385 1597 1471 1627 turba
1489 1598 1560 1627 ideo
1577 1598 1654 1636 quia
1671 1597 1776 1626 locum
1795 1605 1886 1626 suum
1904 1595 2037 1635 dereliq.

199 1664 257 1691 etc.
284 1660 359 1689 uide
386 1659 479 1688 infra.
508 1676 548 1678 m
579 1657 749 1687 Thurarius
775 1656 820 1686 fh.
847 1656 975 1695 tytarius
1001 1665 1064 1685 mv.
1091 1655 1162 1684 rell.
1186 1655 1336 1686 tao-arius.
1374 1664 1439 1684 acc.
1477 1655 1582 1684 uicum
1618 1664 1644 1696 γ.
1682 1654 1753 1684 rell.
1790 1654 1851 1684 uic.
1889 1663 1953 1683 acc.
2002 1653 2037 1693 3)

204 1716 308 1747 Turba
331 1715 425 1754 impia
449 1725 466 1758 γ
493 1714 603 1753 (Hor.)
631 1714 701 1743 rell.
727 1713 868 1742 Turbam
894 1715 1003 1742 autem
1029 1712 1169 1750 impiam.
1219 1712 1254 1750 4)
1282 1721 1305 1742 s.
1333 1713 1392 1753 (z
1417 1712 1486 1742 scil.
1515 1721 1546 1749 s;
1565 1726 1608 1740 ἶ
1627 1711 1692 1751 set)
1717 1711 1834 1741 melius
1858 1719 1884 1752 γ.
1934 1708 1968 1749 5)
1994 1709 2039 1739 le-

200 1783 300 1805 nones
325 1773 402 1815 3¹,fh.
429 1773 498 1802 rell.
525 1773 743 1810 negotiatores
758 1770 885 1811 (negoc.
905 1770 949 1809 a).
999 1770 1033 1808 6)
1061 1770 1264 1799 scribendum
1291 1773 1338 1798 est
1363 1768 1487 1798 miseria
1511 1778 1567 1806 pro
1594 1769 1669 1797 lect.
1695 1768 1784 1805 uulg.
1812 1766 2038 1797 misericordia.

200 1833 262 1861 uiri
301 1832 387 1861 docti
425 1831 464 1859 ad
502 1838 601 1858 unum
627 1837 736 1858 omues
762 1836 929 1865 perperam
954 1827 1103 1865 legerunt
1128 1827 1351 1865 compendium
1376 1822 1450 1863 ἦῆ,
1488 1825 1572 1864 quod
1597 1825 1695 1854 etiam
1721 1825 1754 1854 in
1779 1833 1796 1867 γ
1821 1828 1941 1854 exstat.
1980 1823 2040 1853 Est.

201 1893 306 1918 autem
334 1892 365 1917 et
391 1896 461 1916 esse
487 1887 583 1915 debet
618 1885 761 1920 miseria,
799 1893 873 1913 nam
897 1883 1118 1921 misericordia,
1157 1893 1250 1922 quam
1275 1883 1306 1913 in
1330 1883 1413 1912 nobis
1437 1883 1592 1912 habemus
1618 1881 1725 1911 Plaut.
1751 1881 1846 1911 Most.
1872 1881 1914 1919 II,
1941 1882 1970 1918 3,
1999 1881 2038 1911 15

202 1948 300 1983 atque
326 1944 517 1972 adhibemus
545 1941 611 1970 Cic.
638 1942 718 1971 Rab.
744 1941 833 1979 perd.
862 1941 879 1969 2
906 1950 941 1969 ac
966 1940 1141 1969 tribuimus
1174 1938 1241 1969 Cic.
1268 1939 1379 1969 Plane.
1411 1941 1437 1977 1,
1474 1948 1689 1969 commonemur
1715 1938 1782 1968 Cic.
1808 1938 1903 1968 Tusc.
1928 1938 1983 1977 IV,
2009 1939 2039 1968 8²

200 2010 409 2040 permonemur
435 1998 503 2028 Cic.
532 1997 603 2027 Cat..
630 1998 653 2032 Ι,
683 1998 712 2035 7,
739 2001 795 2026 aut.
820 1996 958 2035 capimur
984 1995 1052 2026 Cic.
1079 1995 1170 2025 Orat.
1196 1995 1237 2033 II,
1264 1997 1306 2025 47
1333 2000 1364 2025 et
1401 1995 1586 2034 corripimur
1622 1995 1710 2025 Suet.
1738 1995 1808 2025 Cal.
1838 1996 1888 2025 12.
1926 1995 2038 2034 (Verg.

201 2059 241 2088 A.
267 2058 338 2093 XII,
365 2057 426 2086 45:
452 2056 550 2085 dictis
574 2053 717 2083 uiolentia
740 2054 838 2083 Turni
864 2053 1052 2092 Flectitur),
1080 2062 1143 2083 non
1158 2053 1323 2091 flectimur.
1348 2052 1514 2083 Flecta'mur
1539 2056 1644 2082 autem
1669 2052 1767 2082 animo
1793 2051 1861 2083 Cic.
1887 2052 1968 2083 Sull.
1989 2054 2039 2089 11,

202 2118 238 2145 ut
264 2115 328 2153 ipsi
355 2113 453 2142 animi
479 2112 656 2141 flectuntur
681 2109 749 2140 Cic.
777 2110 868 2139 Orat.
895 2109 936 2147 ΙΙ,
965 2110 1016 2147 52,
1054 2113 1109 2139 aut
1138 2110 1280 2139 lacrimis
1306 2109 1402 2148 Verg.
1428 2109 1467 2139 A.
1493 2109 1579 2147 VIII,
1607 2110 1682 2147 384,
1722 2113 1778 2139 aut
1803 2110 1947 2140 oratione
1972 2108 2040 2140 Cic.

202 2171 286 2201 Phil.
312 2170 335 2208 Ι,
365 2170 417 2207 14,
444 2168 564 2198 orando
589 2168 686 2206 Verg.
714 2166 751 2196 G.
778 2166 833 2204 IV,
861 2167 936 2203 399,
963 2167 1029 2196 siue
1048 2166 1201 2205 precibus,
1227 2171 1261 2197 ut
1275 2167 1369 2205 Vei-g.
1396 2167 1435 2196 A.
1461 2166 1503 2204 ΙΙ,
1531 2168 1593 2197 689
1621 2170 1651 2196 et
1670 2170 1779 2197 nostro
1803 2166 1938 2197 Acronis
1962 2167 2040 2197 loco.

203 2229 320 2258 Dicere
346 2227 444 2256 etiam
468 2234 652 2264 possumus:
677 2223 852 2263 sranyz'mar
876 2224 1099 2253 misericordia
1123 2223 1187 2255 Cic.
1212 2224 1284 2254 Att.
1312 2223 1381 2255 VII.
1404 2225 1452 2260 12,
1479 2225 1612 2253 minime
1637 2233 1731 2254 uero:
1747 2223 1903 2262 flectimur
1926 2223 2041 2254 miseri-

203 2284 312 2316 cordia
336 2288 363 2313 et
382 2282 533 2321 precibus.
572 2282 751 2320 Aliquanto
776 2281 889 2310 melius
917 2280 959 2309 C:
986 2280 1073 2310 turba
1096 2280 1200 2319 impia.
1228 2282 1261 2310 in
1287 2281 1388 2311 Tusco
1425 2282 1497 2311 uico
1533 2281 1728 2310 habitabant
1764 2281 1906 2316 lenones,
1943 2289 2042 2310 mere·
2087 2274 2090 2278 ⁴

205 2343 314 2377 trices,
340 2340 572 2373 foeneratores,
603 2339 655 2376 qui
682 2339 796 2367 iccirco
822 2338 976 2366 dicuntur
999 2337 1093 2376 impia
1117 2338 1214 2371 turba,
1253 2339 1328 2376 quia
1353 2339 1393 2367 ad
1420 2338 1629 2376 peierandum
1656 2342 1746 2367 erant
1771 2337 1898 2373 faciles,
1936 2338 1983 2367 ita
2005 2341 2042 2367 ut

205 2408 308 2437 neque
332 2395 542 2427 misericordia
566 2399 767 2429 mouerentur,
796 2403 897 2432 neque
925 2394 1129 2424 flecterentur
1154 2395 1312 2433 precibus.
1378 2396 1411 2433 7)
1434 2394 1612 2433 prostabant
1646 2395 1779 2424 uerbum
1817 2395 1940 2432 excipit
1969 2395 2002 2423 in
2024 2403 2042 2436 γ

205 2456 283 2485 haec
309 2465 381 2493 pars
407 2453 617 2483 scholiorum:
644 2453 716 2481 Item
740 2452 825 2481 tusci
851 2452 1025 2490 aliquando
1056 2470 1081 2472 ἡ
1104 2452 1273 2481 dederunt.
1299 2452 1403 2490 Impia
1428 2456 1534 2482 autem
1559 2453 1653 2481 turba
1678 2452 1750 2481 ideo
1776 2452 1850 2490 quia
1875 2451 1982 2480 locum
1999 2467 2041 2471 -

205 2513 292 2550 pulsi
318 2515 403 2540 suut.
447 2527 489 2530 ⁷2
531 2509 589 2538 Vel
615 2508 713 2538 Tusci
739 2509 802 2537 uici
828 2518 888 2538 om.
916 2518 942 2550 γ.
968 2514 1075 2538 autem
1100 2518 1128 2550 γ.
1155 2509 1223 2538 rell.
1243 2518 1301 2538 om.
1369 2509 1404 2547 8)
1432 2509 1504 2538 ideo
1529 2519 1555 2550 γ.
1582 2509 1653 2538 rell.
1679 2518 1741 2538 om.
1770 2525 1809 2528 -
1834 2507 1989 2537 Hercim‘is
2013 2516 2041 2536 a.

204 2569 275 2598 rell.
301 2568 454 2597 Aricinis.
503 2566 538 2605 9)
564 2573 640 2603 ergo
667 2574 726 2594 om.
753 2575 779 2607 γ.
802 2582 841 2585 -—
859 2570 1092 2595 consueuerant
1140 2575 1166 2606 γ.
1193 2570 1426 2595 consueuerant
1453 2565 1573 2594 mvafh.
1624 2565 1681 2604 11)
1707 2564 1890 2602 pei-iurandi
1914 2574 1941 2606 γ.
1968 2563 2040 2593 rell.

205 2624 377 2664 peierandi.
405 2623 485 2654 conf.
507 2621 654 2661 periuras
679 2631 709 2651 ιι.
739 2622 802 2651 127
827 2631 907 2651 cum.
935 2621 972 2652 C.
999 2622 1040 2659 II,
1068 2623 1097 2659 8,
1129 2624 1141 2651 1
1170 2627 1199 2652 et
1226 2622 1293 2652 Cic.
1321 2622 1384 2652 Off.
1412 2621 1469 2658 111,
1498 2622 1556 2652 29:
1594 2622 1667 2651 Non
1693 2622 1780 2650 enim
1794 2620 1914 2659 salsum
1937 2621 2044 2651 iurare

200 2681 367 2720 periurare
393 2683 453 2717 est,
482 2680 538 2709 sed
565 2679 649 2717 quod
676 2687 717 2708 ex
743 2679 842 2708 animi
869 2679 916 2708 tui
943 2680 1108 2708 sententia
1133 2680 1261 2714 iuvaris,
1299 2680 1331 2708 id
1355 2679 1552 2718 nonfacere,
1575 2677 1748 2717 periurium
1772 2683 1831 2708 est.
1858 2679 1975 2717 quibus
2001 2694 2040 2699 —-

206 2737 394 2776 periurandi
419 2746 494 2774 om.‚
520 2739 555 2765 ut
582 2735 706 2765 scholia
731 2744 818 2773 seqq.
843 2744 945 2773 usque
970 2736 1010 2764 ad
1036 2745 1066 2765 u.
1094 2736 1157 2765 234
1182 2737 1217 2765 Ia
1242 2735 1320 2773 nine,
1350 2745 1432 2765 mva.
1469 2736 1528 2765 Vel
1553 2735 1652 2764 Tusci
1689 2753 1729 2755 ⁷
1768 2735 1956 2773 periurandi
1981 2744 2041 2765 om.

209 2794 237 2824 G
262 2799 293 2824 et
319 2794 357 2829 Q,
396 2794 444 2822 cui
469 2794 547 2823 haec
572 2793 694 2822 scholia
718 2792 868 2830 interpol.
896 2793 1060 2822 uidentur.
1113 2793 1168 2831 12)
1196 2793 1330 2831 parasiti
1355 2793 1432 2835 erh·
1459 2793 1528 2822 rell.
1557 2802 1617 2822 om.
1644 2791 1767 2830 fartor.
1796 2791 1900 2821 Cocus
1927 2801 1987 2821 om.
2013 2800 2041 2832 γ,

209 2860 292 2880 mva.
346 2851 399 2887 14)
425 2854 512 2879 neut.
540 2858 613 2887 gen.
631 2849 712 2878 Mae.
738 2858 764 2890 γ.
818 2849 871 2887 15)
897 2849 975 2887 quid
998 2854 1058 2878 tum
1081 2859 1108 2891 γ,
1136 2853 1171 2879 ut
1196 2859 1308 2879 omnes
1334 2851 1399 2878 fere
1424 2850 1515 2879 codd.
1544 2850 1618 2878 mei.
1645 2852 1742 2878 recte.
1771 2849 1849 2886 quid
1874 2852 1902 2878 tec
1926 2857 2042 2877 uenere

209 2907 300 2936 Baro.
326 2908 410 2944 uegl.
438 2908 493 2936 liu.
521 2915 617 2944 supra
644 2916 663 2935 u
688 2906 737 2935 lit.
764 2905 845 2935 conf.
872 2906 946 2935 Fea.
973 2906 1021 2935 Ne
1046 2910 1138 2944 putes
1164 2906 1321 2936 Aci-onem
1347 2906 1484 2944 legisse:
1511 2905 1616 2941 Quid?
1644 2903 1714 2934 Cum
1738 2914 1871 2942 uenere,
1899 2905 2042 2943 explica-

209 2968 260 2994 tur
286 2964 372 2993 enim
408 2967 478 3001 lum,
516 2973 581 2992 non
617 2973 692 3000 cam,
730 2963 814 3001 quod
838 2963 1023 3001 languidius
1049 2968 1097 2992 est
1124 2963 1203 3001 (Fea
1229 2973 1271 2992 ex
1297 2964 1314 2992 3
1342 2963 1434 2992 codd.
1459 2962 1516 3001 qui
1538 2971 1614 2999 cum,
1648 2962 1733 3000 quod
1758 2962 1839 2991 coni.
1866 2961 1976 2991 Bentl.
2001 2970 2042 2991 ex

210 3020 278 3050 cod.
304 3019 424 3049 Battel.
451 3020 590 3049 lectione
613 3019 664 3058 qai
687 3023 746 3049 tam
769 3019 905 3058 uenere).
935 3019 969 3048 F.
997 3019 1031 3048 F.
1057 3019 1182 3049 Franke
1207 3020 1311 3049 uoluit
1338 3017 1446 3054 Quid?
1487 3018 1676 3048 Conuenere.
1702 3018 1898 3049 Locutiones
1925 3027 2042 3048 sermo-

211 3086 285 3106 nem
310 3076 535 3114 quotidianum
562 3077 746 3106 imitantes:
774 3073 880 3111 Quid?
908 3075 994 3111 Quid
1020 3073 1109 3106 tum?
1136 3075 1221 3111 Quid
1246 3074 1381 3114 postea?
1407 3075 1493 3112 Quid
1518 3078 1585 3105 tum
1610 3073 1744 3113 postea?
1796 3076 1852 3115 16)
1877 3075 1983 3105 Verba
1999 3091 2038 3095 -—

211 3133 353 3172 loquitur
376 3142 402 3175 γ.
427 3133 496 3163 rell.
522 3142 583 3163 om.
636 3134 691 3173 17)
717 3133 842 3163 Lenoni
868 3133 930 3171 ipsi
955 3142 982 3174 γ.
1009 3133 1118 3163 lenoni
1145 3131 1182 3163 C.
1209 3133 1279 3163 rell.
1305 3142 1365 3163 om.
