<?xml version="1.0" encoding="UTF-8"?>
<!DOCTYPE html PUBLIC "-//W3C//DTD XHTML 1.0 Transitional//EN"
    "http://www.w3.org/TR/xhtml1/DTD/xhtml1-transitional.dtd">
<html xmlns="http://www.w3.org/1999/xhtml" xml:lang="en" lang="en">
 <head>
  <title>
</title>
<meta http-equiv="Content-Type" content="text/html;charset=utf-8" />
  <meta name='ocr-system' content='tesseract 3.04.00' />
  <meta name='ocr-capabilities' content='ocr_page ocr_carea ocr_par ocr_line ocrx_word'/>
</head>
<body>
  <div class='ocr_page' id='page_1' title='image "acronisetporphyr02pseuuoft_0057.png"; bbox 0 0 2148 3412; ppageno 0'>
   <div class='ocr_carea' id='block_1_1' title="bbox 0 1765 2 1859">
    <p class='ocr_par' dir='ltr' id='par_1_1' title="bbox 0 1765 2 1859">
     <span class='ocr_line' id='line_1_1' title="bbox 0 1765 1 1790; baseline 0 0"><span class='ocrx_word' id='word_1_1' title='bbox 0 1765 1 1790; x_wconf 70' lang='lat' dir='ltr'>l</span> 
     </span>
     <span class='ocr_line' id='line_1_2' title="bbox 0 1832 2 1859; baseline 0 0"><span class='ocrx_word' id='word_1_2' title='bbox 0 1832 2 1859; x_wconf 67' lang='lat' dir='ltr'>l</span> 
     </span>
    </p>
   </div>
   <div class='ocr_carea' id='block_1_2' title="bbox 773 107 1875 150">
    <p class='ocr_par' dir='ltr' id='par_1_2' title="bbox 773 107 1875 150">
     <span class='ocr_line' id='line_1_3' title="bbox 773 107 1875 150; baseline 0.004 -8"><span class='ocrx_word' id='word_1_3' title='bbox 773 110 821 142; x_wconf 84' lang='lat' dir='ltr'>IN</span> <span class='ocrx_word' id='word_1_4' title='bbox 847 110 982 144; x_wconf 82' lang='lat' dir='ltr'>SERM.</span> <span class='ocrx_word' id='word_1_5' title='bbox 1009 112 1034 150; x_wconf 80' lang='lat'>1,</span> <span class='ocrx_word' id='word_1_6' title='bbox 1061 115 1090 143; x_wconf 84' lang='lat'>2.</span> <span class='ocrx_word' id='word_1_7' title='bbox 1116 116 1146 144; x_wconf 86' lang='lat'>3.</span> <span class='ocrx_word' id='word_1_8' title='bbox 1822 107 1875 146; x_wconf 74' lang='lat'>49</span> 
     </span>
    </p>
   </div>
   <div class='ocr_carea' id='block_1_3' title="bbox 44 234 1943 1248">
    <p class='ocr_par' dir='ltr' id='par_1_3' title="bbox 49 234 1878 508">
     <span class='ocr_line' id='line_1_4' title="bbox 51 234 1876 293; baseline 0.003 -17"><span class='ocrx_word' id='word_1_9' title='bbox 51 247 160 276; x_wconf 91' lang='lat' dir='ltr'>nunc</span> <span class='ocrx_word' id='word_1_10' title='bbox 189 247 315 274; x_wconf 88' lang='lat' dir='ltr'>unam</span> <span class='ocrx_word' id='word_1_11' title='bbox 345 239 507 288; x_wconf 88' lang='lat' dir='ltr'>partem</span> <span class='ocrx_word' id='word_1_12' title='bbox 538 234 738 276; x_wconf 84' lang='lat' dir='ltr'>orationis</span> <span class='ocrx_word' id='word_1_13' title='bbox 769 248 877 284; x_wconf 84' lang='lat' dir='ltr'>esse3</span> <span class='ocrx_word' id='word_1_14' title='bbox 909 242 954 277; x_wconf 91' lang='lat' dir='ltr'>ut</span> <span class='ocrx_word' id='word_1_15' title='bbox 985 237 1165 287; x_wconf 77' lang='lat' dir='ltr'><em>(Persius</em></span> <span class='ocrx_word' id='word_1_16' title='bbox 1196 235 1229 286; x_wconf 93' lang='grc' dir='ltr'>Ι,</span> <span class='ocrx_word' id='word_1_17' title='bbox 1265 237 1362 293; x_wconf 82' lang='grc'>97);</span> <span class='ocrx_word' id='word_1_18' title='bbox 1409 239 1612 293; x_wconf 74' lang='lat' dir='ltr'>ueqrcmdz&#39;</span> <span class='ocrx_word' id='word_1_19' title='bbox 1637 239 1779 281; x_wconf 79' lang='lat' dir='ltr'><em>subere</em></span> <span class='ocrx_word' id='word_1_20' title='bbox 1812 255 1876 282; x_wconf 82' lang='lat' dir='ltr'>co-</span> 
     </span>
     <span class='ocr_line' id='line_1_5' title="bbox 52 306 1878 366; baseline 0.002 -17"><span class='ocrx_word' id='word_1_21' title='bbox 52 316 165 356; x_wconf 81' lang='lat' dir='ltr'>ctum,</span> <span class='ocrx_word' id='word_1_22' title='bbox 197 306 309 360; x_wconf 84' lang='lat' dir='ltr'>quod</span> <span class='ocrx_word' id='word_1_23' title='bbox 339 306 397 348; x_wconf 90' lang='lat' dir='ltr'>ait</span> <span class='ocrx_word' id='word_1_24' title='bbox 426 306 597 349; x_wconf 80' lang='lat' dir='ltr'>Persius</span> <span class='ocrx_word' id='word_1_25' title='bbox 626 307 820 357; x_wconf 77' lang='lat' dir='ltr'>Flaccus,</span> <span class='ocrx_word' id='word_1_26' title='bbox 851 316 894 349; x_wconf 92' lang='lat' dir='ltr'>ut</span> <span class='ocrx_word' id='word_1_27' title='bbox 917 308 1125 365; x_wconf 84' lang='lat' dir='ltr'>significet</span> <span class='ocrx_word' id='word_1_28' title='bbox 1146 309 1267 350; x_wconf 79' lang='lat' dir='ltr'>ualde</span> <span class='ocrx_word' id='word_1_29' title='bbox 1283 311 1460 366; x_wconf 66' lang='lat' dir='ltr'>palledo,-</span> <span class='ocrx_word' id='word_1_30' title='bbox 1492 312 1565 353; x_wconf 87' lang='lat' dir='ltr'>sed</span> <span class='ocrx_word' id='word_1_31' title='bbox 1586 311 1690 352; x_wconf 89' lang='lat' dir='ltr'>mihi</span> <span class='ocrx_word' id='word_1_32' title='bbox 1710 312 1878 353; x_wconf 86' lang='lat' dir='ltr'>uidetur</span> 
     </span>
     <span class='ocr_line' id='line_1_6' title="bbox 50 379 1877 437; baseline 0.003 -15"><span class='ocrx_word' id='word_1_33' title='bbox 50 395 125 422; x_wconf 80' lang='lat' dir='ltr'>uae</span> <span class='ocrx_word' id='word_1_34' title='bbox 154 379 359 421; x_wconf 87' lang='lat' dir='ltr'>imitatiuo</span> <span class='ocrx_word' id='word_1_35' title='bbox 391 380 630 422; x_wconf 80' lang='lat' dir='ltr'>charactere</span> <span class='ocrx_word' id='word_1_36' title='bbox 662 381 833 431; x_wconf 84' lang='lat' dir='ltr'>dictum,</span> <span class='ocrx_word' id='word_1_37' title='bbox 879 389 924 423; x_wconf 86' lang='lat' dir='ltr'>ut</span> <span class='ocrx_word' id='word_1_38' title='bbox 954 382 1025 423; x_wconf 86' lang='lat' dir='ltr'>illa</span> <span class='ocrx_word' id='word_1_39' title='bbox 1066 382 1311 437; x_wconf 83' lang='lat' dir='ltr'>perturbata</span> <span class='ocrx_word' id='word_1_40' title='bbox 1354 384 1494 425; x_wconf 85' lang='lat' dir='ltr'>mariti</span> <span class='ocrx_word' id='word_1_41' title='bbox 1540 385 1723 426; x_wconf 88' lang='lat' dir='ltr'>aduentu</span> <span class='ocrx_word' id='word_1_42' title='bbox 1768 385 1877 427; x_wconf 83' lang='lat' dir='ltr'>hanc</span> 
     </span>
     <span class='ocr_line' id='line_1_7' title="bbox 49 452 758 508; baseline -0.001 -12"><span class='ocrx_word' id='word_1_43' title='bbox 49 452 355 496; x_wconf 83' lang='lat' dir='ltr'>lamentationis</span> <span class='ocrx_word' id='word_1_44' title='bbox 384 467 530 495; x_wconf 89' lang='lat' dir='ltr'>uocem</span> <span class='ocrx_word' id='word_1_45' title='bbox 561 455 758 508; x_wconf 86' lang='lat' dir='ltr'>proferat.</span> 
     </span>
    </p>

    <p class='ocr_par' dir='ltr' id='par_1_4' title="bbox 52 525 1877 642">
     <span class='ocr_line' id='line_1_8' title="bbox 159 525 1877 583; baseline 0.004 -16"><span class='ocrx_word' id='word_1_46' title='bbox 159 527 347 568; x_wconf 77' lang='lat' dir='ltr'>miseram</span> <span class='ocrx_word' id='word_1_47' title='bbox 378 542 408 568; x_wconf 91' lang='lat' dir='ltr'>s.</span> <span class='ocrx_word' id='word_1_48' title='bbox 440 542 472 568; x_wconf 82' lang='lat' dir='ltr'>c.</span> <span class='ocrx_word' id='word_1_49' title='bbox 506 528 551 567; x_wconf 78' lang='lat' dir='ltr'>el.</span> <span class='ocrx_word' id='word_1_50' title='bbox 610 525 824 569; x_wconf 83' lang='lat' dir='ltr'>Ancillam</span> <span class='ocrx_word' id='word_1_51' title='bbox 857 528 1028 579; x_wconf 84' lang='lat' dir='ltr'>scilicet,</span> <span class='ocrx_word' id='word_1_52' title='bbox 1076 543 1182 583; x_wconf 88' lang='lat' dir='ltr'>quae</span> <span class='ocrx_word' id='word_1_53' title='bbox 1214 530 1383 571; x_wconf 85' lang='lat' dir='ltr'>conscia</span> <span class='ocrx_word' id='word_1_54' title='bbox 1414 531 1467 572; x_wconf 90' lang='lat' dir='ltr'>sit</span> <span class='ocrx_word' id='word_1_55' title='bbox 1497 531 1692 574; x_wconf 84' lang='lat' dir='ltr'>dominae</span> <span class='ocrx_word' id='word_1_56' title='bbox 1723 531 1767 572; x_wconf 91' lang='lat' dir='ltr'>in</span> <span class='ocrx_word' id='word_1_57' title='bbox 1797 532 1877 574; x_wconf 90' lang='lat' dir='ltr'>hoc</span> 
     </span>
     <span class='ocr_line' id='line_1_9' title="bbox 52 599 472 642; baseline -0.005 0"><span class='ocrx_word' id='word_1_58' title='bbox 52 599 245 642; x_wconf 86' lang='lat' dir='ltr'>adulterii</span> <span class='ocrx_word' id='word_1_59' title='bbox 274 599 472 641; x_wconf 85' lang='lat' dir='ltr'>facinore.</span> 
     </span>
    </p>

    <p class='ocr_par' dir='ltr' id='par_1_5' title="bbox 46 673 1874 805">
     <span class='ocr_line' id='line_1_10' title="bbox 161 673 1874 735; baseline 0.004 -22"><span class='ocrx_word' id='word_1_60' title='bbox 161 673 252 714; x_wconf 76' lang='lat'>132.</span> <span class='ocrx_word' id='word_1_61' title='bbox 287 674 491 715; x_wconf 75' lang='lat' dir='ltr'>Dz‘scincta</span> <span class='ocrx_word' id='word_1_62' title='bbox 514 675 650 715; x_wconf 63' lang='lat' dir='ltr'>tumea</span> <span class='ocrx_word' id='word_1_63' title='bbox 671 675 756 729; x_wconf 71' lang='lat' dir='ltr'>fuq.</span> <span class='ocrx_word' id='word_1_64' title='bbox 788 683 856 723; x_wconf 82' lang='lat' dir='ltr'>est,</span> <span class='ocrx_word' id='word_1_65' title='bbox 888 690 933 716; x_wconf 78' lang='lat' dir='ltr'>ac</span> <span class='ocrx_word' id='word_1_66' title='bbox 950 676 1049 731; x_wconf 78' lang='lat' dir='ltr'>pede</span> <span class='ocrx_word' id='word_1_67' title='bbox 1069 677 1191 718; x_wconf 79' lang='lat' dir='ltr'>nudo.</span> <span class='ocrx_word' id='word_1_68' title='bbox 1252 674 1475 734; x_wconf 59' lang='lat' dir='ltr'>Evep]*‹1›;[‚</span> <span class='ocrx_word' id='word_1_69' title='bbox 1508 678 1586 720; x_wconf 91' lang='lat' dir='ltr'>hoc</span> <span class='ocrx_word' id='word_1_70' title='bbox 1618 688 1692 729; x_wconf 85' lang='lat' dir='ltr'>est,</span> <span class='ocrx_word' id='word_1_71' title='bbox 1725 678 1874 735; x_wconf 88' lang='lat' dir='ltr'>otiose]</span> 
     </span>
     <span class='ocr_line' id='line_1_11' title="bbox 46 746 1499 805; baseline 0.001 -16"><span class='ocrx_word' id='word_1_72' title='bbox 46 761 244 803; x_wconf 87' lang='lat' dir='ltr'>expressa</span> <span class='ocrx_word' id='word_1_73' title='bbox 274 746 533 802; x_wconf 84' lang='lat' dir='ltr'>perturbatio</span> <span class='ocrx_word' id='word_1_74' title='bbox 565 747 744 788; x_wconf 84' lang='lat' dir='ltr'>adulteri</span> <span class='ocrx_word' id='word_1_75' title='bbox 775 747 826 788; x_wconf 84' lang='lat' dir='ltr'>de</span> <span class='ocrx_word' id='word_1_76' title='bbox 857 748 949 802; x_wconf 89' lang='lat' dir='ltr'>ipso</span> <span class='ocrx_word' id='word_1_77' title='bbox 980 748 1087 790; x_wconf 88' lang='lat' dir='ltr'>lecto</span> <span class='ocrx_word' id='word_1_78' title='bbox 1119 749 1255 791; x_wconf 88' lang='lat' dir='ltr'>subito</span> <span class='ocrx_word' id='word_1_79' title='bbox 1286 750 1499 805; x_wconf 81' lang='lat' dir='ltr'>fugientis.</span> 
     </span>
    </p>

    <p class='ocr_par' dir='ltr' id='par_1_6' title="bbox 44 821 1943 1025">
     <span class='ocr_line' id='line_1_12' title="bbox 159 821 1876 879; baseline 0.003 -18"><span class='ocrx_word' id='word_1_80' title='bbox 159 821 251 861; x_wconf 85' lang='lat'>133.</span> <span class='ocrx_word' id='word_1_81' title='bbox 282 835 331 861; x_wconf 73' lang='lat' dir='ltr'>ne</span> <span class='ocrx_word' id='word_1_82' title='bbox 360 822 475 861; x_wconf 73' lang='lat' dir='ltr'>numi</span> <span class='ocrx_word' id='word_1_83' title='bbox 497 836 536 876; x_wconf 85' lang='lat' dir='ltr'>p.</span> <span class='ocrx_word' id='word_1_84' title='bbox 568 830 639 862; x_wconf 74' lang='lat' dir='ltr'>aul</span> <span class='ocrx_word' id='word_1_85' title='bbox 662 836 774 876; x_wconf 72' lang='lat' dir='ltr'>puqa</span> <span class='ocrx_word' id='word_1_86' title='bbox 805 830 877 863; x_wconf 74' lang='grc' dir='ltr'>αηῑ</span> <span class='ocrx_word' id='word_1_87' title='bbox 905 822 942 862; x_wconf 76' lang='lat' dir='ltr'>sl.</span> <span class='ocrx_word' id='word_1_88' title='bbox 972 823 1002 877; x_wconf 84' lang='lat' dir='ltr'>f.</span> <span class='ocrx_word' id='word_1_89' title='bbox 1080 822 1145 864; x_wconf 90' lang='lat' dir='ltr'>Ne</span> <span class='ocrx_word' id='word_1_90' title='bbox 1184 823 1470 878; x_wconf 87' lang='lat' dir='ltr'>deprehensus</span> <span class='ocrx_word' id='word_1_91' title='bbox 1508 831 1578 865; x_wconf 87' lang='lat' dir='ltr'>aut</span> <span class='ocrx_word' id='word_1_92' title='bbox 1616 824 1796 879; x_wconf 86' lang='lat' dir='ltr'>pecunia</span> <span class='ocrx_word' id='word_1_93' title='bbox 1833 839 1876 866; x_wconf 87' lang='lat' dir='ltr'>se</span> 
     </span>
     <span class='ocr_line' id='line_1_13' title="bbox 45 893 1943 951; baseline 0.001 -16"><span class='ocrx_word' id='word_1_94' title='bbox 45 893 235 943; x_wconf 81' lang='lat' dir='ltr'>redimat,</span> <span class='ocrx_word' id='word_1_95' title='bbox 258 900 328 934; x_wconf 87' lang='lat' dir='ltr'>aut</span> <span class='ocrx_word' id='word_1_96' title='bbox 349 893 401 934; x_wconf 85' lang='lat' dir='ltr'>ab</span> <span class='ocrx_word' id='word_1_97' title='bbox 424 894 612 935; x_wconf 87' lang='lat' dir='ltr'>adultero</span> <span class='ocrx_word' id='word_1_98' title='bbox 634 894 853 935; x_wconf 83' lang='lat' dir='ltr'>referenda</span> <span class='ocrx_word' id='word_1_99' title='bbox 875 895 1128 937; x_wconf 88' lang='lat' dir='ltr'>contumelia</span> <span class='ocrx_word' id='word_1_100' title='bbox 1151 902 1375 951; x_wconf 81' lang='lat' dir='ltr'>stupretur,</span> <span class='ocrx_word' id='word_1_101' title='bbox 1408 904 1478 937; x_wconf 88' lang='lat' dir='ltr'>aut</span> <span class='ocrx_word' id='word_1_102' title='bbox 1499 904 1609 938; x_wconf 90' lang='lat' dir='ltr'>certe</span> <span class='ocrx_word' id='word_1_103' title='bbox 1631 897 1876 940; x_wconf 83' lang='lat' dir='ltr'>manifestus</span> <span class='ocrx_word' id='word_1_104' title='bbox 1902 910 1943 942; x_wconf 78' lang='lat'>10</span> 
     </span>
     <span class='ocr_line' id='line_1_14' title="bbox 44 966 1836 1025; baseline 0.002 -17"><span class='ocrx_word' id='word_1_105' title='bbox 44 966 238 1008; x_wconf 86' lang='lat' dir='ltr'>adulterii</span> <span class='ocrx_word' id='word_1_106' title='bbox 268 980 375 1016; x_wconf 87' lang='lat' dir='ltr'>reus,</span> <span class='ocrx_word' id='word_1_107' title='bbox 408 981 502 1007; x_wconf 90' lang='lat' dir='ltr'>cum</span> <span class='ocrx_word' id='word_1_108' title='bbox 533 967 587 1007; x_wconf 83' lang='lat' dir='ltr'>ad</span> <span class='ocrx_word' id='word_1_109' title='bbox 617 966 819 1008; x_wconf 80' lang='lat' dir='ltr'>iudiciuin</span> <span class='ocrx_word' id='word_1_110' title='bbox 850 969 1062 1022; x_wconf 85' lang='lat' dir='ltr'>profectus</span> <span class='ocrx_word' id='word_1_111' title='bbox 1093 969 1157 1019; x_wconf 85' lang='lat' dir='ltr'>sit,</span> <span class='ocrx_word' id='word_1_112' title='bbox 1191 970 1523 1025; x_wconf 80' lang='lat' dir='ltr'>condempnatus</span> <span class='ocrx_word' id='word_1_113' title='bbox 1554 971 1724 1012; x_wconf 80' lang='lat' dir='ltr'>infamis</span> <span class='ocrx_word' id='word_1_114' title='bbox 1753 972 1836 1012; x_wconf 85' lang='lat' dir='ltr'>fiat.</span> 
     </span>
    </p>

    <p class='ocr_par' dir='ltr' id='par_1_7' title="bbox 44 1040 1874 1248">
     <span class='ocr_line' id='line_1_15' title="bbox 158 1040 1873 1096; baseline 0.003 -15"><span class='ocrx_word' id='word_1_115' title='bbox 158 1041 250 1081; x_wconf 82' lang='lat'>134.</span> <span class='ocrx_word' id='word_1_116' title='bbox 285 1040 491 1096; x_wconf 67' lang='lat' dir='ltr'>Deprendi</span> <span class='ocrx_word' id='word_1_117' title='bbox 531 1041 721 1082; x_wconf 67' lang='lat' dir='ltr'>mserum</span> <span class='ocrx_word' id='word_1_118' title='bbox 767 1050 845 1083; x_wconf 80' lang='lat' dir='ltr'>est:</span> <span class='ocrx_word' id='word_1_119' title='bbox 889 1043 1013 1084; x_wconf 63' lang='lat' dir='ltr'>Fabio</span> <span class='ocrx_word' id='word_1_120' title='bbox 1045 1044 1110 1084; x_wconf 74' lang='lat' dir='ltr'>uel</span> <span class='ocrx_word' id='word_1_121' title='bbox 1140 1044 1271 1085; x_wconf 51' lang='lat' dir='ltr'>&amp;edice</span> <span class='ocrx_word' id='word_1_122' title='bbox 1301 1045 1477 1085; x_wconf 72' lang='lat' dir='ltr'>uincam.</span> <span class='ocrx_word' id='word_1_123' title='bbox 1552 1042 1665 1085; x_wconf 84' lang='lat' dir='ltr'>Satis</span> <span class='ocrx_word' id='word_1_124' title='bbox 1695 1044 1873 1086; x_wconf 90' lang='lat' dir='ltr'>urbane:</span> 
     </span>
     <span class='ocr_line' id='line_1_16' title="bbox 46 1112 1874 1169; baseline 0.003 -14"><span class='ocrx_word' id='word_1_125' title='bbox 46 1112 106 1164; x_wconf 85' lang='lat' dir='ltr'>Si,</span> <span class='ocrx_word' id='word_1_126' title='bbox 137 1113 285 1169; x_wconf 90' lang='lat' dir='ltr'>inquit,</span> <span class='ocrx_word' id='word_1_127' title='bbox 316 1112 476 1155; x_wconf 85' lang='lat' dir='ltr'>Fabius</span> <span class='ocrx_word' id='word_1_128' title='bbox 508 1129 584 1169; x_wconf 89' lang='lat' dir='ltr'>pro</span> <span class='ocrx_word' id='word_1_129' title='bbox 615 1114 804 1156; x_wconf 86' lang='lat' dir='ltr'>adultero</span> <span class='ocrx_word' id='word_1_130' title='bbox 835 1115 1094 1157; x_wconf 85' lang='lat' dir='ltr'>iudicaturus</span> <span class='ocrx_word' id='word_1_131' title='bbox 1124 1116 1249 1157; x_wconf 83' lang='lat' dir='ltr'>iudex</span> <span class='ocrx_word' id='word_1_132' title='bbox 1280 1116 1322 1157; x_wconf 90' lang='lat' dir='ltr'>in</span> <span class='ocrx_word' id='word_1_133' title='bbox 1344 1117 1453 1158; x_wconf 86' lang='lat' dir='ltr'>hanc</span> <span class='ocrx_word' id='word_1_134' title='bbox 1474 1131 1563 1158; x_wconf 88' lang='lat' dir='ltr'>rem</span> <span class='ocrx_word' id='word_1_135' title='bbox 1585 1118 1874 1169; x_wconf 80' lang='lat' dir='ltr'>constituatur,</span> 
     </span>
     <span class='ocr_line' id='line_1_17' title="bbox 44 1186 1874 1248; baseline 0.003 -20"><span class='ocrx_word' id='word_1_136' title='bbox 44 1187 115 1243; x_wconf 89' lang='lat' dir='ltr'>qui</span> <span class='ocrx_word' id='word_1_137' title='bbox 143 1187 292 1228; x_wconf 89' lang='lat' dir='ltr'>harum</span> <span class='ocrx_word' id='word_1_138' title='bbox 323 1201 463 1228; x_wconf 86' lang='lat' dir='ltr'>rerum</span> <span class='ocrx_word' id='word_1_139' title='bbox 493 1186 544 1228; x_wconf 89' lang='lat' dir='ltr'>sit</span> <span class='ocrx_word' id='word_1_140' title='bbox 576 1194 615 1228; x_wconf 90' lang='lat' dir='ltr'>et</span> <span class='ocrx_word' id='word_1_141' title='bbox 645 1187 735 1241; x_wconf 88' lang='lat' dir='ltr'>ipse</span> <span class='ocrx_word' id='word_1_142' title='bbox 766 1194 957 1230; x_wconf 82' lang='lat' dir='ltr'>sectator.</span> <span class='ocrx_word' id='word_1_143' title='bbox 997 1188 1026 1244; x_wconf 85' lang='lat'>[‚</span> <span class='ocrx_word' id='word_1_144' title='bbox 1049 1189 1205 1231; x_wconf 87' lang='lat' dir='ltr'>malum</span> <span class='ocrx_word' id='word_1_145' title='bbox 1238 1205 1327 1232; x_wconf 88' lang='lat' dir='ltr'>esse</span> <span class='ocrx_word' id='word_1_146' title='bbox 1359 1191 1622 1245; x_wconf 83' lang='lat' dir='ltr'>deprehendi</span> <span class='ocrx_word' id='word_1_147' title='bbox 1654 1192 1874 1248; x_wconf 70' lang='lat' dir='ltr'>censebit]</span> 
     </span>
    </p>
   </div>
   <div class='ocr_carea' id='block_1_4' title="bbox 1925 544 1943 573">
    <p class='ocr_par' dir='ltr' id='par_1_8' title="bbox 1925 544 1943 573">
     <span class='ocr_line' id='line_1_18' title="bbox 1925 544 1943 573; textangle 90"><span class='ocrx_word' id='word_1_148' title='bbox 1925 544 1943 573; x_wconf 63' lang='lat' dir='ltr'>C!</span> 
     </span>
    </p>
   </div>
   <div class='ocr_carea' id='block_1_5' title="bbox 42 1277 1941 1684">
    <p class='ocr_par' dir='ltr' id='par_1_9' title="bbox 42 1277 1941 1684">
     <span class='ocr_line' id='line_1_19' title="bbox 1900 1277 1939 1307; baseline 0 0"><span class='ocrx_word' id='word_1_149' title='bbox 1900 1277 1939 1307; x_wconf 82' lang='grc'>15</span> 
     </span>
     <span class='ocr_line' id='line_1_20' title="bbox 729 1340 1176 1410; baseline 0.004 -16"><span class='ocrx_word' id='word_1_150' title='bbox 729 1340 1008 1395; x_wconf 78' lang='lat' dir='ltr'>sATIRA</span> <span class='ocrx_word' id='word_1_151' title='bbox 1050 1343 1088 1410; x_wconf 84' lang='lat'>1,</span> <span class='ocrx_word' id='word_1_152' title='bbox 1131 1345 1176 1396; x_wconf 81' lang='lat'>3.</span> 
     </span>
     <span class='ocr_line' id='line_1_21' title="bbox 859 1452 1044 1497; baseline 0.005 -2"><span class='ocrx_word' id='word_1_153' title='bbox 859 1452 1044 1497; x_wconf 77' lang='lat' dir='ltr'>ACRON.</span> 
     </span>
     <span class='ocr_line' id='line_1_22' title="bbox 158 1553 1877 1610; baseline 0.002 -14"><span class='ocrx_word' id='word_1_154' title='bbox 158 1554 353 1596; x_wconf 66' lang='lat' dir='ltr'><em>Omnibus</em></span> <span class='ocrx_word' id='word_1_155' title='bbox 384 1553 457 1596; x_wconf 82' lang='lat' dir='ltr'>hoc</span> <span class='ocrx_word' id='word_1_156' title='bbox 487 1571 525 1595; x_wconf 80' lang='lat' dir='ltr'>u.</span> <span class='ocrx_word' id='word_1_157' title='bbox 557 1568 588 1595; x_wconf 82' lang='lat' dir='ltr'>c.</span> <span class='ocrx_word' id='word_1_158' title='bbox 662 1553 712 1593; x_wconf 93' lang='lat' dir='ltr'>In</span> <span class='ocrx_word' id='word_1_159' title='bbox 743 1553 821 1594; x_wconf 86' lang='lat' dir='ltr'>hac</span> <span class='ocrx_word' id='word_1_160' title='bbox 852 1555 923 1596; x_wconf 81' lang='lat' dir='ltr'>ode</span> <span class='ocrx_word' id='word_1_161' title='bbox 955 1554 1088 1605; x_wconf 85' lang='lat' dir='ltr'>docet,</span> <span class='ocrx_word' id='word_1_162' title='bbox 1135 1556 1247 1610; x_wconf 88' lang='lat' dir='ltr'>quod</span> <span class='ocrx_word' id='word_1_163' title='bbox 1282 1556 1387 1598; x_wconf 85' lang='lat' dir='ltr'>alter</span> <span class='ocrx_word' id='word_1_164' title='bbox 1419 1556 1589 1599; x_wconf 81' lang='lat' dir='ltr'>alterius</span> <span class='ocrx_word' id='word_1_165' title='bbox 1619 1557 1723 1599; x_wconf 88' lang='lat' dir='ltr'>uitia</span> <span class='ocrx_word' id='word_1_166' title='bbox 1753 1556 1877 1599; x_wconf 87' lang='lat' dir='ltr'>debet</span> 
     </span>
     <span class='ocr_line' id='line_1_23' title="bbox 42 1627 1941 1684; baseline 0.002 -14"><span class='ocrx_word' id='word_1_167' title='bbox 42 1627 249 1684; x_wconf 85' lang='lat' dir='ltr'>patienter</span> <span class='ocrx_word' id='word_1_168' title='bbox 278 1628 399 1669; x_wconf 86' lang='lat' dir='ltr'>ferre.</span> <span class='ocrx_word' id='word_1_169' title='bbox 1899 1643 1941 1674; x_wconf 80' lang='lat'>20</span> 
     </span>
    </p>
   </div>
   <div class='ocr_carea' id='block_1_6' title="bbox 41 1811 1879 3211">
    <p class='ocr_par' dir='ltr' id='par_1_10' title="bbox 41 1811 1878 2815">
     <span class='ocr_line' id='line_1_24' title="bbox 158 1811 1874 1853; baseline 0.001 -12"><span class='ocrx_word' id='word_1_170' title='bbox 158 1813 190 1851; x_wconf 88' lang='lat'>1)</span> <span class='ocrx_word' id='word_1_171' title='bbox 215 1821 254 1841; x_wconf 84' lang='lat' dir='ltr'>ue</span> <span class='ocrx_word' id='word_1_172' title='bbox 279 1812 409 1850; x_wconf 81' lang='lat' dir='ltr'>grandis</span> <span class='ocrx_word' id='word_1_173' title='bbox 433 1811 490 1841; x_wconf 79' lang='lat' dir='ltr'>sub</span> <span class='ocrx_word' id='word_1_174' title='bbox 515 1812 613 1841; x_wconf 84' lang='lat' dir='ltr'>ubere</span> <span class='ocrx_word' id='word_1_175' title='bbox 638 1811 702 1841; x_wconf 84' lang='lat' dir='ltr'>MG</span> <span class='ocrx_word' id='word_1_176' title='bbox 728 1811 840 1851; x_wconf 45' lang='lat' dir='ltr'>(ue-qr.)</span> <span class='ocrx_word' id='word_1_177' title='bbox 878 1811 1079 1851; x_wconf 63' lang='lat' dir='ltr'>neyrz&#39;tudz&#39;n‘z&#39;s</span> <span class='ocrx_word' id='word_1_178' title='bbox 1105 1813 1163 1841; x_wconf 86' lang='lat' dir='ltr'>sub</span> <span class='ocrx_word' id='word_1_179' title='bbox 1188 1812 1260 1842; x_wconf 80' lang='lat' dir='ltr'>urbe</span> <span class='ocrx_word' id='word_1_180' title='bbox 1286 1813 1322 1842; x_wconf 84' lang='lat' dir='ltr'>R.</span> <span class='ocrx_word' id='word_1_181' title='bbox 1360 1814 1429 1843; x_wconf 80' lang='lat' dir='ltr'>rell.</span> <span class='ocrx_word' id='word_1_182' title='bbox 1456 1813 1614 1853; x_wconf 69' lang='lat' dir='ltr'>veyrandc&#39;.</span> <span class='ocrx_word' id='word_1_183' title='bbox 1642 1817 1738 1851; x_wconf 69' lang='lat' dir='ltr'>reete,</span> <span class='ocrx_word' id='word_1_184' title='bbox 1776 1818 1812 1843; x_wconf 89' lang='lat' dir='ltr'>ut</span> <span class='ocrx_word' id='word_1_185' title='bbox 1838 1813 1874 1843; x_wconf 87' lang='lat' dir='ltr'>C.</span> 
     </span>
     <span class='ocr_line' id='line_1_25' title="bbox 46 1867 1875 1909; baseline -0.001 -10"><span class='ocrx_word' id='word_1_186' title='bbox 46 1869 82 1899; x_wconf 87' lang='lat' dir='ltr'>F.</span> <span class='ocrx_word' id='word_1_187' title='bbox 108 1869 272 1899; x_wconf 81' lang='lat' dir='ltr'>Hermann</span> <span class='ocrx_word' id='word_1_188' title='bbox 296 1868 338 1905; x_wconf 82' lang='grc' dir='ltr'>ΙΙ,</span> <span class='ocrx_word' id='word_1_189' title='bbox 364 1878 394 1907; x_wconf 85' lang='lat' dir='ltr'>p.</span> <span class='ocrx_word' id='word_1_190' title='bbox 422 1868 461 1897; x_wconf 83' lang='lat'>22</span> <span class='ocrx_word' id='word_1_191' title='bbox 490 1872 555 1898; x_wconf 86' lang='lat' dir='ltr'>not.</span> <span class='ocrx_word' id='word_1_192' title='bbox 584 1869 636 1897; x_wconf 81' lang='lat'>34.</span> <span class='ocrx_word' id='word_1_193' title='bbox 662 1868 825 1897; x_wconf 87' lang='lat' dir='ltr'>Muncker.</span> <span class='ocrx_word' id='word_1_194' title='bbox 853 1869 893 1897; x_wconf 85' lang='lat' dir='ltr'>ad</span> <span class='ocrx_word' id='word_1_195' title='bbox 918 1867 1039 1898; x_wconf 88' lang='lat' dir='ltr'>Albric.</span> <span class='ocrx_word' id='word_1_196' title='bbox 1065 1868 1078 1896; x_wconf 91' lang='lat' dir='ltr'>I</span> <span class='ocrx_word' id='word_1_197' title='bbox 1103 1878 1133 1906; x_wconf 89' lang='lat' dir='ltr'>p.</span> <span class='ocrx_word' id='word_1_198' title='bbox 1161 1870 1235 1899; x_wconf 79' lang='lat'>301.</span> <span class='ocrx_word' id='word_1_199' title='bbox 1265 1869 1302 1899; x_wconf 93' lang='lat' dir='ltr'>O.</span> <span class='ocrx_word' id='word_1_200' title='bbox 1328 1869 1419 1899; x_wconf 78' lang='lat' dir='ltr'>Iahn.</span> <span class='ocrx_word' id='word_1_201' title='bbox 1447 1869 1537 1899; x_wconf 82' lang='lat' dir='ltr'>Seru.</span> <span class='ocrx_word' id='word_1_202' title='bbox 1555 1871 1648 1909; x_wconf 82' lang='lat' dir='ltr'>Verg.</span> <span class='ocrx_word' id='word_1_203' title='bbox 1668 1871 1706 1900; x_wconf 89' lang='lat' dir='ltr'>A.</span> <span class='ocrx_word' id='word_1_204' title='bbox 1725 1870 1781 1907; x_wconf 79' lang='lat' dir='ltr'>XI,</span> <span class='ocrx_word' id='word_1_205' title='bbox 1801 1871 1875 1900; x_wconf 77' lang='lat'>552.</span> 
     </span>
     <span class='ocr_line' id='line_1_26' title="bbox 44 1925 1874 1966; baseline 0.001 -11"><span class='ocrx_word' id='word_1_206' title='bbox 44 1926 78 1965; x_wconf 86' lang='lat'>2)</span> <span class='ocrx_word' id='word_1_207' title='bbox 105 1926 201 1955; x_wconf 85' lang='lat' dir='ltr'>ualde</span> <span class='ocrx_word' id='word_1_208' title='bbox 225 1925 378 1964; x_wconf 76' lang='lat' dir='ltr'>pallidam</span> <span class='ocrx_word' id='word_1_209' title='bbox 403 1929 433 1954; x_wconf 90' lang='lat' dir='ltr'>et</span> <span class='ocrx_word' id='word_1_210' title='bbox 460 1925 523 1966; x_wconf 73' lang='grc' dir='ltr'>Βφ,</span> <span class='ocrx_word' id='word_1_211' title='bbox 555 1925 609 1963; x_wconf 86' lang='lat' dir='ltr'>qui</span> <span class='ocrx_word' id='word_1_212' title='bbox 635 1925 772 1954; x_wconf 82' lang='lat' dir='ltr'>habent:</span> <span class='ocrx_word' id='word_1_213' title='bbox 801 1943 838 1946; x_wconf 86' lang='lat'>-—</span> <span class='ocrx_word' id='word_1_214' title='bbox 866 1930 899 1955; x_wconf 85' lang='lat' dir='ltr'>at</span> <span class='ocrx_word' id='word_1_215' title='bbox 935 1934 1010 1955; x_wconf 86' lang='lat' dir='ltr'>uero</span> <span class='ocrx_word' id='word_1_216' title='bbox 1046 1925 1277 1963; x_wconf 75' lang='lat' dir='ltr'>sapientioribus</span> <span class='ocrx_word' id='word_1_217' title='bbox 1312 1927 1441 1957; x_wconf 88' lang='lat' dir='ltr'>uidetur</span> <span class='ocrx_word' id='word_1_218' title='bbox 1476 1927 1619 1957; x_wconf 78' lang='lat' dir='ltr'>mimetz&#39;co</span> <span class='ocrx_word' id='word_1_219' title='bbox 1656 1931 1817 1957; x_wconf 80' lang='lat' dir='ltr'>caractere</span> <span class='ocrx_word' id='word_1_220' title='bbox 1854 1928 1874 1956; x_wconf 91' lang='lat' dir='ltr'>i.</span> 
     </span>
     <span class='ocr_line' id='line_1_27' title="bbox 42 1981 1874 2023; baseline 0 -11"><span class='ocrx_word' id='word_1_221' title='bbox 42 1983 207 2012; x_wconf 77' lang='lat' dir='ltr'>imitatiuo</span> <span class='ocrx_word' id='word_1_222' title='bbox 233 1983 354 2012; x_wconf 87' lang='lat' dir='ltr'>dictum</span> <span class='ocrx_word' id='word_1_223' title='bbox 378 1991 424 2011; x_wconf 65' lang='lat' dir='ltr'>ece.</span> <span class='ocrx_word' id='word_1_224' title='bbox 451 1986 487 2011; x_wconf 86' lang='lat' dir='ltr'>ut</span> <span class='ocrx_word' id='word_1_225' title='bbox 511 1991 612 2011; x_wconf 78' lang='lat' dir='ltr'>uxore</span> <span class='ocrx_word' id='word_1_226' title='bbox 637 1985 719 2018; x_wconf 86' lang='lat' dir='ltr'>pert.</span> <span class='ocrx_word' id='word_1_227' title='bbox 749 1990 809 2010; x_wconf 78' lang='lat' dir='ltr'>ina.</span> <span class='ocrx_word' id='word_1_228' title='bbox 837 1982 909 2011; x_wconf 86' lang='lat' dir='ltr'>adu.</span> <span class='ocrx_word' id='word_1_229' title='bbox 927 1981 1009 2011; x_wconf 79' lang='lat' dir='ltr'>hanc</span> <span class='ocrx_word' id='word_1_230' title='bbox 1026 1982 1285 2013; x_wconf 71' lang='lat' dir='ltr'>lamentationem</span> <span class='ocrx_word' id='word_1_231' title='bbox 1301 1984 1382 2014; x_wconf 64' lang='lat' dir='ltr'>vocis</span> <span class='ocrx_word' id='word_1_232' title='bbox 1398 1984 1540 2021; x_wconf 82' lang='lat' dir='ltr'>proferat</span> <span class='ocrx_word' id='word_1_233' title='bbox 1558 1994 1578 2013; x_wconf 85' lang='lat' dir='ltr'>a</span> <span class='ocrx_word' id='word_1_234' title='bbox 1596 1984 1666 2014; x_wconf 71' lang='lat' dir='ltr'>lecto</span> <span class='ocrx_word' id='word_1_235' title='bbox 1684 1993 1874 2023; x_wconf 68' lang='lat' dir='ltr'>consuryens.</span> 
     </span>
     <span class='ocr_line' id='line_1_28' title="bbox 41 2035 1872 2083; baseline -0.001 -14"><span class='ocrx_word' id='word_1_236' title='bbox 41 2048 77 2069; x_wconf 74' lang='lat' dir='ltr'>ue</span> <span class='ocrx_word' id='word_1_237' title='bbox 93 2039 197 2077; x_wconf 89' lang='lat' dir='ltr'>inquit</span> <span class='ocrx_word' id='word_1_238' title='bbox 212 2040 304 2069; x_wconf 84' lang='lat' dir='ltr'>mihi.</span> <span class='ocrx_word' id='word_1_239' title='bbox 354 2039 388 2077; x_wconf 84' lang='lat'>5)</span> <span class='ocrx_word' id='word_1_240' title='bbox 415 2038 571 2068; x_wconf 75' lang='lat' dir='ltr'>Ancillam</span> <span class='ocrx_word' id='word_1_241' title='bbox 587 2038 715 2075; x_wconf 78' lang='lat' dir='ltr'>MR2‚v.</span> <span class='ocrx_word' id='word_1_242' title='bbox 734 2038 863 2067; x_wconf 79' lang='lat' dir='ltr'>Ancilla</span> <span class='ocrx_word' id='word_1_243' title='bbox 881 2037 978 2074; x_wconf 68' lang='lat' dir='ltr'>{2th.</span> <span class='ocrx_word' id='word_1_244' title='bbox 1028 2039 1062 2077; x_wconf 77' lang='grc'>7)</span> <span class='ocrx_word' id='word_1_245' title='bbox 1089 2039 1236 2077; x_wconf 83' lang='lat' dir='ltr'>Energos</span> <span class='ocrx_word' id='word_1_246' title='bbox 1254 2039 1363 2075; x_wconf 83' lang='lat' dir='ltr'>MG,v.</span> <span class='ocrx_word' id='word_1_247' title='bbox 1390 2035 1530 2082; x_wconf 75' lang='grc' dir='ltr'>Ενεργῶς</span> <span class='ocrx_word' id='word_1_248' title='bbox 1547 2040 1657 2078; x_wconf 80' lang='lat' dir='ltr'>A‚11Q.</span> <span class='ocrx_word' id='word_1_249' title='bbox 1674 2036 1833 2083; x_wconf 76' lang='grc' dir='ltr'>Ἐναργῶς</span> <span class='ocrx_word' id='word_1_250' title='bbox 1850 2041 1872 2068; x_wconf 82' lang='lat' dir='ltr'>f.</span> 
     </span>
     <span class='ocr_line' id='line_1_29' title="bbox 42 2094 1873 2137; baseline -0.001 -11"><span class='ocrx_word' id='word_1_251' title='bbox 42 2095 227 2134; x_wconf 84' lang='lat' dir='ltr'>Aeneagros</span> <span class='ocrx_word' id='word_1_252' title='bbox 254 2096 333 2135; x_wconf 83' lang='lat' dir='ltr'>(sic)</span> <span class='ocrx_word' id='word_1_253' title='bbox 359 2105 387 2124; x_wconf 85' lang='lat' dir='ltr'>a.</span> <span class='ocrx_word' id='word_1_254' title='bbox 414 2113 454 2116; x_wconf 66' lang='lat'>›—</span> <span class='ocrx_word' id='word_1_255' title='bbox 482 2096 587 2125; x_wconf 78' lang='lat' dir='ltr'>otiosa</span> <span class='ocrx_word' id='word_1_256' title='bbox 603 2095 754 2133; x_wconf 82' lang='lat' dir='ltr'>perturb.</span> <span class='ocrx_word' id='word_1_257' title='bbox 781 2095 810 2123; x_wconf 77' lang='lat'>2.</span> <span class='ocrx_word' id='word_1_258' title='bbox 837 2094 992 2124; x_wconf 74' lang='lat' dir='ltr'>adulterii</span> <span class='ocrx_word' id='word_1_259' title='bbox 1014 2094 1056 2124; x_wconf 89' lang='lat' dir='ltr'>M.</span> <span class='ocrx_word' id='word_1_260' title='bbox 1107 2095 1141 2134; x_wconf 88' lang='grc'>9)</span> <span class='ocrx_word' id='word_1_261' title='bbox 1170 2096 1285 2125; x_wconf 79' lang='lat' dir='ltr'>nummi</span> <span class='ocrx_word' id='word_1_262' title='bbox 1307 2096 1340 2124; x_wconf 92' lang='lat' dir='ltr'>M</span> <span class='ocrx_word' id='word_1_263' title='bbox 1367 2101 1398 2126; x_wconf 90' lang='lat' dir='ltr'>et</span> <span class='ocrx_word' id='word_1_264' title='bbox 1423 2097 1492 2127; x_wconf 83' lang='lat' dir='ltr'>rell.</span> <span class='ocrx_word' id='word_1_265' title='bbox 1518 2098 1604 2126; x_wconf 87' lang='lat' dir='ltr'>libri.</span> <span class='ocrx_word' id='word_1_266' title='bbox 1628 2107 1711 2137; x_wconf 69' lang='lat' dir='ltr'>puya</span> <span class='ocrx_word' id='word_1_267' title='bbox 1730 2096 1757 2126; x_wconf 89' lang='lat' dir='ltr'>G</span> <span class='ocrx_word' id='word_1_268' title='bbox 1783 2096 1873 2134; x_wconf 84' lang='lat' dir='ltr'>(non,</span> 
     </span>
     <span class='ocr_line' id='line_1_30' title="bbox 43 2146 1873 2196; baseline -0.001 -13"><span class='ocrx_word' id='word_1_269' title='bbox 43 2157 79 2183; x_wconf 85' lang='lat' dir='ltr'>ut</span> <span class='ocrx_word' id='word_1_270' title='bbox 103 2153 130 2188; x_wconf 83' lang='lat' dir='ltr'><strong>Q</strong></span> <span class='ocrx_word' id='word_1_271' title='bbox 155 2152 265 2190; x_wconf 81' lang='lat' dir='ltr'>refert,</span> <span class='ocrx_word' id='word_1_272' title='bbox 292 2163 323 2190; x_wconf 79' lang='lat' dir='ltr'>v,</span> <span class='ocrx_word' id='word_1_273' title='bbox 360 2162 441 2191; x_wconf 81' lang='lat' dir='ltr'>quae</span> <span class='ocrx_word' id='word_1_274' title='bbox 466 2153 563 2181; x_wconf 86' lang='lat' dir='ltr'>habet</span> <span class='ocrx_word' id='word_1_275' title='bbox 588 2152 716 2191; x_wconf 74' lang='lat' dir='ltr'>pygae),</span> <span class='ocrx_word' id='word_1_276' title='bbox 743 2155 778 2181; x_wconf 89' lang='lat' dir='ltr'>ut</span> <span class='ocrx_word' id='word_1_277' title='bbox 804 2151 898 2182; x_wconf 84' lang='lat' dir='ltr'>Bern.</span> <span class='ocrx_word' id='word_1_278' title='bbox 926 2151 950 2181; x_wconf 88' lang='lat' dir='ltr'>C</span> <span class='ocrx_word' id='word_1_279' title='bbox 977 2151 1042 2190; x_wconf 83' lang='lat' dir='ltr'>(Kz</span> <span class='ocrx_word' id='word_1_280' title='bbox 1068 2151 1185 2191; x_wconf 71' lang='lat' dir='ltr'>fuga),</span> <span class='ocrx_word' id='word_1_281' title='bbox 1222 2162 1292 2182; x_wconf 86' lang='lat' dir='ltr'>cum</span> <span class='ocrx_word' id='word_1_282' title='bbox 1317 2154 1438 2182; x_wconf 81' lang='lat' dir='ltr'>rasuris</span> <span class='ocrx_word' id='word_1_283' title='bbox 1466 2146 1522 2196; x_wconf 55' lang='lat'>1{&lt;</span> <span class='ocrx_word' id='word_1_284' title='bbox 1546 2153 1644 2183; x_wconf 85' lang='lat' dir='ltr'>Bern.</span> <span class='ocrx_word' id='word_1_285' title='bbox 1671 2153 1701 2182; x_wconf 93' lang='lat' dir='ltr'>A</span> <span class='ocrx_word' id='word_1_286' title='bbox 1725 2153 1798 2182; x_wconf 83' lang='lat' dir='ltr'>Par.</span> <span class='ocrx_word' id='word_1_287' title='bbox 1826 2153 1873 2190; x_wconf 86' lang='lat' dir='ltr'>P.‚</span> 
     </span>
     <span class='ocr_line' id='line_1_31' title="bbox 43 2208 1876 2251; baseline -0.001 -12"><span class='ocrx_word' id='word_1_288' title='bbox 43 2219 127 2249; x_wconf 85' lang='lat' dir='ltr'>puga</span> <span class='ocrx_word' id='word_1_289' title='bbox 151 2210 199 2239; x_wconf 79' lang='lat' dir='ltr'>uel</span> <span class='ocrx_word' id='word_1_290' title='bbox 221 2210 254 2248; x_wconf 89' lang='lat' dir='ltr'>pi</span> <span class='ocrx_word' id='word_1_291' title='bbox 278 2209 315 2247; x_wconf 86' lang='lat' dir='ltr'>I.⁷</span> <span class='ocrx_word' id='word_1_292' title='bbox 342 2210 418 2248; x_wconf 83' lang='lat' dir='ltr'>piga</span> <span class='ocrx_word' id='word_1_293' title='bbox 442 2209 513 2239; x_wconf 84' lang='lat' dir='ltr'>Par.</span> <span class='ocrx_word' id='word_1_294' title='bbox 540 2209 594 2238; x_wconf 88' lang='lat' dir='ltr'>Mb</span> <span class='ocrx_word' id='word_1_295' title='bbox 621 2213 692 2244; x_wconf 65' lang='lat' dir='ltr'>etc,</span> <span class='ocrx_word' id='word_1_296' title='bbox 713 2208 766 2247; x_wconf 82' lang='lat' dir='ltr'>pz&#39;e</span> <span class='ocrx_word' id='word_1_297' title='bbox 790 2208 876 2238; x_wconf 89' lang='lat' dir='ltr'>Mon.</span> <span class='ocrx_word' id='word_1_298' title='bbox 902 2208 937 2237; x_wconf 89' lang='lat' dir='ltr'>M</span> <span class='ocrx_word' id='word_1_299' title='bbox 962 2208 1113 2248; x_wconf 69' lang='lat' dir='ltr'>(Halm),</span> <span class='ocrx_word' id='word_1_300' title='bbox 1147 2219 1247 2248; x_wconf 66' lang='lat' dir='ltr'>pygsae</span> <span class='ocrx_word' id='word_1_301' title='bbox 1272 2209 1323 2251; x_wconf 83' lang='grc' dir='ltr'>Βφ</span> <span class='ocrx_word' id='word_1_302' title='bbox 1349 2219 1421 2239; x_wconf 84' lang='lat' dir='ltr'>cum</span> <span class='ocrx_word' id='word_1_303' title='bbox 1447 2210 1572 2247; x_wconf 80' lang='lat' dir='ltr'>glossa:</span> <span class='ocrx_word' id='word_1_304' title='bbox 1612 2213 1744 2247; x_wconf 83' lang='lat' dir='ltr'>propter</span> <span class='ocrx_word' id='word_1_305' title='bbox 1768 2210 1876 2238; x_wconf 85' lang='lat' dir='ltr'>reddi-</span> 
     </span>
     <span class='ocr_line' id='line_1_32' title="bbox 41 2264 1877 2305; baseline -0.001 -8"><span class='ocrx_word' id='word_1_306' title='bbox 41 2268 165 2298; x_wconf 84' lang='lat' dir='ltr'>tionem</span> <span class='ocrx_word' id='word_1_307' title='bbox 191 2267 306 2305; x_wconf 86' lang='lat' dir='ltr'>stupri.</span> <span class='ocrx_word' id='word_1_308' title='bbox 332 2266 438 2296; x_wconf 87' lang='lat' dir='ltr'>Verba</span> <span class='ocrx_word' id='word_1_309' title='bbox 461 2266 624 2295; x_wconf 79' lang='lat' dir='ltr'>lemmatis</span> <span class='ocrx_word' id='word_1_310' title='bbox 650 2269 702 2294; x_wconf 75' lang='lat' dir='ltr'>aut</span> <span class='ocrx_word' id='word_1_311' title='bbox 722 2275 754 2303; x_wconf 77' lang='lat' dir='ltr'>p.</span> <span class='ocrx_word' id='word_1_312' title='bbox 781 2270 833 2294; x_wconf 72' lang='lat' dir='ltr'>aut</span> <span class='ocrx_word' id='word_1_313' title='bbox 856 2265 884 2294; x_wconf 72' lang='grc' dir='ltr'>(Ζ.</span> <span class='ocrx_word' id='word_1_314' title='bbox 900 2264 994 2303; x_wconf 57' lang='lat' dir='ltr'>firma</span> <span class='ocrx_word' id='word_1_315' title='bbox 1019 2275 1079 2295; x_wconf 91' lang='lat' dir='ltr'>om.</span> <span class='ocrx_word' id='word_1_316' title='bbox 1108 2265 1173 2295; x_wconf 81' lang='lat' dir='ltr'>afh.</span> <span class='ocrx_word' id='word_1_317' title='bbox 1193 2283 1235 2286; x_wconf 17' lang='grc' dir='ltr'><em>ῃ</em></span> <span class='ocrx_word' id='word_1_318' title='bbox 1254 2275 1286 2295; x_wconf 88' lang='lat' dir='ltr'>se</span> <span class='ocrx_word' id='word_1_319' title='bbox 1313 2276 1373 2295; x_wconf 89' lang='lat' dir='ltr'>om.</span> <span class='ocrx_word' id='word_1_320' title='bbox 1398 2266 1445 2295; x_wconf 86' lang='lat' dir='ltr'>fh.</span> <span class='ocrx_word' id='word_1_321' title='bbox 1498 2267 1553 2305; x_wconf 85' lang='lat'>10)</span> <span class='ocrx_word' id='word_1_322' title='bbox 1580 2267 1619 2295; x_wconf 86' lang='lat' dir='ltr'>ab</span> <span class='ocrx_word' id='word_1_323' title='bbox 1645 2265 1802 2295; x_wconf 78' lang='lat' dir='ltr'>adulterio</span> <span class='ocrx_word' id='word_1_324' title='bbox 1827 2275 1877 2295; x_wconf 92' lang='lat' dir='ltr'>re-</span> 
     </span>
     <span class='ocr_line' id='line_1_33' title="bbox 42 2322 1876 2361; baseline -0.002 -7"><span class='ocrx_word' id='word_1_325' title='bbox 42 2324 205 2355; x_wconf 80' lang='lat' dir='ltr'>ferendam</span> <span class='ocrx_word' id='word_1_326' title='bbox 240 2323 463 2354; x_wconf 76' lang='lat' dir='ltr'>contumeliam</span> <span class='ocrx_word' id='word_1_327' title='bbox 498 2333 564 2353; x_wconf 78' lang='lat' dir='ltr'>cum</span> <span class='ocrx_word' id='word_1_328' title='bbox 600 2327 702 2361; x_wconf 84' lang='lat' dir='ltr'>stupr.</span> <span class='ocrx_word' id='word_1_329' title='bbox 739 2322 810 2352; x_wconf 82' lang='lat' dir='ltr'>MR.</span> <span class='ocrx_word' id='word_1_330' title='bbox 848 2322 1019 2352; x_wconf 80' lang='lat' dir='ltr'>referenda</span> <span class='ocrx_word' id='word_1_331' title='bbox 1055 2323 1253 2353; x_wconf 79' lang='lat' dir='ltr'>contumelia</span> <span class='ocrx_word' id='word_1_332' title='bbox 1281 2326 1503 2360; x_wconf 75' lang='lat' dir='ltr'>constupretur</span> <span class='ocrx_word' id='word_1_333' title='bbox 1526 2322 1565 2351; x_wconf 93' lang='lat' dir='ltr'>A.</span> <span class='ocrx_word' id='word_1_334' title='bbox 1592 2340 1633 2343; x_wconf 35' lang='lat' dir='ltr'>w&lt;</span> <span class='ocrx_word' id='word_1_335' title='bbox 1658 2322 1820 2351; x_wconf 78' lang='lat' dir='ltr'>manifeste</span> <span class='ocrx_word' id='word_1_336' title='bbox 1847 2323 1876 2351; x_wconf 88' lang='grc'>2.</span> 
     </span>
     <span class='ocr_line' id='line_1_34' title="bbox 46 2378 1877 2422; baseline -0.002 -12"><span class='ocrx_word' id='word_1_337' title='bbox 46 2380 103 2420; x_wconf 92' lang='grc'>11)</span> <span class='ocrx_word' id='word_1_338' title='bbox 130 2381 197 2410; x_wconf 84' lang='lat' dir='ltr'>iud.</span> <span class='ocrx_word' id='word_1_339' title='bbox 223 2381 350 2410; x_wconf 88' lang='lat' dir='ltr'>uenerit</span> <span class='ocrx_word' id='word_1_340' title='bbox 375 2380 565 2418; x_wconf 82' lang='lat' dir='ltr'>condampn.</span> <span class='ocrx_word' id='word_1_341' title='bbox 592 2379 656 2422; x_wconf 75' lang='grc' dir='ltr'>Βφ.</span> <span class='ocrx_word' id='word_1_342' title='bbox 673 2397 711 2399; x_wconf 89' lang='grc'>-</span> <span class='ocrx_word' id='word_1_343' title='bbox 727 2380 915 2417; x_wconf 86' lang='lat' dir='ltr'>condempn.</span> <span class='ocrx_word' id='word_1_344' title='bbox 934 2379 1001 2409; x_wconf 68' lang='lat' dir='ltr'>Me.</span> <span class='ocrx_word' id='word_1_345' title='bbox 1055 2380 1110 2418; x_wconf 82' lang='lat'>12)</span> <span class='ocrx_word' id='word_1_346' title='bbox 1136 2380 1248 2408; x_wconf 77' lang='lat' dir='ltr'>uineas</span> <span class='ocrx_word' id='word_1_347' title='bbox 1276 2379 1319 2407; x_wconf 91' lang='lat' dir='ltr'>M.</span> <span class='ocrx_word' id='word_1_348' title='bbox 1346 2378 1434 2409; x_wconf 82' lang='lat' dir='ltr'>Satis</span> <span class='ocrx_word' id='word_1_349' title='bbox 1466 2380 1588 2408; x_wconf 85' lang='lat' dir='ltr'>urbane</span> <span class='ocrx_word' id='word_1_350' title='bbox 1618 2378 1765 2418; x_wconf 55' lang='lat' dir='ltr'>seyng&#39;ficat</span> <span class='ocrx_word' id='word_1_351' title='bbox 1794 2378 1877 2407; x_wconf 77' lang='lat' dir='ltr'>fabio</span> 
     </span>
     <span class='ocr_line' id='line_1_35' title="bbox 43 2435 1876 2476; baseline -0.002 -9"><span class='ocrx_word' id='word_1_352' title='bbox 43 2446 100 2476; x_wconf 86' lang='lat' dir='ltr'>pro</span> <span class='ocrx_word' id='word_1_353' title='bbox 125 2437 280 2467; x_wconf 78' lang='lat' dir='ltr'>adultero.</span> <span class='ocrx_word' id='word_1_354' title='bbox 307 2436 350 2466; x_wconf 92' lang='lat' dir='ltr'>M.</span> <span class='ocrx_word' id='word_1_355' title='bbox 385 2436 472 2466; x_wconf 81' lang='lat' dir='ltr'>Satis</span> <span class='ocrx_word' id='word_1_356' title='bbox 497 2437 565 2466; x_wconf 88' lang='lat' dir='ltr'>urb.</span> <span class='ocrx_word' id='word_1_357' title='bbox 593 2437 678 2474; x_wconf 81' lang='lat' dir='ltr'>sign.</span> <span class='ocrx_word' id='word_1_358' title='bbox 706 2436 825 2466; x_wconf 80' lang='lat' dir='ltr'>fabium</span> <span class='ocrx_word' id='word_1_359' title='bbox 851 2437 880 2466; x_wconf 78' lang='lat'>2.</span> <span class='ocrx_word' id='word_1_360' title='bbox 907 2446 962 2475; x_wconf 88' lang='lat' dir='ltr'>pro</span> <span class='ocrx_word' id='word_1_361' title='bbox 988 2437 1134 2467; x_wconf 80' lang='lat' dir='ltr'>adultero</span> <span class='ocrx_word' id='word_1_362' title='bbox 1160 2437 1373 2466; x_wconf 72' lang='lat' dir='ltr'>iudicaturwn</span> <span class='ocrx_word' id='word_1_363' title='bbox 1399 2437 1424 2465; x_wconf 75' lang='lat' dir='ltr'>si</span> <span class='ocrx_word' id='word_1_364' title='bbox 1444 2437 1542 2466; x_wconf 82' lang='lat' dir='ltr'>iudex</span> <span class='ocrx_word' id='word_1_365' title='bbox 1562 2438 1591 2473; x_wconf 81' lang='lat'>2,</span> <span class='ocrx_word' id='word_1_366' title='bbox 1618 2440 1652 2465; x_wconf 88' lang='lat' dir='ltr'>ut</span> <span class='ocrx_word' id='word_1_367' title='bbox 1670 2436 1786 2465; x_wconf 79' lang='lat' dir='ltr'>Acron.</span> <span class='ocrx_word' id='word_1_368' title='bbox 1805 2435 1876 2464; x_wconf 88' lang='lat' dir='ltr'>rell.</span> 
     </span>
     <span class='ocr_line' id='line_1_36' title="bbox 44 2493 1877 2537; baseline -0.002 -13"><span class='ocrx_word' id='word_1_369' title='bbox 44 2493 89 2533; x_wconf 86' lang='lat' dir='ltr'>Si,</span> <span class='ocrx_word' id='word_1_370' title='bbox 114 2494 210 2533; x_wconf 74' lang='lat' dir='ltr'>inquit</span> <span class='ocrx_word' id='word_1_371' title='bbox 232 2494 345 2524; x_wconf 73' lang='lat' dir='ltr'>Fabius</span> <span class='ocrx_word' id='word_1_372' title='bbox 371 2499 430 2523; x_wconf 74' lang='lat' dir='ltr'>etc.</span> <span class='ocrx_word' id='word_1_373' title='bbox 456 2494 524 2537; x_wconf 69' lang='grc' dir='ltr'>Βφε</span> <span class='ocrx_word' id='word_1_374' title='bbox 546 2493 648 2532; x_wconf 76' lang='lat' dir='ltr'>fabio.</span> <span class='ocrx_word' id='word_1_375' title='bbox 675 2493 818 2531; x_wconf 87' lang='lat' dir='ltr'>loquitur</span> <span class='ocrx_word' id='word_1_376' title='bbox 844 2495 935 2532; x_wconf 83' lang='lat' dir='ltr'>quasi</span> <span class='ocrx_word' id='word_1_377' title='bbox 962 2495 995 2523; x_wconf 90' lang='lat' dir='ltr'>in</span> <span class='ocrx_word' id='word_1_378' title='bbox 1020 2494 1182 2523; x_wconf 85' lang='lat' dir='ltr'>adulterio</span> <span class='ocrx_word' id='word_1_379' title='bbox 1208 2494 1435 2531; x_wconf 80' lang='lat' dir='ltr'>deprehensus.</span> <span class='ocrx_word' id='word_1_380' title='bbox 1465 2498 1495 2523; x_wconf 90' lang='lat' dir='ltr'>et</span> <span class='ocrx_word' id='word_1_381' title='bbox 1522 2494 1549 2522; x_wconf 84' lang='lat' dir='ltr'>si</span> <span class='ocrx_word' id='word_1_382' title='bbox 1588 2502 1649 2522; x_wconf 90' lang='lat' dir='ltr'>non</span> <span class='ocrx_word' id='word_1_383' title='bbox 1675 2493 1770 2522; x_wconf 83' lang='lat' dir='ltr'>aliter</span> <span class='ocrx_word' id='word_1_384' title='bbox 1806 2493 1877 2522; x_wconf 89' lang='lat' dir='ltr'>uin-</span> 
     </span>
     <span class='ocr_line' id='line_1_37' title="bbox 44 2549 1877 2588; baseline -0.002 -7"><span class='ocrx_word' id='word_1_385' title='bbox 44 2560 113 2581; x_wconf 83' lang='lat' dir='ltr'>cam</span> <span class='ocrx_word' id='word_1_386' title='bbox 136 2554 352 2581; x_wconf 85' lang='lat' dir='ltr'>accusatores.</span> <span class='ocrx_word' id='word_1_387' title='bbox 378 2554 487 2580; x_wconf 88' lang='lat' dir='ltr'>tamen</span> <span class='ocrx_word' id='word_1_388' title='bbox 512 2551 599 2580; x_wconf 84' lang='lat' dir='ltr'>fabio</span> <span class='ocrx_word' id='word_1_389' title='bbox 625 2550 729 2579; x_wconf 88' lang='lat' dir='ltr'>iudice</span> <span class='ocrx_word' id='word_1_390' title='bbox 755 2550 775 2578; x_wconf 84' lang='lat' dir='ltr'>i.</span> <span class='ocrx_word' id='word_1_391' title='bbox 804 2551 957 2588; x_wconf 83' lang='lat' dir='ltr'>quamdiu</span> <span class='ocrx_word' id='word_1_392' title='bbox 983 2550 1038 2579; x_wconf 86' lang='lat' dir='ltr'>ille</span> <span class='ocrx_word' id='word_1_393' title='bbox 1065 2551 1164 2580; x_wconf 83' lang='lat' dir='ltr'>iudex</span> <span class='ocrx_word' id='word_1_394' title='bbox 1190 2550 1289 2579; x_wconf 85' lang='lat' dir='ltr'>fuerit</span> <span class='ocrx_word' id='word_1_395' title='bbox 1314 2550 1440 2579; x_wconf 80' lang='lat' dir='ltr'>uincam</span> <span class='ocrx_word' id='word_1_396' title='bbox 1467 2559 1525 2588; x_wconf 81' lang='lat' dir='ltr'>ego</span> <span class='ocrx_word' id='word_1_397' title='bbox 1551 2550 1628 2588; x_wconf 82' lang='lat' dir='ltr'>quia</span> <span class='ocrx_word' id='word_1_398' title='bbox 1654 2549 1707 2578; x_wconf 89' lang='lat' dir='ltr'>ille</span> <span class='ocrx_word' id='word_1_399' title='bbox 1725 2549 1877 2578; x_wconf 79' lang='lat' dir='ltr'>adulterii</span> 
     </span>
     <span class='ocr_line' id='line_1_38' title="bbox 45 2605 1877 2645; baseline -0.001 -7"><span class='ocrx_word' id='word_1_400' title='bbox 45 2611 184 2638; x_wconf 84' lang='lat' dir='ltr'>sectator</span> <span class='ocrx_word' id='word_1_401' title='bbox 208 2612 266 2638; x_wconf 90' lang='lat' dir='ltr'>est.</span> <span class='ocrx_word' id='word_1_402' title='bbox 294 2612 326 2638; x_wconf 87' lang='lat' dir='ltr'>et</span> <span class='ocrx_word' id='word_1_403' title='bbox 352 2617 457 2637; x_wconf 85' lang='lat' dir='ltr'>amare</span> <span class='ocrx_word' id='word_1_404' title='bbox 481 2607 605 2637; x_wconf 84' lang='lat' dir='ltr'>fabium</span> <span class='ocrx_word' id='word_1_405' title='bbox 631 2607 774 2637; x_wconf 87' lang='lat' dir='ltr'>denotat.</span> <span class='ocrx_word' id='word_1_406' title='bbox 838 2606 893 2645; x_wconf 83' lang='lat'>14)</span> <span class='ocrx_word' id='word_1_407' title='bbox 921 2610 948 2636; x_wconf 77' lang='lat' dir='ltr'>et</span> <span class='ocrx_word' id='word_1_408' title='bbox 972 2607 1040 2644; x_wconf 87' lang='lat' dir='ltr'>ipse</span> <span class='ocrx_word' id='word_1_409' title='bbox 1066 2605 1168 2635; x_wconf 87' lang='lat' dir='ltr'>MRA.</span> <span class='ocrx_word' id='word_1_410' title='bbox 1195 2607 1264 2635; x_wconf 89' lang='lat' dir='ltr'>rell.</span> <span class='ocrx_word' id='word_1_411' title='bbox 1290 2616 1350 2636; x_wconf 91' lang='lat' dir='ltr'>om.</span> <span class='ocrx_word' id='word_1_412' title='bbox 1377 2610 1412 2635; x_wconf 73' lang='lat' dir='ltr'>et.</span> <span class='ocrx_word' id='word_1_413' title='bbox 1437 2606 1543 2635; x_wconf 82' lang='lat' dir='ltr'>Verba</span> <span class='ocrx_word' id='word_1_414' title='bbox 1568 2606 1684 2634; x_wconf 85' lang='lat' dir='ltr'>malum</span> <span class='ocrx_word' id='word_1_415' title='bbox 1712 2614 1780 2635; x_wconf 83' lang='lat' dir='ltr'>esse</span> <span class='ocrx_word' id='word_1_416' title='bbox 1805 2605 1877 2642; x_wconf 85' lang='lat' dir='ltr'>dep.</span> 
     </span>
     <span class='ocr_line' id='line_1_39' title="bbox 46 2662 1877 2703; baseline -0.003 -8"><span class='ocrx_word' id='word_1_417' title='bbox 46 2664 191 2695; x_wconf 83' lang='lat' dir='ltr'>censebit</span> <span class='ocrx_word' id='word_1_418' title='bbox 217 2675 277 2695; x_wconf 88' lang='lat' dir='ltr'>om.</span> <span class='ocrx_word' id='word_1_419' title='bbox 302 2665 428 2695; x_wconf 81' lang='lat' dir='ltr'>MR2G.</span> <span class='ocrx_word' id='word_1_420' title='bbox 455 2668 553 2703; x_wconf 76' lang='lat' dir='ltr'>recte,</span> <span class='ocrx_word' id='word_1_421' title='bbox 579 2674 653 2694; x_wconf 83' lang='lat' dir='ltr'>nam</span> <span class='ocrx_word' id='word_1_422' title='bbox 677 2663 797 2693; x_wconf 71' lang='lat' dir='ltr'>uincam</span> <span class='ocrx_word' id='word_1_423' title='bbox 823 2663 1039 2702; x_wconf 87' lang='lat' dir='ltr'>supplendum</span> <span class='ocrx_word' id='word_1_424' title='bbox 1066 2666 1125 2692; x_wconf 86' lang='lat' dir='ltr'>est.</span> <span class='ocrx_word' id='word_1_425' title='bbox 1173 2662 1285 2692; x_wconf 88' lang='lat' dir='ltr'>Lectio</span> <span class='ocrx_word' id='word_1_426' title='bbox 1311 2663 1429 2692; x_wconf 83' lang='lat' dir='ltr'>codicis</span> <span class='ocrx_word' id='word_1_427' title='bbox 1454 2662 1488 2691; x_wconf 91' lang='lat' dir='ltr'>M</span> <span class='ocrx_word' id='word_1_428' title='bbox 1512 2671 1552 2692; x_wconf 87' lang='lat' dir='ltr'>ne</span> <span class='ocrx_word' id='word_1_429' title='bbox 1584 2662 1630 2690; x_wconf 82' lang='lat' dir='ltr'>sic</span> <span class='ocrx_word' id='word_1_430' title='bbox 1656 2662 1785 2699; x_wconf 87' lang='lat' dir='ltr'>quidem</span> <span class='ocrx_word' id='word_1_431' title='bbox 1811 2670 1877 2691; x_wconf 87' lang='lat' dir='ltr'>ser-</span> 
     </span>
     <span class='ocr_line' id='line_1_40' title="bbox 46 2716 1878 2760; baseline -0.003 -9"><span class='ocrx_word' id='word_1_432' title='bbox 46 2723 115 2752; x_wconf 83' lang='lat' dir='ltr'>uari</span> <span class='ocrx_word' id='word_1_433' title='bbox 140 2725 264 2760; x_wconf 82' lang='lat' dir='ltr'>potest:</span> <span class='ocrx_word' id='word_1_434' title='bbox 302 2721 390 2752; x_wconf 77' lang='lat' dir='ltr'>Satis</span> <span class='ocrx_word' id='word_1_435' title='bbox 416 2722 536 2751; x_wconf 85' lang='lat' dir='ltr'>urbane</span> <span class='ocrx_word' id='word_1_436' title='bbox 563 2721 737 2759; x_wconf 83' lang='lat' dir='ltr'>significat.</span> <span class='ocrx_word' id='word_1_437' title='bbox 771 2719 874 2749; x_wconf 68' lang='lat' dir='ltr'>Fabio.</span> <span class='ocrx_word' id='word_1_438' title='bbox 911 2720 973 2751; x_wconf 90' lang='lat' dir='ltr'>Pro</span> <span class='ocrx_word' id='word_1_439' title='bbox 998 2720 1146 2749; x_wconf 75' lang='lat' dir='ltr'>adultero</span> <span class='ocrx_word' id='word_1_440' title='bbox 1171 2720 1366 2748; x_wconf 84' lang='lat' dir='ltr'>iudicaturo.</span> <span class='ocrx_word' id='word_1_441' title='bbox 1391 2718 1509 2754; x_wconf 72' lang='lat' dir='ltr'>Judz‘ce,</span> <span class='ocrx_word' id='word_1_442' title='bbox 1535 2717 1567 2746; x_wconf 71' lang='lat' dir='ltr'>id</span> <span class='ocrx_word' id='word_1_443' title='bbox 1591 2722 1641 2754; x_wconf 78' lang='lat' dir='ltr'>est,</span> <span class='ocrx_word' id='word_1_444' title='bbox 1668 2718 1767 2746; x_wconf 85' lang='lat' dir='ltr'>iudex</span> <span class='ocrx_word' id='word_1_445' title='bbox 1791 2716 1820 2746; x_wconf 73' lang='lat' dir='ltr'>si</span> <span class='ocrx_word' id='word_1_446' title='bbox 1844 2717 1878 2746; x_wconf 90' lang='lat' dir='ltr'>in</span> 
     </span>
     <span class='ocr_line' id='line_1_41' title="bbox 46 2772 1713 2815; baseline -0.005 -5"><span class='ocrx_word' id='word_1_447' title='bbox 46 2779 130 2810; x_wconf 83' lang='lat' dir='ltr'>hanc</span> <span class='ocrx_word' id='word_1_448' title='bbox 153 2789 219 2809; x_wconf 89' lang='lat' dir='ltr'>rem</span> <span class='ocrx_word' id='word_1_449' title='bbox 245 2796 286 2800; x_wconf 92' lang='lat'>—</span> <span class='ocrx_word' id='word_1_450' title='bbox 312 2783 460 2809; x_wconf 84' lang='lat' dir='ltr'>sectator.</span> <span class='ocrx_word' id='word_1_451' title='bbox 509 2779 559 2808; x_wconf 94' lang='lat' dir='ltr'>De</span> <span class='ocrx_word' id='word_1_452' title='bbox 584 2778 715 2808; x_wconf 88' lang='lat' dir='ltr'>scholiis</span> <span class='ocrx_word' id='word_1_453' title='bbox 740 2777 780 2806; x_wconf 86' lang='lat' dir='ltr'>ad</span> <span class='ocrx_word' id='word_1_454' title='bbox 804 2778 835 2806; x_wconf 88' lang='lat' dir='ltr'>h.</span> <span class='ocrx_word' id='word_1_455' title='bbox 861 2778 882 2806; x_wconf 92' lang='lat'>1.</span> <span class='ocrx_word' id='word_1_456' title='bbox 908 2777 990 2807; x_wconf 89' lang='lat' dir='ltr'>conf.</span> <span class='ocrx_word' id='word_1_457' title='bbox 1015 2777 1138 2815; x_wconf 83' lang='lat' dir='ltr'>Haupt.</span> <span class='ocrx_word' id='word_1_458' title='bbox 1165 2776 1200 2805; x_wconf 90' lang='lat' dir='ltr'>in</span> <span class='ocrx_word' id='word_1_459' title='bbox 1224 2775 1308 2805; x_wconf 80' lang='lat' dir='ltr'>Mus.</span> <span class='ocrx_word' id='word_1_460' title='bbox 1334 2774 1434 2804; x_wconf 81' lang='lat' dir='ltr'>Rhen.</span> <span class='ocrx_word' id='word_1_461' title='bbox 1461 2784 1534 2804; x_wconf 91' lang='lat' dir='ltr'>nou.</span> <span class='ocrx_word' id='word_1_462' title='bbox 1560 2772 1617 2810; x_wconf 80' lang='grc' dir='ltr'>ΙΙΙ,</span> <span class='ocrx_word' id='word_1_463' title='bbox 1640 2773 1713 2802; x_wconf 83' lang='lat'>147.</span> 
     </span>
    </p>

    <p class='ocr_par' dir='ltr' id='par_1_11' title="bbox 158 2833 1063 2874">
     <span class='ocr_line' id='line_1_42' title="bbox 158 2833 1063 2874; baseline -0.003 -9"><span class='ocrx_word' id='word_1_464' title='bbox 158 2834 317 2865; x_wconf 83' lang='lat' dir='ltr'>AORON.</span> <span class='ocrx_word' id='word_1_465' title='bbox 343 2835 460 2865; x_wconf 87' lang='lat' dir='ltr'>Nullae</span> <span class='ocrx_word' id='word_1_466' title='bbox 486 2835 712 2874; x_wconf 85' lang='lat' dir='ltr'>inscriptiones</span> <span class='ocrx_word' id='word_1_467' title='bbox 738 2835 772 2864; x_wconf 89' lang='lat' dir='ltr'>in</span> <span class='ocrx_word' id='word_1_468' title='bbox 796 2834 889 2863; x_wconf 88' lang='lat' dir='ltr'>libris</span> <span class='ocrx_word' id='word_1_469' title='bbox 914 2833 1063 2864; x_wconf 86' lang='lat' dir='ltr'>Acronis.</span> 
     </span>
    </p>

    <p class='ocr_par' dir='ltr' id='par_1_12' title="bbox 48 2885 1879 3161">
     <span class='ocr_line' id='line_1_43' title="bbox 140 2885 1879 2934; baseline -0.004 -11"><span class='ocrx_word' id='word_1_470' title='bbox 140 2893 196 2932; x_wconf 87' lang='grc'>19)</span> <span class='ocrx_word' id='word_1_471' title='bbox 221 2893 292 2923; x_wconf 85' lang='lat' dir='ltr'>Hoc</span> <span class='ocrx_word' id='word_1_472' title='bbox 316 2902 437 2932; x_wconf 84' lang='lat' dir='ltr'>argum.</span> <span class='ocrx_word' id='word_1_473' title='bbox 465 2894 585 2932; x_wconf 89' lang='lat' dir='ltr'>legitur</span> <span class='ocrx_word' id='word_1_474' title='bbox 610 2893 644 2922; x_wconf 91' lang='lat' dir='ltr'>in</span> <span class='ocrx_word' id='word_1_475' title='bbox 668 2901 685 2934; x_wconf 85' lang='grc' dir='ltr'>γ</span> <span class='ocrx_word' id='word_1_476' title='bbox 711 2895 742 2921; x_wconf 88' lang='lat' dir='ltr'>et</span> <span class='ocrx_word' id='word_1_477' title='bbox 766 2891 814 2928; x_wconf 86' lang='lat' dir='ltr'>fh,</span> <span class='ocrx_word' id='word_1_478' title='bbox 853 2901 913 2921; x_wconf 89' lang='lat' dir='ltr'>om.</span> <span class='ocrx_word' id='word_1_479' title='bbox 939 2889 1098 2929; x_wconf 85' lang='lat' dir='ltr'>XG‚mva.</span> <span class='ocrx_word' id='word_1_480' title='bbox 1125 2889 1149 2919; x_wconf 91' lang='lat' dir='ltr'>C</span> <span class='ocrx_word' id='word_1_481' title='bbox 1173 2889 1272 2919; x_wconf 85' lang='lat' dir='ltr'>habet</span> <span class='ocrx_word' id='word_1_482' title='bbox 1297 2888 1426 2926; x_wconf 85' lang='lat' dir='ltr'>longius</span> <span class='ocrx_word' id='word_1_483' title='bbox 1458 2886 1602 2917; x_wconf 85' lang='lat' dir='ltr'>scholion</span> <span class='ocrx_word' id='word_1_484' title='bbox 1635 2885 1786 2924; x_wconf 83' lang='lat' dir='ltr'>(Stoicos,</span> <span class='ocrx_word' id='word_1_485' title='bbox 1825 2888 1879 2925; x_wconf 89' lang='lat' dir='ltr'>qui</span> 
     </span>
     <span class='ocr_line' id='line_1_44' title="bbox 48 2944 1879 2990; baseline -0.004 -10"><span class='ocrx_word' id='word_1_486' title='bbox 48 2958 165 2988; x_wconf 81' lang='lat' dir='ltr'>magna</span> <span class='ocrx_word' id='word_1_487' title='bbox 182 2958 240 2979; x_wconf 87' lang='lat' dir='ltr'>sua</span> <span class='ocrx_word' id='word_1_488' title='bbox 265 2949 346 2979; x_wconf 87' lang='lat' dir='ltr'>uitia</span> <span class='ocrx_word' id='word_1_489' title='bbox 371 2959 434 2980; x_wconf 91' lang='lat' dir='ltr'>non</span> <span class='ocrx_word' id='word_1_490' title='bbox 459 2952 638 2990; x_wconf 79' lang='lat' dir='ltr'>cernentes,</span> <span class='ocrx_word' id='word_1_491' title='bbox 674 2948 848 2978; x_wconf 83' lang='lat' dir='ltr'>amicorum</span> <span class='ocrx_word' id='word_1_492' title='bbox 873 2952 905 2978; x_wconf 85' lang='lat' dir='ltr'>et</span> <span class='ocrx_word' id='word_1_493' title='bbox 929 2948 1066 2978; x_wconf 88' lang='lat' dir='ltr'>aliorum</span> <span class='ocrx_word' id='word_1_494' title='bbox 1092 2947 1191 2977; x_wconf 86' lang='lat' dir='ltr'>etiam</span> <span class='ocrx_word' id='word_1_495' title='bbox 1216 2954 1314 2984; x_wconf 84' lang='lat' dir='ltr'>parua</span> <span class='ocrx_word' id='word_1_496' title='bbox 1346 2944 1502 2974; x_wconf 85' lang='lat' dir='ltr'>notabant</span> <span class='ocrx_word' id='word_1_497' title='bbox 1533 2947 1634 2973; x_wconf 82' lang='lat' dir='ltr'>restat</span> <span class='ocrx_word' id='word_1_498' title='bbox 1666 2947 1701 2973; x_wconf 88' lang='lat' dir='ltr'>ut</span> <span class='ocrx_word' id='word_1_499' title='bbox 1734 2944 1879 2973; x_wconf 80' lang='lat' dir='ltr'>maxima</span> 
     </span>
     <span class='ocr_line' id='line_1_45' title="bbox 49 3000 1877 3045; baseline -0.004 -9"><span class='ocrx_word' id='word_1_500' title='bbox 49 3009 179 3045; x_wconf 80' lang='lat' dir='ltr'>peccata</span> <span class='ocrx_word' id='word_1_501' title='bbox 204 3010 260 3036; x_wconf 86' lang='lat' dir='ltr'>aut</span> <span class='ocrx_word' id='word_1_502' title='bbox 284 3010 435 3036; x_wconf 84' lang='lat' dir='ltr'>moneant</span> <span class='ocrx_word' id='word_1_503' title='bbox 459 3007 630 3044; x_wconf 83' lang='lat' dir='ltr'>impunita,</span> <span class='ocrx_word' id='word_1_504' title='bbox 655 3008 712 3035; x_wconf 77' lang='lat' dir='ltr'>aut</span> <span class='ocrx_word' id='word_1_505' title='bbox 736 3014 820 3034; x_wconf 86' lang='lat' dir='ltr'>noua</span> <span class='ocrx_word' id='word_1_506' title='bbox 836 3005 995 3043; x_wconf 85' lang='lat' dir='ltr'>supplicia</span> <span class='ocrx_word' id='word_1_507' title='bbox 1011 3003 1294 3041; x_wconf 69' lang='lat' dir='ltr'>affinueniantur),</span> <span class='ocrx_word' id='word_1_508' title='bbox 1321 3003 1355 3031; x_wconf 88' lang='lat' dir='ltr'>in</span> <span class='ocrx_word' id='word_1_509' title='bbox 1373 3010 1433 3039; x_wconf 88' lang='lat' dir='ltr'>quo</span> <span class='ocrx_word' id='word_1_510' title='bbox 1453 3001 1550 3030; x_wconf 80' lang='lat' dir='ltr'>etiam</span> <span class='ocrx_word' id='word_1_511' title='bbox 1576 3001 1653 3030; x_wconf 83' lang='lat' dir='ltr'>haec</span> <span class='ocrx_word' id='word_1_512' title='bbox 1672 3000 1759 3030; x_wconf 87' lang='lat' dir='ltr'>dicta</span> <span class='ocrx_word' id='word_1_513' title='bbox 1784 3004 1877 3030; x_wconf 80' lang='lat' dir='ltr'>sunt:</span> 
     </span>
     <span class='ocr_line' id='line_1_46' title="bbox 51 3056 1879 3101; baseline -0.004 -8"><span class='ocrx_word' id='word_1_514' title='bbox 51 3063 168 3099; x_wconf 83' lang='lat' dir='ltr'>‘Quare</span> <span class='ocrx_word' id='word_1_515' title='bbox 194 3064 324 3093; x_wconf 84' lang='lat' dir='ltr'>simulat</span> <span class='ocrx_word' id='word_1_516' title='bbox 350 3072 384 3092; x_wconf 89' lang='lat' dir='ltr'>se</span> <span class='ocrx_word' id='word_1_517' title='bbox 409 3061 564 3100; x_wconf 83' lang='lat' dir='ltr'>Stoicum,</span> <span class='ocrx_word' id='word_1_518' title='bbox 590 3066 627 3092; x_wconf 89' lang='lat' dir='ltr'>ut</span> <span class='ocrx_word' id='word_1_519' title='bbox 649 3062 690 3091; x_wconf 84' lang='lat' dir='ltr'>ad</span> <span class='ocrx_word' id='word_1_520' title='bbox 716 3071 824 3092; x_wconf 89' lang='lat' dir='ltr'>eorum</span> <span class='ocrx_word' id='word_1_521' title='bbox 849 3062 1132 3101; x_wconf 87' lang='lat' dir='ltr'>reprehensionem</span> <span class='ocrx_word' id='word_1_522' title='bbox 1161 3059 1358 3090; x_wconf 85' lang='lat' dir='ltr'>commodius</span> <span class='ocrx_word' id='word_1_523' title='bbox 1387 3058 1530 3095; x_wconf 83' lang='lat' dir='ltr'>accedat,</span> <span class='ocrx_word' id='word_1_524' title='bbox 1557 3056 1663 3088; x_wconf 73' lang='lat' dir='ltr'>docens</span> <span class='ocrx_word' id='word_1_525' title='bbox 1695 3057 1773 3095; x_wconf 73' lang='lat' dir='ltr'>quod</span> <span class='ocrx_word' id='word_1_526' title='bbox 1802 3056 1879 3086; x_wconf 72' lang='lat' dir='ltr'>alter</span> 
     </span>
     <span class='ocr_line' id='line_1_47' title="bbox 50 3118 828 3161; baseline -0.004 -10"><span class='ocrx_word' id='word_1_527' title='bbox 50 3119 172 3151; x_wconf 78' lang='lat' dir='ltr'>alterius</span> <span class='ocrx_word' id='word_1_528' title='bbox 195 3119 271 3150; x_wconf 76' lang='lat' dir='ltr'>uitia</span> <span class='ocrx_word' id='word_1_529' title='bbox 293 3119 375 3150; x_wconf 77' lang='lat' dir='ltr'>debet</span> <span class='ocrx_word' id='word_1_530' title='bbox 391 3119 543 3158; x_wconf 72' lang='lat' dir='ltr'>patienter</span> <span class='ocrx_word' id='word_1_531' title='bbox 555 3118 671 3158; x_wconf 84' lang='lat' dir='ltr'>ferre.&#39;</span> <span class='ocrx_word' id='word_1_532' title='bbox 697 3118 777 3149; x_wconf 80' lang='lat' dir='ltr'>hode</span> <span class='ocrx_word' id='word_1_533' title='bbox 800 3128 828 3161; x_wconf 85' lang='grc' dir='ltr'>γ.</span> 
     </span>
    </p>

    <p class='ocr_par' dir='ltr' id='par_1_13' title="bbox 184 3180 1606 3211">
     <span class='ocr_line' id='line_1_48' title="bbox 184 3180 1606 3211; baseline -0.002 -5"><span class='ocrx_word' id='word_1_534' title='bbox 184 3184 345 3211; x_wconf 70' lang='lat' dir='ltr'>HAUTHAL,</span> <span class='ocrx_word' id='word_1_535' title='bbox 361 3185 429 3206; x_wconf 72' lang='lat' dir='ltr'>ACR.</span> <span class='ocrx_word' id='word_1_536' title='bbox 445 3185 485 3205; x_wconf 81' lang='lat' dir='ltr'>ET</span> <span class='ocrx_word' id='word_1_537' title='bbox 501 3184 613 3205; x_wconf 72' lang='lat' dir='ltr'>PORPH.</span> <span class='ocrx_word' id='word_1_538' title='bbox 630 3184 658 3205; x_wconf 86' lang='lat'>11.</span> <span class='ocrx_word' id='word_1_539' title='bbox 1591 3180 1606 3203; x_wconf 82' lang='grc'>4</span> 
     </span>
    </p>
   </div>
  </div>
 </body>
</html>
