2148 3412
209 158 290 199 338
846 164 952 196 Aen.
979 164 1039 195 ET
1067 163 1235 195 roura.
1261 162 1409 195 COMM.

894 434 1174 490 SATIRA
1216 435 1283 502 ΙΙ,
1319 436 1366 488 8.

145 595 163 625 5
1025 545 1211 589 AGRON.
1972 593 1986 614 υ

327 660 362 699 1.
397 653 612 700 Ναείάῗέηῐ.
672 655 919 698 Nasidienus
952 668 1079 708 eques
1100 653 1319 695 Romanus
1350 653 1393 693 in
1425 653 1519 695 aliis
1541 653 1728 708 elegans,
1761 652 1805 693 in
1826 666 2047 693 enumera-

212 733 324 774 tione
356 737 495 772 autem
526 729 793 770 lauticiarum
835 743 1004 769 suarum
1044 727 1228 782 putidus.
1305 726 1483 779 Quaerit
1514 742 1625 768 nune
1657 742 1681 767 a
1712 725 1936 767 Fundanio
1977 741 2050 767 suo

213 814 350 862 poeta,
387 803 742 858 quemadmodum
765 817 860 842 eum
881 801 1103 842 Nasidieni
1125 801 1279 842 iuuerit
1301 815 1443 842 caena.
1507 800 1629 853 Quae
1650 807 1876 856 praecepta
1898 815 2051 842 caenae

214 879 409 928 dedisset,
442 876 634 932 superius
658 874 805 917 Catius
827 874 1144 924 demonstrauit,
1177 882 1215 915 et
1240 874 1366 931 [tuln]
1402 874 1572 929 quidem
1595 875 1683 916 sine
1720 874 1901 916 nomine.
1961 873 2051 915 Iam

148 962 188 994 10
213 955 293 995 hoe
333 967 384 994 ex
416 949 686 1006 sequentibus
719 956 909 1004 apparet,
956 949 1069 1002 quod
1100 948 1210 989 idem
1249 948 1301 989 sit
1331 947 1588 990 Nasidienus
1619 947 1869 1003 Epicureus.
1893 949 1909 1001 Η
1935 949 2052 989 Fun-

216 1029 380 1070 (lanium
402 1025 625 1081 quendam,
649 1023 831 1065 amioum
854 1038 989 1073 suum,
1012 1022 1346 1079 interrog[ab]at
1368 1021 1586 1072 Horatius,
1619 1023 1756 1076 qualis
1778 1037 1908 1064 eaena
1928 1022 2054 1063 fuerit

214 1099 436 1142 Nasidieni
468 1098 627 1148 diuitis,
659 1097 773 1152 apud
803 1111 930 1151 quem
960 1095 1211 1138 Fundanius
1243 1103 1472 1138 eaenasset.
1557 1098 1559 1101 ’

332 1175 391 1215 Ut.
453 1171 691 1225 Quomodo,
724 1171 918 1225 qualiter.

329 1249 444 1290 mmst.
476 1245 728 1287 Delectauit.
791 1247 919 1291 beati.
938 1244 1073 1302 [Miri.
1111 1245 1240 1296 Beati]
1275 1244 1380 1285 mire
1412 1245 1526 1294 beati,
1559 1245 1638 1286 hoe
1669 1251 1743 1295 est,
1776 1244 1931 1287 diuitis.

150 1332 189 1363 15
329 1324 366 1363 2.
401 1322 625 1363 οοήαίηανη.
686 1319 748 1360 Te
781 1319 953 1368 seilicet,
986 1318 1198 1359 Fundani.

331 1398 369 1436 2.
403 1395 504 1436 ltere.
565 1393 651 1434 Pro
671 1392 777 1434 heri.
844 1393 945 1434 Here?
973 1400 1013 1433 et
1043 1393 1133 1434 here
1164 1399 1299 1447 potest
1331 1391 1429 1433 diei.

330 1470 423 1511 illic.
484 1466 616 1522 Apud
646 1465 938 1508 Nasidienum.

329 1544 369 1583 3.
401 1543 459 1584 sic
481 1550 537 1583 ut.
569 1540 832 1582 Fundanius.

330 1618 368 1657 3.
401 1618 438 1656 4.
471 1616 568 1656 milri
594 1629 810 1670 numquam
846 1615 890 1656 In
925 1630 961 1656 ιι.
991 1615 1020 1669 s.
1053 1615 1209 1656 melius.
1270 1613 1328 1656 Ut
1361 1621 1560 1669 aceeptus
1591 1630 1684 1656 sum
1715 1614 1758 1655 in
1791 1629 1932 1656 caena.

151 1699 193 1731 20
331 1693 369 1730 4.
400 1704 541 1743 yraue.
576 1688 794 1729 Horat-ius.

332 1766 369 1805 5.
399 1765 563 1804 iratum.
595 1762 866 1804 Esurientem
901 1760 1197 1817 [famelicum]

333 1988 492 2019 ACRON.
542 1997 567 2029 γ,
594 1991 629 2016 ut
655 1987 681 2016 E
710 1991 740 2016 et
764 1986 958 2023 Beruenses⁷
985 1990 1071 2016 caret
1106 1987 1327 2023 inscriptione.
1378 1987 1414 2015 In
1448 1986 1499 2029 Βφ
1532 1995 1647 2015 munus
1680 1987 1859 2024 glossam-ix
1892 1987 1924 2015 in
1957 1995 2056 2024 marg.

221 2047 366 2084 scripsit:
394 2046 479 2074 hane
504 2045 544 2073 ad
570 2044 743 2074 fundam-tm
769 2044 893 2073 scribit.
919 2043 971 2072 FY
998 2043 1135 2082 (8223):
1163 2042 1215 2071 Ad
1242 2042 1416 2072 fundanum
1440 2043 1578 2073 amicum
1606 2053 1706 2072 suum.
1734 2043 1793 2072 AD
1813 2043 2059 2072 FVNDANVM
2113 2082 2114 2085 Ἴ

219 2103 312 2132 Fran.
339 2102 396 2132 AD
424 2094 650 2131 FVNDANIV‘
679 2091 830 2130 CAENX
856 2099 1081 2129 NASIDIENI
1108 2099 1309 2129 REFERRE
1335 2100 1425 2129 Barc.
1454 2104 1485 2129 et
1510 2100 1581 2129 Par.
1608 2100 1633 2128 P
1660 2098 1778 2138 (rubr.)
1808 2099 1867 2128 AD
1894 2099 2058 2128 FVNDA-

220 2159 331 2189 NIVM
356 2168 378 2202 φ
403 2158 493 2188 Sorb.
520 2158 618 2187 Notre
642 2157 755 2194 Darne,
783 2157 869 2186 8223
896 2161 955 2186 etc.
1005 2156 1132 2195 Egloga
1156 2156 1231 2185 VIII
1257 2157 1298 2186 ad
1324 2156 1517 2186 fundanium
1550 2160 1616 2186 uet.
1649 2157 1704 2186 lib.
1738 2156 1868 2187 Pithoei
1900 2157 1939 2186 ad
1971 2156 2057 2186 Med.

223 2219 273 2247 74.
301 2217 418 2255 egloga
443 2220 558 2245 octaua
584 2214 622 2244 O.
649 2214 724 2243 VIII
751 2213 860 2243 Ainbr.
887 2213 996 2244 Sermo
1021 2213 1107 2242 VIII.
1135 2213 1182 2243 St.
1210 2212 1315 2243 Germ.
1364 2213 1569 2243 Fundanium
1603 2214 1782 2252 interrogat
1818 2214 1857 2242 de
1883 2222 1981 2243 caena
2005 2222 2058 2242 na-

222 2274 341 2304 sidieni
366 2273 409 2301 H.
458 2271 508 2301 De
533 2271 681 2301 conuiuio
708 2272 758 2300 uel
784 2280 862 2300 cena
887 2271 1058 2301 Nasidieni
1084 2270 1098 2299 Ι
1125 2275 1184 2300 ete.

334 2330 369 2368 6)
400 2329 438 2358 Ut
462 2327 625 2357 Nasidieni
647 2337 757 2358 omnes
783 2329 842 2356 mei
860 2328 949 2357 codd.
969 2332 1000 2357 et
1018 2328 1095 2357 IIor.
1117 2331 1147 2357 et
1164 2327 1301 2357 Aeronis
1320 2331 1351 2356 et
1367 2326 1484 2364 Porph.
1505 2328 1638 2357 habent.
1665 2328 1703 2356 In
1721 2328 1872 2357 lemmate
1891 2328 1937 2356 sic
1963 2326 2059 2356 habet

225 2391 257 2417 et
275 2389 342 2425 ipse
360 2385 547 2422 Ascensum,
573 2394 637 2415 non
655 2385 730 2413 item
750 2384 921 2423 Cruquius,
949 2386 1003 2423 qui
1021 2385 1172 2415 lemmate
1190 2388 1289 2414 earet.
1328 2384 1474 2423 Uterque
1499 2389 1536 2414 ut
1555 2384 1663 2414 Oberl.
1682 2385 1800 2423 aliique
1814 2384 1950 2414 Horatio
1975 2384 2060 2412 hunc
2119 2394 2122 2399 ·

222 2445 396 2482 pessimum
422 2451 549 2472 uersum
576 2441 738 2472 obtrudit:
764 2441 807 2470 Ut
833 2445 859 2470 te
884 2442 1057 2472 Nasidieni
1084 2443 1166 2472 iuuit
1192 2451 1290 2471 coena
1315 2442 1414 2470 beati.
1457 2442 1528 2471 Non
1554 2442 1656 2480 magis
1681 2442 1809 2480 probari
1836 2444 1940 2479 potest
1964 2440 2059 2470 lectio

222 2501 363 2530 Turnebi
402 2499 502 2539 (Adv.
529 2498 588 2535 ΙΙΙ,
616 2498 661 2537 3),
700 2508 794 2536 quam
821 2498 884 2528 Fea
910 2500 1082 2537 amplexus
1108 2503 1176 2529 est:
1215 2499 1387 2527 Nasidieni
1412 2498 1464 2536 qni
1490 2499 1573 2527 iuuit
1600 2503 1632 2527 te
1659 2507 1738 2527 cena
1764 2499 1860 2528 beati.
1913 2497 1970 2531 Qui
1994 2506 2058 2526 ma-

223 2557 378 2587 nifestum
405 2557 565 2594 glossema
592 2559 641 2585 est.
665 2556 842 2593 particulae
868 2560 907 2589 zet,
946 2566 1026 2594 (luae
1053 2557 1116 2586 iam
1142 2557 1174 2585 in
1200 2556 1366 2586 nonnullis
1393 2556 1464 2584 edd.
1493 2565 1573 2584 saee.
1600 2555 1658 2584 XV
1684 2556 1856 2594 disparuit.
1876 2572 1915 2575 -
1936 2562 2059 2583 enume-

223 2615 348 2644 ratione
373 2624 397 2655 γ.
425 2618 519 2642 recte.
545 2613 614 2642 rell.
640 2613 867 2641 numeratione.
895 2612 1000 2642 Schol.
1028 2612 1212 2642 Nasidienus
1230 2630 1266 2633 —
1283 2612 1461 2650 Epicureus
1487 2622 1547 2641 om.
1576 2611 1611 2642 C.
1676 2614 1709 2652 7)
1737 2612 1882 2650 putidius
1909 2612 2016 2650 querit
2033 2620 2058 2652 γ.

224 2690 265 2693 -
292 2681 310 2699 a
334 2671 473 2700 fundano
496 2680 522 2712 γ.
588 2669 621 2707 9)
649 2669 773 2698 dedisse
797 2679 823 2710 γ.
851 2670 919 2698 rell.
947 2670 1092 2699 dedisset.
1120 2687 1159 2689 ᾈ
1186 2668 1298 2699 Catius
1331 2679 1392 2698 om.
1429 2667 1531 2708 G(Q).
1567 2669 1593 2698 E
1627 2670 1756 2707 quidem
1787 2678 1901 2711 ·(‚mva.
1938 2672 1969 2697 et
2001 2672 2060 2697 tum

224 2729 353 2767 quidem
379 2727 423 2757 fb.
452 2745 492 2748 *⁴
519 2727 601 2756 Nam
626 2727 686 2755 hoe
722 2735 762 2754 ex
802 2727 1011 2764 sequentibus
1037 2736 1053 2768 γ
1081 2726 1111 2764 (s
1139 2726 1260 2765 expu.).
1329 2726 1384 2765 10)
1411 2726 1454 2755 sit
1479 2735 1507 2767 γ.
1534 2732 1631 2755 recte.
1657 2727 1727 2756 rell.
1754 2735 1814 2756 om.
1841 2743 1883 2746 —<
1911 2726 2059 2763 epicurus

223 2796 250 2826 γ.
279 2796 318 2814 m.
347 2794 371 2814 s.
424 2785 479 2823 11)
506 2784 711 2813 Fundanium
729 2801 765 2803 —
782 2787 929 2813 cenasset
954 2793 980 2825 γ.
1008 2784 1159 2813 similiter
1184 2782 1217 2812 C.
1244 2783 1313 2812 rell.
1340 2793 1398 2812 om.
1426 2782 1641 2820 interrogabat
1663 2791 1689 2824 γ.
1716 2784 1895 2821 interrogat
1919 2781 1955 2811 O.
1982 2790 2059 2819 qua-

224 2842 265 2871 lis
291 2851 367 2870 vena
394 2841 491 2871 fuerit
517 2851 568 2870 na.
596 2841 709 2870 diuitis
735 2850 761 2882 γ.
789 2850 888 2870 eoeua
913 2841 990 2870 Nas.
1018 2841 1058 2869 di.
1085 2839 1190 2869 fuisset
1202 2839 1235 2869 C.
1295 2840 1350 2877 12)
1377 2839 1461 2877 apud
1488 2849 1517 2877 q.
1533 2837 1711 2878 fundanius
1736 2843 1875 2869 een-asset
1898 2847 1923 2880 γ.
1952 2848 2002 2876 ap.
2029 2847 2058 2878 q.

225 2897 286 2936 ipse
312 2902 500 2927 coensium-at
525 2897 562 2935 G,
602 2898 654 2936 qui
692 2897 783 2926 addit
807 2897 902 2926 haec:
942 2900 1046 2935 ‘quarn
1077 2907 1117 2926 ex
1144 2897 1254 2926 ordine
1280 2897 1475 2933 describens,
1502 2897 1646 2926 ostendit
1673 2906 1741 2926 eum
1770 2897 1802 2926 in
1828 2895 1968 2925 lautitiis
1994 2894 2060 2923 suis

226 2960 254 2984 et
283 2960 438 2993 apparatu
465 2956 637 2993 magnifico
663 2955 814 2984 iactando
841 2954 938 2984 fuisse
965 2955 1182 2992 putidiorem.'
1210 2954 1334 2983 iuuerit.
1362 2953 1584 2983 Delectauerit
1607 2963 1680 2982 mva
1706 2956 1738 2982 et
1756 2952 1795 2990 G,
1826 2953 1881 2990 qui
1906 2953 1979 2981 hab.
2009 2949 2059 2980 Ce-

226 3012 401 3041 ler-tauerit.
471 3012 524 3049 14)
553 3013 625 3041 miri
655 3012 688 3050 (1
717 3023 756 3041 in.
784 3021 862 3041 corr.
890 3016 969 3041 mut.
998 3020 1013 3040 e
1038 3012 1073 3040 iu
1098 3012 1124 3050 i)
1150 3012 1198 3041 be.
1227 3013 1256 3040 h.
1285 3022 1310 3041 e.
1339 3011 1452 3040 diuitis
1478 3020 1504 3052 γ.
1544 3009 1629 3039 beati.
1656 3011 1733 3039 mire
1758 3009 1853 3045 beati,
1881 3008 1995 3038 diuitis
2021 3005 2058 3036 C.

227 3069 295 3097 rell.
323 3078 381 3097 om.
450 3070 503 3107 l’o)
531 3069 575 3098 Te
603 3070 728 3099 scilicet.
759 3068 825 3111 γ,Ο.
853 3069 922 3098 rell.
948 3077 1007 3098 om.
1076 3068 1131 3106 16)
1159 3068 1236 3098 Heri
1272 3072 1302 3098 et
1331 3068 1405 3097 here
1437 3077 1486 3106 po.
1524 3067 1588 3096 diei
1620 3077 1645 3108 γ.
1672 3067 1739 3096 rell.
1765 3070 1825 3095 om'.
1894 3064 1949 3103 18)
1976 3063 2059 3093 Fun-

228 3125 342 3154 danius
366 3134 392 3166 γ.
420 3125 502 3154 conf.
532 3125 572 3154 O:
600 3126 663 3156 ‘sia
689 3136 780 3164 supp.
807 3129 956 3164 acceptus
982 3134 1050 3156 sum
1076 3126 1109 3154 in
1135 3134 1242 3162 coena,
1270 3126 1316 3155 sic
1343 3134 1379 3154 ea
1404 3133 1452 3154 me
1479 3124 1573 3161 iuuit,
1601 3124 1647 3154 ait
1664 3123 1875 3153 Fundanius.'
1902 3122 1972 3152 rell.
1998 3130 2057 3149 om.

229 3181 287 3220 21)
314 3181 497 3211 famelicum
524 3192 584 3211 om.
605 3192 630 3224 γ.
