2148 3412
782 93 831 125 IN
857 94 1001 126 EPIST.
1027 95 1071 134 II,
1097 99 1128 128 2.
1794 90 1875 130 563

157 218 222 259 95.
256 220 293 259 sz'
327 218 433 271 forte
469 231 612 268 uaeas,
651 232 823 274 sequere.
890 217 1008 260 Bene
1044 219 1235 261 additum
1271 222 1310 262 si
1347 223 1453 276 forle
1484 237 1626 272 uncas,
1659 228 1872 278 tamquam

44 296 84 331 et
113 290 192 331 hoc
220 290 361 346 ipsum
391 291 530 332 facere
561 305 871 346 superuacuum
901 291 1177 334 iudicandum
1209 293 1273 335 sit.

153 365 218 405 96.
255 365 363 415 Quid
404 365 512 418 serat
555 372 590 406 et
622 379 760 421 quare.
821 364 938 418 Quid
970 366 1022 408 de
1053 380 1098 408 se
1134 366 1337 422 praebeat
1366 368 1524 419 tollere,
1557 370 1626 412 uel
1664 370 1767 425 quid
1798 372 1873 413 ad-

40 439 157 480 ferat.

0 434 4 628 Ι
150 512 216 553 98.
248 511 459 553 Samm'tes.
530 510 767 566 Tamquam
813 509 1039 563 Samnites,
1086 527 1264 568 quorum
1307 530 1452 571 pugna
1495 530 1661 572 semper
1700 519 1871 560 stataria

40 591 112 628 est.
173 583 354 627 Videtur
392 590 530 626 autem
566 584 670 626 haec
706 585 954 641 metaphora
991 586 1060 628 uel
1089 602 1115 628 a
1154 586 1400 631 Samniticis
1437 589 1759 644 gladiatoribus,
1804 593 1872 634 uel

0 629 3 706 l
38 674 64 700 a
93 658 203 700 bello
234 658 439 700 acerrimo
473 656 711 700 Samnitum
742 658 966 701 aduersum
996 659 1212 703 Romanos
1244 676 1334 704 esse
1364 663 1581 705 translata.

0 709 2 762 l
149 733 205 774 ad
242 733 398 774 lumina
431 734 580 789 prima.
650 731 799 787 Usque
839 733 893 774 ad
928 733 1158 786 lucernam,
1199 735 1244 776 id
1281 743 1354 786 est,
1394 736 1448 778 ad
1484 751 1706 793 uesperam
1717 755 1727 788 3
1769 741 1870 782 lento

38 806 183 856 duello,
213 805 259 847 id
289 812 362 854 est,
394 805 504 847 bello
536 806 750 847 diuturno.

0 917 1 939 ,
146 880 211 921 99.
244 881 415 922 Discedo
436 880 610 922 Alcaeus
636 888 786 936 puncto
815 881 940 923 illius.
998 879 1163 924 Iudicio
1194 881 1320 932 illius,
1353 883 1502 937 inquit,
1541 882 1703 926 Alcaeo
1735 886 1866 941 lyrico

0 942 1 1003 l
36 968 241 1009 conparor
271 960 312 994 et
340 953 394 995 fio
424 953 530 994 alter
559 952 757 1002 Alcaeus,
803 955 966 996 functus
997 955 1199 1011 suffragio
1226 955 1375 996 humili
1405 971 1454 998 ac
1486 957 1666 1012 plebeio.

147 1028 213 1069 99.
247 1028 339 1069 100.
370 1028 438 1069 ille
468 1043 552 1070 meo
584 1030 668 1083 quis
693 1029 806 1078 Quis.
873 1027 1134 1084 Singillatim
1165 1030 1479 1085 pronuntianda
1510 1038 1604 1073 sunt
1634 1032 1739 1074 haec
1770 1049 1868 1088 pro-

33 1100 216 1144 nomina.
276 1100 397 1143 Voco
429 1100 542 1142 enim
573 1115 667 1142 eum
700 1099 1024 1150 Callimachum,
1054 1112 1100 1144 ut
1127 1117 1195 1144 me
1226 1103 1296 1144 ille
1316 1101 1525 1146 Alcaeum
1556 1106 1754 1148 nominat.

146 1175 240 1217 100.
278 1177 317 1217 sz'
334 1175 433 1231 plus
466 1176 684 1231 adposcere
715 1176 840 1217 uisus.
902 1175 951 1218 Si
980 1177 1060 1218 hoc
1091 1175 1152 1217 illi
1184 1191 1336 1232 parum
1372 1178 1509 1227 fuerit,
1542 1188 1581 1220 et
1619 1180 1715 1235 plus
1747 1196 1771 1221 a
1801 1196 1869 1223 me

33 1248 219 1304 exegerit
249 1248 398 1291 laudis.
458 1247 516 1290 Et
545 1248 615 1290 hic
644 1249 838 1300 ostendit,
879 1264 964 1292 non
993 1265 1071 1305 pro
1109 1249 1259 1292 merito
1290 1258 1434 1305 poetas
1456 1252 1531 1294 sed
1550 1267 1628 1308 pro
1649 1253 1865 1296 uoluntate

31 1322 207 1366 laudari.

144 1398 237 1439 101.
270 1397 333 1439 Fa
368 1398 633 1440 Jmnmermus
678 1405 713 1438 et
758 1398 892 1454 optz'uo
940 1412 996 1439 co.
1033 1412 1088 1439 cr.
1170 1399 1330 1454 Ορίίιιο,
1363 1400 1563 1456 adoptiuo
1609 1407 1649 1442 et
1693 1401 1865 1443 adscito.

33 1472 205 1515 Alcaeus
235 1477 375 1513 autem
402 1470 526 1526 lyrici
549 1469 761 1518 carminis,
797 1471 1063 1514 Callimachus
1095 1472 1274 1529 elegiaci
1313 1480 1461 1516 auctor
1491 1480 1564 1516 est.
1604 1476 1870 1518 Mimnermus

31 1546 134 1589 duos
163 1545 295 1587 libros
325 1544 577 1586 luculentius
610 1543 792 1599 scripsit.

142 1620 236 1661 102.
268 1619 403 1663 Multa
441 1619 540 1672 sero.
600 1617 753 1670 Multa,
801 1617 950 1673 inquit,
988 1618 1138 1674 patior,
1189 1634 1242 1661 ne
1286 1620 1390 1662 mihi
1428 1627 1577 1677 poetae
1618 1622 1864 1675 irascantur,

31 1694 103 1736 sed
132 1700 218 1734 tam
249 1693 335 1743 diu,
367 1707 494 1748 quam
524 1692 616 1747 ipse
647 1691 836 1734 scribens
867 1691 1033 1734 laudari
1063 1708 1131 1735 me
1161 1700 1350 1749 expecto.

139 1767 352 1810 mritabile.
410 1765 667 1807 Iracundum
699 1780 749 1807 ac
778 1765 1025 1821 litigiosum.

141 1842 235 1883 104.
266 1842 391 1896 fi'm‘tis
427 1841 584 1882 studiis.
644 1841 802 1890 Finitis,
835 1839 981 1896 inquit,
1022 1840 1281 1883 carminibus
1320 1847 1360 1883 et
1390 1842 1497 1884 bene
1527 1850 1697 1898 recepta
1728 1851 1866 1886 mente

28 1922 242 1972 tamquam
274 1929 325 1957 ex
356 1915 520 1957 insania
551 1914 742 1970 poeticae
772 1914 1046 1969 professionis
1077 1915 1131 1956 ad
1162 1930 1229 1957 me
1260 1915 1440 1958 rediens.

145 1991 237 2032 105.
273 1990 462 2032 Obcurem
486 1990 666 2045 patulas.
726 1987 823 2029 Non
855 1988 990 2030 solum
1020 2004 1104 2031 non
1134 1989 1330 2039 laudabo,
1370 1990 1442 2032 sed
1484 1990 1610 2032 etiam
1642 1991 1864 2035 obcludam
1917 2001 1929 2031 Τ

29 2079 162 2114 aures,
193 2077 245 2105 ne
276 2078 401 2118 quem
432 2063 602 2104 audiam
633 2062 894 2104 recitantem.

144 2204 176 2243 1)
203 2207 295 2234 uacat
319 2204 351 2232 in
375 2203 449 2232 lem.
478 2206 509 2232 et
534 2203 567 2231 111
594 2203 680 2231 scho.
705 2201 752 2233 fh.
818 2202 853 2240 3)
881 2200 968 2237 Quid
994 2211 1056 2231 esse
1080 2201 1171 2232 MRQ.
1199 2203 1270 2231 rell.
1298 2202 1383 2238 Quid
1409 2202 1444 2232 <le
1468 2212 1507 2232 se.
1535 2221 1574 2224 --
1601 2203 1724 2234 adferat
1746 2205 1790 2234 M.
1817 2205 1865 2241 nf-

30 2259 111 2292 ferat
133 2260 253 2290 RA2G.
279 2259 392 2290 offerat
414 2260 461 2289 fh.
488 2259 595 2288 offeret
617 2268 668 2289 va.
720 2258 755 2298 5)
781 2267 905 2297 semper
929 2269 990 2289 om.
1016 2259 1106 2289 vafh.
1132 2259 1202 2288 Hoc
1227 2260 1325 2290 schol.
1351 2261 1490 2290 mutauit
1516 2261 1625 2290 sedem
1651 2272 1722 2291 cum
1740 2273 1803 2301 seq.
1831 2264 1864 2292 in

29 2319 120 2348 codd.
147 2321 178 2347 et
192 2328 242 2348 va.
292 2317 327 2356 8)
356 2318 375 2346 i.
401 2315 442 2346 ad
468 2325 647 2354 uesperam,
673 2325 733 2345 om.
759 2315 870 2354 Usque
895 2317 936 2345 ad
960 2317 1033 2353 lue,
1059 2316 1147 2353 R‚f11.
1181 2316 1225 2346 αιΖ
1247 2317 1285 2346 lu.
1312 2326 1412 2355 usque
1439 2318 1479 2346 ad
1505 2318 1566 2346 luc.
1586 2319 1605 2347 i.
1633 2319 1672 2348 ad
1698 2329 1786 2358 uesp.
1812 2331 1854 2350 va

28 2375 157 2405 Lemma
181 2374 223 2404 acl
245 2374 313 2404 lum.
335 2384 367 2412 p.
395 2376 504 2403 exstat
530 2374 562 2402 111
587 2372 621 2401 M
645 2371 828 2411 (perperam
851 2374 908 2402 ref.
935 2372 990 2411 Q),
1017 2373 1107 2402 deest
1133 2374 1164 2402 in
1189 2372 1257 2402 RG.
1309 2373 1342 2412 9)
1368 2373 1470 2402 duello
1496 2372 1606 2404 dim-220
1624 2376 1653 2404 2.
1679 2376 1766 2405 lento
1792 2387 1851 2406 om.

27 2431 128 2462 MRG.
147 2433 168 2461 1.
190 2432 261 2470 (pro
287 2432 306 2461 1.
324 2444 368 2459 :z
386 2430 489 2468 lento)
509 2430 615 2459 duello
632 2430 716 2460 bello
743 2430 823 2459 diut.
847 2440 878 2459 v.
930 2430 984 2468 10)
1010 2429 1079 2459 Iud.
1105 2430 1195 2459 illius
1219 2429 1290 2459 MR.
1316 2429 1410 2468 illius]
1432 2430 1525 2460 Illius
1542 2431 1606 2460 iud.
1632 2432 1677 2461 fh.
1702 2433 1850 2464 Alterum

27 2487 106 2518 illius
132 2499 191 2519 om.
218 2488 296 2524 an.
349 2487 402 2525 11)
429 2491 515 2525 atque
540 2487 623 2525 pleb.
651 2487 681 2515 2.
733 2486 789 2525 12)
815 2485 1006 2524 singillatim
1032 2484 1169 2524 MG(Q).
1199 2487 1282 2516 conf.
1308 2486 1398 2516 Suet.
1424 2486 1508 2525 Aug.
1538 2489 1566 2519 9.
1595 2487 1661 2517 Cic.
1688 2489 1778 2519 Verr.
1804 2490 1861 2527 III,

28 2546 80 2575 42.
106 2545 143 2582 V,
171 2545 199 2575 5.
228 2545 416 2584 singulatim
442 2544 477 2573 R.
505 2543 587 2573 conf.
614 2543 745 2573 Terent.
771 2543 898 2573 Phorm.
924 2543 962 2580 V,
990 2544 1020 2580 8,
1048 2544 1097 2573 42.
1125 2542 1260 2573 Sallust.
1287 2541 1359 2573 Cat.
1386 2544 1426 2573 49
1455 2547 1514 2573 etc.
1542 2543 1713 2582 sigillatim
1741 2547 1860 2583 Qvafh.

31 2602 85 2642 13)
105 2602 189 2631 enim
207 2611 267 2632 om.
290 2603 318 2631 2.
337 2602 391 2631 ille
409 2610 458 2630 me
479 2602 506 2630 2.
526 2618 563 2621 >a
582 2600 719 2630 nominet
735 2600 858 2638 2,vafh.
895 2600 950 2639 14)
970 2609 1101 2638 paruum
1118 2600 1155 2629 R.
1208 2600 1263 2638 17)
1285 2600 1415 2630 Lemma
1431 2600 1529 2638 opliuo
1546 2602 1752 2639 amplificaui.
1806 2605 1860 2643 18)

27 2658 193 2689 mineruius
210 2657 309 2688 M2G.
329 2657 498 2687 minei-mus
515 2657 552 2686 R.
571 2656 756 2686 Mimermus
774 2667 803 2686 v.
834 2656 1034 2686 Mimermnus
1061 2666 1088 2686 a.
1114 2656 1327 2687 Mimnermus
1353 2667 1424 2686 uero
1449 2658 1528 2687 duos
1554 2659 1598 2687 fh.
1625 2659 1685 2687 duo
1710 2660 1739 2689 2.
1766 2659 1861 2690 Mim-

27 2724 168 2746 nermum
195 2711 409 2756 (111ίμνερμον)
435 2723 498 2743 non
524 2714 603 2743 duos
631 2714 734 2743 solum
761 2713 931 2751 scripsisse
955 2713 1055 2742 libros
1082 2714 1137 2742 sed
1169 2714 1299 2751 multos,
1337 2717 1464 2752 praeter
1501 2713 1633 2744 Suidam
1659 2725 1682 2744 s.
1709 2726 1737 2745 ιι.
1765 2718 1860 2747 testis

28 2776 77 2802 est
101 2773 277 2802 Pausanias
302 2771 357 2809 IX,
385 2771 437 2802 29.
463 2771 550 2800 Hinc
574 2770 752 2800 uerisimile
779 2774 839 2807 est,
865 2770 1120 2809 Porphyrionem
1148 2771 1274 2801 dixisse
1299 2771 1505 2801 notissimum
1532 2772 1597 2801 eius
1623 2782 1746 2810 poema,
1780 2774 1862 2811 quod

28 2829 136 2858 Nanno
161 2829 410 2867 inscribebatur,
448 2828 481 2857 in
507 2828 587 2857 duos
613 2828 711 2857 libros
737 2827 888 2857 diuisum.
928 2828 1010 2857 conf.
1037 2827 1141 2857 Unici
1179 2826 1376 2857 Geschichte
1413 2828 1467 2857 der
1504 2828 1623 2858 hellen.
1659 2829 1791 2859 Dichtk.
1817 2828 1861 2867 11,

28 2886 92 2916 427
119 2891 150 2917 et
174 2889 303 2925 praeter
327 2885 486 2916 delectum
511 2888 677 2923 poetarum
703 2885 785 2922 eleg.
821 2883 876 2914 Gr.
902 2884 1069 2922 Brunckii,
1108 2883 1209 2914 Gaisf.
1237 2885 1454 2921 Boissonadii,
1481 2885 1595 2915 Baebii
1623 2890 1655 2916 et
1680 2886 1860 2916 Schneide-

27 2944 103 2973 wini
128 2943 395 2982 monographiam
421 2942 679 2973 Schoenemanni
717 2941 755 2970 de
780 2942 850 2971 uita
875 2945 908 2971 et
933 2942 1065 2971 carmin.
1092 2941 1287 2971 Mimnermi.
1313 2941 1489 2972 Auctorum
1515 2952 1691 2973 consensus
1730 2952 1764 2972 eo
1801 2944 1860 2972 ali-

29 3003 182 3038 quantum
218 3001 360 3037 iuuatur,
397 3000 479 3038 quod
505 2998 679 3029 luculentius
704 2999 843 3036 legimus
868 3008 925 3037 pro
950 2999 1087 3037 uulgata
1111 2999 1293 3028 luculentos.
1321 2998 1526 3028 luculentibus
1550 2999 1594 3028 M.
1621 3000 1703 3030 conf.
1726 2998 1792 3029 Cic.
1820 3000 1857 3035 Q.

28 3055 77 3086 Fr.
103 3057 160 3094 III,
189 3056 224 3087 5:
259 3057 433 3087 texebatur
458 3066 536 3095 opus
568 3056 760 3085 luculenter.
801 3056 893 3086 Oros.
920 3055 958 3093 V,
988 3056 1044 3085 15:
1083 3055 1259 3085 luculentia
1296 3055 1493 3093 scriptorum.
1543 3056 1599 3096 21)
1625 3056 1653 3086 si
1675 3057 1797 3087 tamdiu
1823 3056 1860 3085 R.

31 3112 87 3152 25)
112 3117 255 3153 opturem
282 3113 320 3144 G.
349 3131 388 3135 ν-
415 3113 579 3144 obcludam
604 3112 769 3152 M(Q)2,a.
803 3112 986 3143 obclaudam
1010 3111 1111 3150 RG,v.
1141 3111 1298 3141 occludam
1324 3112 1369 3142 fh.

1526 3178 1579 3202 36*

1897 897 1938 928 10

1894 1264 1934 1295 15
