2148 3412
235 934 275 966 10

233 1303 273 1333 15

308 131 356 170 1-1
935 139 1039 172 Aca.
1064 139 1124 170 ET
1150 137 1313 170 PORPH.
1341 137 1488 170 COMM.

415 267 480 306 97.
512 279 591 306 11011
628 278 730 319 umq.
802 263 944 305 Potest
990 269 1030 303 et
1066 265 1367 316 nonnumquam
1390 260 1489 315 legi,
1520 267 1565 301 ut
1601 275 1774 315 perraro
1811 260 1960 302 melius
2006 276 2127 303 seruo

302 338 473 379 uestitus
503 337 638 378 fuerit.

419 412 508 452 100.
546 410 888 466 Tyndandarum.
964 407 1227 450 Graecarum
1259 406 1493 465 mulierum,
1542 421 1618 462 pro
1649 406 1955 462 Tyndaridum.
2018 405 2128 462 Sig-

302 485 441 525 nificat
472 491 609 525 autem
642 482 1023 539 Clytaemnestram
1055 487 1125 522 aut
1155 479 1378 521 Helenam.
1418 478 1544 536 [Nam
1548 480 1566 537 j
1617 478 1954 535 Clytaemnestra
2003 478 2126 536 Aga-

302 573 578 607 memnonem,
611 557 778 598 Helena
807 555 1080 612 Deiphobum
1112 553 1332 602 interfecit,
1365 559 1405 593 et
1434 553 1583 594 ambae
1614 552 1831 608 Tyndarei
1859 553 1982 595 filiae.

416 632 506 672 101.
542 632 633 672 102.
665 631 760 687 qaid
779 646 829 671 m.
847 632 872 671 i.
894 646 924 671 s.
970 627 1119 683 Fingit
1140 626 1221 668 sibi
1241 626 1565 681 respondentem
1588 641 1696 677 eum,
1731 642 1855 682 quem
1875 627 2127 682 adloquitur.

412 713 457 746 u!
489 705 625 745 eduam
656 704 822 746 Neuius.
881 701 1043 743 Neuius
1076 699 1226 757 [enim]
1259 707 1344 741 tam
1376 715 1528 755 parcus
1559 700 1649 750 fuit,
1681 708 1726 741 ut
1756 700 1904 742 merito
1935 700 2129 742 sordidus

300 778 596 834 appellaretur,
630 785 668 818 et
700 783 844 818 contra
867 774 1040 817 Cassius
1062 775 1337 817 Nomentanus
1358 780 1444 815 tam
1474 775 1669 828 profusus
1699 774 1789 824 fuit,
1819 781 1864 815 ut
1894 774 2129 816 sestertium

301 851 539 907 septuagies
576 850 752 891 libidine
793 856 831 890 et
869 849 992 904 gulae
1029 847 1304 903 impenderet.
1372 846 1512 889 Huius
1551 862 1697 889 cocum
1734 846 1920 889 Damam
1961 847 2129 889 nomine

302 923 509 966 Salustius
533 922 710 978 Crispus
732 922 917 965 centenis
948 921 1117 963 milibus
1139 921 1248 963 aeris
1270 921 1520 963 conductum
1543 920 1701 962 habuit.
1764 922 1910 963 Aliter:
1942 920 2128 962 Nomen-

299 1008 419 1039 tanus
451 1005 521 1038 aut.
551 1010 703 1038 nomen
735 996 950 1052 proprium
974 1003 1047 1045 est,
1080 1001 1150 1036 aut
1180 995 1337 1050 gentile
1373 995 1425 1036 de
1454 993 1721 1036 Nomentana
1762 994 1951 1044 ciuitate3
1985 994 2129 1052 signi-

298 1072 394 1113 ficat
425 1071 634 1126 quendam
667 1068 862 1111 Cassium
893 1068 1166 1119 luxuriosum,
1199 1068 1271 1123 qui
1302 1068 1400 1109 inde
1431 1068 1520 1109 fuit.

414 1145 646 1186 102-404.
683 1145 833 1197 Perqz‘s.
894 1142 945 1182 Id
967 1149 1039 1192 est,
1071 1142 1116 1183 in
1147 1141 1368 1184 contrariis
1399 1156 1658 1197 perseueras.
1721 1143 1951 1197 Puqnantia
1981 1157 2128 1184 secum.

298 1218 349 1259 Id
379 1224 460 1259 est:
494 1216 638 1269 Quare
670 1216 905 1272 pugnantia
936 1222 1082 1257 contra
1113 1230 1156 1257 se
1186 1215 1397 1270 loqueris?
1422 1241 1472 1244 —
1497 1215 1609 1270 quod
1639 1230 1791 1256 auarus
1822 1222 1861 1256 et
1891 1215 2129 1258 luxuriosus

299 1292 533 1348 pugnantia
564 1298 657 1333 sunt
695 1318 756 1341 —,
789 1298 829 1332 et
859 1305 944 1332 non
973 1290 1111 1346 magis
1141 1297 1181 1330 te
1213 1288 1422 1331 conuertis
1453 1288 1508 1330 ad
1539 1288 1594 1338 id,
1629 1288 1740 1343 quod
1771 1295 1831 1330 est
1863 1290 2130 1331 commodum

298 1366 323 1406 i.
346 1381 379 1407 e.
402 1365 614 1407 medium?
647 1364 785 1407 Ordo:
818 1363 1024 1406 frontibus
1055 1363 1245 1405 aduersis
1275 1363 1521 1419 pugnantia.
1574 1377 1815 1419 componere.
1854 1361 2128 1418 Comparare,

299 1438 496 1494 quoniam
543 1439 613 1494 qui
659 1445 911 1494 repugnant,
956 1438 1114 1479 frontes
1158 1437 1358 1478 aduersas
1403 1435 1571 1477 habent.
1640 1451 1720 1478 non
1758 1452 1836 1491 eqo.
1907 1436 2039 1479 Poeta
2075 1436 2130 1478 ad

298 1527 483 1553 auarum.

410 1601 588 1642 vappam
618 1587 642 1626 i.
664 1601 698 1625 a.
722 1600 759 1626 η.
844 1586 997 1641 Vappae
1030 1583 1225 1624 dicuntur
1255 1583 1410 1638 perditi
1441 1598 1489 1624 ac
1519 1584 1736 1634 luxuriosi,
1784 1585 1998 1626 nebulones
2029 1599 2129 1625 uero

230 1674 236 1683 ⁴
296 1659 394 1701 uani
426 1666 464 1700 et
495 1659 609 1700 leues
640 1665 681 1699 ut
714 1658 879 1700 nebula.
928 1659 1077 1699 Aliter:
1120 1658 1253 1714 Vnppa
1284 1657 1437 1699 dieitur
1468 1657 1614 1699 stultus
1645 1666 1684 1699 et
1714 1658 1909 1709 insulsus,
1932 1657 2004 1713 qui
2025 1657 2130 1698 nihil

298 1733 405 1789 sapit
416 1750 425 1782 3
459 1732 613 1774 dicitur
643 1733 767 1774 etiam
799 1735 941 1774 uinmn
972 1748 1122 1789 mappa,
1155 1732 1267 1786 quod
1298 1730 1484 1785 perdidit
1514 1746 1720 1786 saporem.

411 1808 502 1848 105.
536 1808 605 1849 Est
634 1809 675 1848 z'n
698 1816 732 1848 te
752 1808 907 1848 Tanain
937 1807 1123 1864 quiddam
1144 1821 1221 1848 soc.
1251 1805 1393 1847 Viselli.
1455 1804 1626 1855 Tanais,
1657 1805 1832 1847 libertus
1853 1804 2127 1856 Maecenatis,

413 2014 444 2051 1)
472 2023 723 2052 nonnumquam,
761 2024 822 2044 om.
850 2014 926 2052 legi,
952 2023 1008 2051 pro
1033 2012 1205 2051 aliquando,
1244 2013 1290 2041 ita
1314 2015 1347 2041 ut
1375 2020 1504 2049 perraro
1530 2011 1679 2042 Vmidius
1706 2021 1797 2042 seruo
1824 2022 1880 2042 suo
1906 2013 2021 2042 melius
2047 2016 2127 2043 uest.

296 2072 391 2101 fuerit
410 2069 446 2101 C.
497 2072 531 2110 3)
557 2072 725 2101 mulierum
750 2070 827 2113 fifh.
854 2071 923 2100 rell.
950 2081 1010 2101 om.
1037 2080 1095 2108 pro
1120 2070 1321 2100 tindaridum
1345 2078 1370 2110 γ.
1397 2069 1467 2097 rell.
1496 2078 1555 2098 om.
1586 2068 1818 2108 Clytaemnestra
1842 2069 2002 2109 Tyndaris
2028 2069 2126 2100 Ouid.

295 2129 333 2158 A.
359 2129 402 2164 ΙΙ,
427 2129 502 2157 408.
529 2129 566 2157 T.
591 2129 633 2165 II,
661 2129 735 2157 396.
763 2131 793 2156 et
820 2126 931 2156 Helena
961 2126 1112 2166 Tyndaris
1129 2126 1226 2164 Verg.
1251 2125 1291 2155 A.
1318 2125 1359 2161 II,
1388 2126 1462 2161 569,
1490 2126 1558 2155 siue
1589 2126 1680 2165 Tynd.
1714 2127 1857 2156 Lacaena
1887 2126 1983 2165 Verg.
2016 2125 2053 2155 A.
2086 2126 2127 2163 ΙΙ,

297 2187 371 2214 601.
396 2185 534 2214 Maerob.
559 2185 596 2221 V,
616 2186 665 2221 17,
696 2185 745 2213 16.
773 2184 870 2214 Ouid.
895 2184 932 2213 A.
952 2184 976 2218 I,
998 2184 1072 2213 746.
1099 2183 1206 2221 puella
1232 2183 1395 2221 'Tyndaris
1421 2183 1505 2220 apud
1531 2182 1608 2212 Hor.
1636 2182 1671 2212 C.
1698 2183 1721 2220 l,
1752 2184 1801 2212 17.
1851 2183 1885 2222 4)
1911 2184 1994 2213 Nam
2020 2193 2079 2213 om.
2097 2191 2124 2224 γ.

297 2242 331 2279 5)
358 2246 389 2270 (a
412 2242 524 2271 ambae
549 2252 575 2283 γ.
604 2260 643 2262 -
671 2241 819 2281 tyndarei
841 2251 858 2283 γ
885 2239 979 2280 (GPQ
996 2241 1123 2270 dicens:
1156 2239 1294 2279 Tyndari
1317 2240 1420 2278 libri).
1448 2240 1516 2269 rell.
1545 2239 1705 2278 Tyndari.
1733 2239 1895 2270 Usitatior
1919 2239 2022 2270 forma
2039 2240 2127 2279 Tyn-

295 2299 404 2328 dareus
429 2293 645 2340 (Τυνδάρεως)
672 2299 756 2336 apud
783 2297 879 2329 Ouid.
901 2302 931 2327 et
949 2297 1070 2327 Auson.
1097 2302 1129 2327 et
1147 2295 1381 2326 Grammaticos
1399 2305 1492 2334 quam
1510 2295 1682 2336 Tyndarus
1700 2291 1906 2337 (Τύνῧαρος).
1957 2297 1991 2336 6)
2016 2298 2126 2326 herum

295 2356 333 2385 X.
360 2356 428 2385 rell.
454 2364 528 2385 eccm.
595 2356 628 2394 7)
655 2356 774 2384 Neuius
800 2353 911 2396 -flJXG,
938 2358 971 2384 ut
999 2354 1090 2384 codd.
1116 2354 1229 2392 Porph.
1256 2353 1289 2382 M
1316 2352 1415 2390 (teste
1440 2353 1579 2383 Halmio.
1607 2354 1644 2388 Q.
1672 2363 1700 2391 p.
1726 2353 1847 2383 XXXV
1871 2357 1967 2390 tacet,
1994 2354 2028 2383 in
2053 2352 2127 2382 Aer.

298 2417 327 2442 et
345 2413 462 2450 Porph.
482 2413 622 2442 scribens
640 2412 797 2450 Naeuius)
817 2412 877 2448 R2,
904 2416 999 2450 atque
1017 2420 1124 2440 onmes
1141 2410 1211 2440 fere
1236 2411 1327 2440 codd.
1347 2410 1487 2439 Horatii.
1513 2410 1656 2440 Naeuius
1681 2410 1775 2440 Bern.
1803 2410 1861 2447 ‘A⁷‚
1889 2410 1977 2439 mvC.
2002 2411 2126 2440 Meuius

297 2479 340 2498 ca.
361 2470 513 2506 Orellius,
540 2470 593 2507 qui
620 2470 764 2499 Allaenius
790 2469 922 2507 recepit,
949 2469 1046 2498 refert
1073 2468 1130 2506 (ex
1145 2468 1306 2506 Fabric.):
1335 2468 1492 2497 ‘Illaeaius
1510 2467 1595 2497 Acro
1621 2472 1652 2497 et
1678 2468 1878 2506 Porphyrio.’
1903 2467 1967 2496 Adi
1993 2467 2126 2497 indices.

295 2525 370 2555 mim
395 2536 453 2556 om.
471 2536 497 2568 γ.
524 2530 557 2555 ut
577 2526 637 2555 uia.
663 2535 736 2562 ἰιρυς
762 2526 870 2555 nemius
897 2526 1013 2554 nimiae
1040 2525 1209 2563 parcitatis
1234 2524 1293 2553 fuit
1320 2524 1383 2567 Βφ.
1445 2525 1479 2563 8)
1506 2528 1537 2554 at
1560 2528 1645 2554 cont.
1672 2523 1708 2554 C.
1735 2528 1762 2553 et
1784 2524 1946 2566 annvea.
1972 2524 2040 2554 rell.
2066 2533 2126 2554 om.

296 2588 441 2614 moment.
468 2593 497 2612 v.
525 2601 565 2604 μ
591 2581 732 2620 profusas
757 2592 784 2624 γ.
811 2583 960 2612 Noment.
987 2581 1061 2611 adeo
1085 2591 1207 2611 suorum
1232 2581 1373 2611 bonorum
1392 2582 1541 2621 prtfasas
1567 2580 1603 2611 C.
1631 2582 1698 2610 rell.
1724 2580 1881 2620 prodiyiis.
1903 2580 2047 2620 profusus
2070 2581 2126 2610 ab-

297 2641 399 2669 solute
424 2640 462 2669 de
488 2640 671 2669 hominibus
700 2637 757 2668 Cic.
786 2638 896 2674 Quint.
927 2639 976 2668 12.
1002 2638 1091 2668 Verr.
1119 2638 1144 2675 I,
1174 2640 1202 2668 7.
1230 2638 1368 2668 Martial.
1394 2638 1551 2676 V111‚38‚
1580 2640 1628 2667 11.
1691 2638 1724 2676 9)
1752 2638 1887 2667 libidine
1911 2638 1949 2667 X.
1969 2656 2010 2658 --—
2029 2638 2126 2667 huius

296 2706 425 2735 coquum
449 2696 519 2726 XG.
546 2696 655 2725 habens
681 2705 810 2734 coquum
835 2705 897 2724 mv.
924 2694 1034 2724 liabens
1059 2704 1163 2724 cocum
1187 2704 1214 2724 a.
1244 2695 1312 2724 rell.
1339 2694 1425 2724 huius
1450 2704 1568 2725 cocum.
1588 2712 1625 2715 -—
1648 2695 1773 2725 (lamam
1798 2704 1881 2724 nom.
1899 2704 1925 2737 γ.
1945 2695 2014 2724 rell.
2041 2704 2124 2725 nom.

296 2755 431 2783 damam.
483 2755 537 2792 10)
564 2757 646 2783 cent.
673 2752 768 2782 nama-
794 2753 886 2782 eond.
913 2752 947 2782 C.
975 2770 1013 2773 —
1040 2752 1148 2782 Aliter
1174 2762 1233 2782 om.
1259 2762 1284 2793 γ.
1338 2754 1390 2789 11)
1417 2761 1500 2781 nom.
1527 2761 1630 2790 propr.
1655 2760 1681 2794 γ.
1706 2752 1774 2781 rell.
1801 2761 1906 2790 propr.
1934 2761 2017 2781 nom.
2069 2751 2124 2791 12)

297 2810 423 2840 Casium
449 2820 475 2851 γ.
540 2812 592 2849 13)
620 2810 682 2839 Pro
707 2811 818 2847 inepta
843 2810 951 2847 glossa
977 2809 1114 2839 Fabricii
1144 2809 1230 2847 (fh):
1257 2809 1374 2849 I‘ergsz's.
1402 2818 1564 2848 perum-sas
1588 2809 1685 2838 habet
1710 2818 1727 2850 γ
1752 2810 1773 2838 i.
1801 2809 1835 2838 in
1861 2808 2031 2839 contrariis
2050 2817 2124 2847 per-
2146 2803 2148 2844 l

295 2876 417 2895 seueras
443 2866 542 2904 (pers.
569 2867 601 2896 in
626 2870 726 2896 contr.
743 2867 791 2904 G).
817 2866 884 2894 rell.
912 2876 972 2895 om.
1025 2868 1080 2905 14)
1107 2866 1189 2905 quod
1211 2876 1239 2908 γ,
1265 2876 1315 2895 ua.
1342 2876 1434 2904 quam
1461 2866 1642 2905 (quoniam)
1671 2865 1710 2894 X.
1734 2866 1803 2895 rell.
1829 2866 1915 2904 quia.
1966 2861 2022 2902 17)
2048 2874 2125 2903 quo-
2147 2865 2148 2888 ἶ

295 2923 380 2952 niam
407 2922 460 2961 qui
483 2932 507 2963 γ.
534 2923 585 2961 qui
609 2933 689 2961 quae
702 2923 740 2952 X.
768 2924 836 2953 rell.
865 2925 1017 2962 quoniam
1042 2932 1126 2962 quae.
1176 2932 1368 2961 comparare,
1396 2924 1609 2961 interrogatio
1632 2923 1854 2960 obiurgatoria
1871 2921 1907 2952 C.
1936 2939 1977 2943 ——
2002 2921 2139 2951 frondes-

295 2979 378 3016 X,m.
431 2980 485 3017 18)
512 2980 583 3009 Non
610 2998 650 3000 —
677 2990 808 3010 auarum
835 2991 894 3011 om.
921 2981 1005 3017 Xan.
1058 2980 1113 3020 19)
1138 2991 1173 3010 ac
1197 2990 1224 3023 γ.
1251 2981 1319 3010 rell.
1347 2984 1388 3010 et.
1439 2981 1497 3020 20)
1524 2980 1611 3009 anari
1637 2983 1667 3008 et
1694 2979 1756 3009 leu.
1782 2988 1814 3021 φ.
1833 2996 1874 3001 -—
1892 2978 2027 3009 nebulae
2042 2977 2138 3017 X‚C..

296 3037 363 3066 rell.
391 3037 517 3065 nebula.
567 3038 623 3075 21)
650 3038 739 3067 eciam.
755 3048 779 3079 γ.
808 3039 876 3070 rell.
904 3040 999 3068 enim.
1027 3038 1164 3068 Glossae
1181 3040 1215 3068 in
1232 3048 1264 3080 γι
1283 3047 1424 3077 vappam.
1451 3038 1585 3068 stultum
1610 3040 1642 3066 et
1667 3037 1834 3066 insulsum.
1853 3046 1883 3066 u.
1907 3037 1984 3065 101:
2010 3034 2122 3064 neuin-5.

297 3102 425 3122 auarus.
446 3103 476 3122 u.
501 3094 577 3123 102:
604 3099 804 3124 nomentanus.
831 3095 1028 3126 luxuriosus.
1078 3096 1136 3134 ⁶22)
1163 3095 1268 3125 tanain
1294 3105 1318 3125 s.
1346 3095 1530 3134 spadonem.
1547 3092 1700 3133 quiddam.
1720 3093 1739 3123 i.
1757 3093 1902 3123 multum.
1920 3092 2026 3122 miselli.
2053 3092 2138 3132 qui-⁷

297 3149 368 3179 dam
395 3148 569 3179 hii-neosus.
