2148 3412
0 0 17 65 ,7

23 0 29 111 ι

26 306 30 423 ξ

27 474 30 500 l

28 545 31 554 ι

835 162 880 193 IN
908 162 1043 193 sERM.
1072 162 1114 192 11.
1142 164 1170 193 3.
1839 150 1919 191 267

93 283 360 340 [posteriore]
394 299 468 325 sua
498 283 622 332 uitia;
669 283 713 324 in
743 283 882 338 prima
912 284 1050 326 aliena
1082 284 1375 339 cognoscimus
1405 285 1590 334 facilius3
1636 291 1778 327 nostra
1808 284 1921 326 enim

89 356 161 398 uix
190 356 337 398 uidere
367 371 602 411 possumus.

203 429 431 487 [pendentia
449 439 568 485 terqo.
629 429 672 470 A
703 437 822 485 tergo
844 430 869 471 i.
894 445 927 471 e.
951 445 1001 471 ex
1033 431 1156 472 dorso
1188 432 1372 486 pendere
1404 432 1600 474 dicuntur
1628 432 1732 474 uitia
1762 446 1919 483 eorum,

89 503 173 558 qui,
206 517 301 544 cuin
331 503 509 544 aliorum
539 511 695 554 notent,
729 519 803 546 sua
834 519 917 546 non
949 504 1107 546 uident.
1171 506 1280 546 Pers.
1314 504 1412 555 (IV,
1437 507 1528 560 24);
1564 505 1641 548 Sed
1664 507 1925 562 praecedenti

29 611 31 617 ,
89 585 295 632 spectatur
324 579 500 619 mantica
532 577 671 634 terqo]

203 651 299 692 300.
333 651 472 700 Stoice,
498 660 592 707 post
623 652 825 693 dammum.
887 650 959 691 Ad
980 650 1293 705 Damasippum
1330 650 1438 691 redit
1459 651 1550 706 ipse
1570 651 1787 694 Horatius.
1835 650 1921 705 Qui

30 729 32 757 ἰ
89 722 391 779 Damasippus,
428 724 613 766 uenditis
645 723 852 774 omnibus,
899 723 1218 779 philosophatus
1248 733 1319 765 est.
1385 726 1478 766 Post
1508 726 1711 766 damnum.
1774 723 1922 781 [Quod

89 811 111 838 e
131 796 317 853 luxuria]
341 796 558 839 Damnum
589 805 681 853 post
712 797 923 839 luxuriam
953 798 1121 839 fecerat.
1182 798 1348 840 uendas.
1409 797 1647 840 Dicebatur
1667 798 1780 840 enim
1810 813 1921 840 mer-

90 876 206 912 cator
237 884 339 912 esse.

200 944 295 985 302.
328 945 468 986 uideor
497 945 596 986 mz'hz'
623 959 758 986 sanus.
818 943 916 986 Hoc
947 952 1029 986 est:
1061 945 1162 999 quia
1193 959 1316 987 nemo
1347 945 1542 987 insanum
1575 959 1618 986 se
1650 945 1787 986 sentit.

203 1017 297 1059 303.
333 1018 469 1068 Ouid?
523 1017 847 1074 Interrogatiue.
878 1016 1184 1073 Damasippus.
1216 1018 1404 1060 Miraris.
1466 1027 1587 1075 caput
1615 1020 1810 1061 abscisum
1842 1020 1921 1061 de-

88 1105 208 1132 mens.
269 1089 384 1142 Quid
430 1091 597 1142 mirum,
644 1091 679 1133 si
723 1091 881 1133 uideris
925 1091 1002 1133 tibi
1048 1107 1173 1133 sanus
1217 1093 1333 1133 esse?
1393 1091 1577 1144 Quando
1607 1086 1684 1147 per
1714 1093 1922 1134 insaniam

91 1163 252 1206 ferebat
273 1170 401 1219 caput
421 1164 498 1205 filii
519 1164 582 1206 sui
604 1164 771 1220 Agaue,
803 1180 887 1206 non
909 1164 1196 1221 intellegebat,
1229 1180 1272 1206 se
1303 1165 1495 1207 insanam
1526 1180 1629 1208 esse.
1692 1165 1923 1222 [Pentheus

90 1237 395 1293 aspernabatur
439 1253 559 1280 sacra
588 1237 753 1289 Liberi,
799 1238 911 1280 unde
943 1238 1073 1280 iratus
1104 1240 1291 1281 furorem
1322 1239 1447 1280 matri
1478 1239 1566 1281 eius
1596 1239 1768 1290 inmisit,
1814 1254 1923 1294 quae

90 1311 310 1366 proprium
341 1311 495 1354 occidit
525 1311 690 1369 filium]
766 1311 929 1362 Nescis,
961 1319 1000 1353 te
1031 1312 1227 1354 insanum
1260 1327 1364 1363 esse,
1411 1327 1505 1353 cum
1536 1312 1689 1368 Agaue
1733 1328 1818 1355 non
1858 1313 1923 1354 in-

91 1384 263 1441 tellegat
293 1400 413 1427 suum
443 1386 640 1427 furorem.

203 1460 296 1500 305.
317 1460 543 1502 concedere.
578 1458 828 1501 Consentire
842 1459 1062 1513 (ueritati);
1075 1460 1198 1501 liccat
1216 1459 1318 1500 mihi
1336 1460 1537 1510 confiteri,
1555 1459 1669 1515 quod
1686 1474 1835 1501 uerum
1852 1467 1924 1501 est.

205 1531 347 1589 [ueris.
381 1532 586 1589 Veritati.]
648 1535 808 1575 Fateor.
840 1532 1057 1576 Horatius.

203 1607 298 1648 306.
330 1607 511 1649 edissere.
571 1607 765 1663 Expone,
798 1607 992 1664 explana.

203 1681 296 1722 307.
330 1682 477 1737 accipe.
510 1681 620 1722 audi.

206 1755 300 1796 308.
335 1754 493 1810 [Ionyos
515 1756 696 1797 vinitoris.
756 1754 855 1796 Hoc
876 1762 959 1796 est:
1002 1754 1131 1810 longo
1153 1754 1358 1810 sanguine
1394 1761 1550 1804 cretos3
1583 1754 1774 1796 ambulas
1795 1755 1927 1796 elatus

93 1834 133 1868 et
153 1842 351 1882 proceros
374 1828 585 1883 (proceres
595 1829 674 1882 ?)*)
698 1827 875 1869 imitaris
897 1834 937 1869 et
958 1827 1132 1869 nobiles.
1192 1827 1290 1869 Hoc
1311 1835 1485 1883 propter
1513 1827 1821 1878 Maecenatem,
1853 1828 1928 1882 qui

93 1907 190 1942 tunc
217 1901 359 1943 hortos
390 1900 641 1943 aedificabat
680 1916 871 1957 magnos.
945 1899 1116 1943 Alias:
1164 1900 1333 1943 Diuites
1363 1901 1542 1943 imitaris
1574 1917 1622 1943 ac
1653 1908 1692 1942 te
1724 1901 1767 1942 in
1798 1901 1927 1943 altum

94 1974 237 2030 erigis,
271 1989 365 2016 cum
397 1974 453 2016 sis
484 1989 648 2030 pauper
678 1982 719 2016 et
748 1974 908 2031 pusio.]

207 2050 345 2104 lonqos
376 2049 560 2090 imitaris.
620 2047 710 2090 Aut
740 2062 953 2104 proceros,
1004 2047 1104 2102 quia
1132 2047 1212 2090 fuit
1242 2047 1383 2090 breuis
1414 2054 1610 2099 staturae,
1656 2056 1727 2090 aut
1764 2048 1927 2090 diuites.

211 2262 242 2301 l)
269 2262 370 2300 primo
394 2270 487 2303 «μων.
513 2262 616 2299 priore
634 2270 661 2290 a.
681 2261 783 2299 prima
800 2258 958 2300 fh(G·?)Q.
977 2264 1005 2290 et
1018 2260 1152 2299 priorem
1168 2261 1202 2290 in
1229 2270 1291 2299 qua
1317 2264 1392 2290 sunt
1416 2259 1545 2290 aliena?
1573 2265 1683 2291 nostra
1708 2260 1767 2289 uix
1793 2269 1927 2298 cognos-

96 2317 207 2356 cimus,
224 2318 332 2348 aliena
348 2318 495 2347 uidemus
513 2321 618 2347 acute.
644 2317 733 2347 Pers.
749 2335 790 2337 ψ
805 2321 886 2356 ter-90
904 2316 940 2346 C.
967 2317 1038 2347 sula
1055 2317 1137 2346 uitia
1154 2326 1180 2358 γ.
1200 2318 1327 2356 propria
1343 2318 1499 2355 cuiusque
1515 2317 1597 2347 uitia
1616 2315 1652 2346 C.
1672 2317 1742 2346 rell.
1762 2317 1841 2346 uitia
1859 2326 1927 2346 sua.

97 2374 132 2414 3)
157 2374 321 2405 Pendentz'a
346 2393 387 2396 —
412 2374 545 2404 mantica
569 2378 650 2414 teryo
675 2384 735 2404 oni.
760 2384 786 2415 γ.
852 2374 886 2412 6)
914 2374 982 2412 ipse
1007 2383 1033 2416 γ.
1060 2374 1129 2403 rell.
1156 2384 1218 2404 om.
1245 2374 1296 2413 qui
1319 2384 1379 2404 om.
1408 2372 1527 2413 (G‘?)Q.
1553 2374 1621 2403 rell.
1660 2373 1830 2408 Horatius,
1863 2373 1929 2411 qui.

96 2432 188 2470 posui
216 2431 281 2466 Qui.
332 2431 365 2470 7)
391 2431 555 2461 Damnum
581 2435 655 2469 post
680 2431 845 2460 luxuriam
871 2430 992 2460 fecerat
1015 2440 1042 2472 γ.
1069 2431 1138 2460 rell.
1164 2430 1243 2469 quod
1266 2441 1280 2460 e
1305 2430 1429 2461 amaria
1453 2430 1583 2460 fecerat.
1633 2430 1667 2469 8)
1693 2429 1927 2459 Dicebatur—

99 2497 168 2518 esse
191 2498 218 2530 γ.
242 2489 310 2518 rell.
337 2498 398 2518 om.
466 2489 522 2528 10)
548 2488 651 2518 uideor
677 2506 717 2509 —
744 2489 843 2518 sentit
867 2497 893 2529 γ.
921 2488 989 2516 rell.
1016 2497 1077 2517 om.
1114 2496 1173 2525 ego
1198 2497 1261 2518 non
1288 2488 1402 2517 uideor
1426 2488 1505 2517 mihi
1532 2487 1671 2516 insanire
1696 2485 1730 2516 C.
1795 2486 1849 2524 ll)
1877 2486 1931 2515 In-

98 2548 217 2583 terrog.
242 2545 407 2583 Damasip.
432 2545 561 2575 Mireris
586 2554 613 2586 γ.
639 2545 710 2574 rell.
737 2554 797 2574 om.
824 2543 978 2574 abscisum
1002 2545 1132 2574 demens
1158 2554 1241 2574 omn.
1269 2544 1335 2573 fere
1361 2544 1450 2573 codd.
1477 2543 1618 2579 Horatii,
1647 2547 1682 2571 ut
1707 2542 1833 2583 γΕΒφῈ
1859 2541 1930 2580 (ab-

99 2601 228 2640 scidam)
264 2601 402 2632 IMOPR
426 2601 549 2632 Genou.
575 2601 607 2631 S.
634 2600 741 2631 Germ.
766 2600 875 2630 Ambr.
902 2600 997 2630 Fran.
1024 2600 1061 2630 ab
1074 2600 1183 2631 cisum
1210 2601 1341 2630 demens
1369 2600 1486 2630 Bernn.
1515 2599 1571 2630 CD
1609 2599 1749 2638 (glossam
1789 2598 1931 2635 insana).

100 2658 257 2688 abscisum
292 2656 465 2688 manibus?
503 2658 593 2688 Barc.
631 2658 786 2687 ab’cisum
822 2659 952 2687 demens
984 2658 1078 2687 Bern.
1113 2657 1142 2687 A
1181 2657 1215 2695 (1
1243 2668 1283 2687 m.
1311 2667 1390 2687 corr.
1418 2666 1566 2695 suprapo.
1593 2656 1634 2694 s).
1671 2655 1768 2684 aliter
1803 2655 1931 2684 rettulit

102 2712 156 2744 Or.
181 2714 310 2744 abessam
333 2715 425 2744 uenit
449 2715 488 2744 ab
513 2714 664 2745 abcidere.
703 2714 815 2744 abcidc'b
837 2714 981 2744 Martial.
1007 2714 1066 2750 ΙΙΙ,
1093 2715 1144 2744 66.
1172 2713 1342 2744 abscissum
1368 2713 1413 2750 fh,
1454 2717 1489 2742 ut
1513 2712 1586 2741 Ald.
1617 2716 1649 2741 et
1674 2712 1833 2749 plurimae
1859 2710 1932 2740 edd.

46 2773 48 2787 '
102 2787 140 2792 —
167 2771 282 2802 Totum
307 2772 407 2802 schol.
434 2781 494 2801 om.
521 2769 719 2810 (GPQ)mva.
788 2772 844 2810 12)
871 2780 952 2808 esse,
978 2770 1116 2810 quoniam
1142 2770 1179 2807 C⁷
1213 2771 1268 2800 ubi
1294 2771 1441 2800 scholion
1466 2769 1566 2799 multo
1592 2767 1746 2797 differens
1773 2768 1862 2797 exit:
1889 2783 1933 2788 -

47 2851 49 2866 ,Α
103 2827 266 2867 ‘caputque
291 2831 504 2867 amputatum,
531 2829 614 2866 quod
639 2832 743 2857 mater
768 2827 903 2857 manibus
928 2828 994 2857 suis
1020 2828 1177 2866 gerebat)
1204 2827 1387 2857 Notandum
1413 2830 1472 2859 est,
1510 2824 1686 2863 Cruquium
1711 2823 1846 2853 manibus
1870 2823 1933 2852 lec-

103 2884 222 2914 tionem
246 2895 350 2923 neque
376 2886 408 2915 in
434 2885 547 2914 scholii
574 2885 690 2914 lemma
714 2893 817 2922 neque
842 2885 875 2913 in
889 2884 964 2914 Hor.
993 2885 1152 2922 recepisse
1178 2888 1287 2913 exuet.
1315 2884 1466 2912 Blandin.
1494 2883 1613 2918 codice,
1641 2890 1743 2919 neque
1762 2881 1794 2910 in
1811 2879 1932 2910 Comm.

104 2948 154 2969 suo
178 2941 375 2977 defendisse,
402 2942 432 2970 id
458 2941 542 2980 qnod
568 2945 638 2979 post
664 2941 772 2971 Bcntl.
800 2941 853 2971 Or.
880 2941 999 2979 aliique
1025 2942 1177 2970 fecerunt.
1243 2939 1297 2978 13)
1323 2939 1486 2968 Pentheus
1514 2956 1553 2958 >w
1583 2938 1683 2967 filium
1710 2947 1770 2967 om.
1796 2946 1823 2977 γ.
1876 2936 1931 2975 15)

104 2995 215 3026 Nescis
242 3015 280 3019 —-
307 2997 446 3028 furorem
470 3008 495 3039 γ.
523 2998 593 3027 rell.
619 3008 679 3027 om.
744 2998 798 3035 17)
825 2997 965 3027 Veritati
991 3007 1050 3027 om.
1076 3007 1102 3038 γ.
1130 2997 1283 3027 Horatius
1309 2995 1374 3036 *s,C.
1402 2995 1472 3025 rell.
1500 3004 1560 3024 om.
1624 2994 1680 3033 18)
1707 2993 1866 3023 concedere
1892 3010 1933 3014 ——

106 3057 153 3082 est
176 3053 242 3094 ·s,C.
268 3053 388 3083 ueritati
406 3054 442 3084 C.
462 3065 521 3084 oin.
547 3064 572 3096 γ.
640 3056 695 3092 19)
723 3054 820 3083 ediss.
847 3063 922 3091 exp.
950 3054 1036 3091 expl.
1063 3063 1079 3095 γ
1106 3058 1136 3083 et
1163 3053 1199 3086 C,
1227 3053 1280 3091 qui
1305 3052 1448 3081 addidit:
1477 3051 1616 3089 explica.
1681 3051 1738 3089 20)
1765 3050 1839 3078 audi
1864 3047 1933 3090 *(‚C.

50 3142 51 3146 Ἰ
107 3107 162 3146 21)
189 3109 257 3139 Hoc
283 3115 330 3139 est
359 3128 397 3131 ›—
424 3110 510 3148 pusio
543 3110 692 3149 (pusillus
718 3109 761 3148 Q)
788 3119 848 3139 om.
875 3119 901 3151 γ.
978 3111 1035 3149 25)
1060 3110 1128 3140 Ant
1152 3118 1299 3148 proceros
1328 3126 1366 3128 —
1394 3108 1487 3146 pusio
1512 3117 1538 3148 γ.
1577 3107 1699 3137 scholia
1725 3107 1808 3135 inter
1832 3105 1936 3135 uidere

103 3171 255 3201 possumus
281 3166 326 3206 (u.
353 3167 432 3206 299)
459 3171 490 3197 et
515 3166 552 3196 ab
576 3166 634 3196 imo
659 3166 705 3204 (u.
733 3167 814 3205 308)
840 3175 901 3196 oln-
928 3175 1012 3196 mva.
1067 3163 1100 3203 >³⁴)
1128 3173 1268 3203 proceres
1293 3162 1328 3194 C.
1354 3163 1531 3194 Hermann.
1559 3166 1612 3193 ant
1635 3159 1730 3193 nob.?

1969 589 1986 618 5

1949 956 1989 987 10

1955 1323 1990 1354 15
