<?xml version="1.0" encoding="UTF-8"?>
<!DOCTYPE html PUBLIC "-//W3C//DTD XHTML 1.0 Transitional//EN"
    "http://www.w3.org/TR/xhtml1/DTD/xhtml1-transitional.dtd">
<html xmlns="http://www.w3.org/1999/xhtml" xml:lang="en" lang="en">
 <head>
  <title>
</title>
<meta http-equiv="Content-Type" content="text/html;charset=utf-8" />
  <meta name='ocr-system' content='tesseract 3.04.00' />
  <meta name='ocr-capabilities' content='ocr_page ocr_carea ocr_par ocr_line ocrx_word'/>
</head>
<body>
  <div class='ocr_page' id='page_1' title='image "acronisetporphyr02pseuuoft_0016.png"; bbox 0 0 2148 3412; ppageno 0'>
   <div class='ocr_carea' id='block_1_1' title="bbox 146 928 185 959">
    <p class='ocr_par' dir='ltr' id='par_1_1' title="bbox 146 928 185 959">
     <span class='ocr_line' id='line_1_1' title="bbox 146 928 185 959; baseline -0.026 0"><span class='ocrx_word' id='word_1_1' title='bbox 146 928 185 959; x_wconf 78' lang='lat'>10</span> 
     </span>
    </p>
   </div>
   <div class='ocr_carea' id='block_1_2' title="bbox 221 128 1405 166">
    <p class='ocr_par' dir='ltr' id='par_1_2' title="bbox 221 128 1405 166">
     <span class='ocr_line' id='line_1_2' title="bbox 221 128 1405 166; baseline -0.003 -1"><span class='ocrx_word' id='word_1_2' title='bbox 221 128 244 165; x_wconf 68' lang='grc'><strong>3</strong></span> <span class='ocrx_word' id='word_1_3' title='bbox 849 134 953 166; x_wconf 74' lang='lat' dir='ltr'>ACR.</span> <span class='ocrx_word' id='word_1_4' title='bbox 981 134 1040 164; x_wconf 82' lang='lat' dir='ltr'>ET</span> <span class='ocrx_word' id='word_1_5' title='bbox 1067 132 1231 164; x_wconf 74' lang='lat' dir='ltr'>PORPH.</span> <span class='ocrx_word' id='word_1_6' title='bbox 1258 131 1405 163; x_wconf 86' lang='lat' dir='ltr'>COMM.</span> 
     </span>
    </p>
   </div>
   <div class='ocr_carea' id='block_1_3' title="bbox 211 252 2039 458">
    <p class='ocr_par' dir='ltr' id='par_1_3' title="bbox 211 252 2039 458">
     <span class='ocr_line' id='line_1_3' title="bbox 212 252 2038 315; baseline -0.004 -14"><span class='ocrx_word' id='word_1_7' title='bbox 212 261 425 315; x_wconf 78' lang='lat' dir='ltr'>epitheton</span> <span class='ocrx_word' id='word_1_8' title='bbox 456 259 567 308; x_wconf 84' lang='lat' dir='ltr'>anni,</span> <span class='ocrx_word' id='word_1_9' title='bbox 601 266 642 298; x_wconf 82' lang='lat' dir='ltr'>nt</span> <span class='ocrx_word' id='word_1_10' title='bbox 675 257 747 312; x_wconf 72' lang='lat' dir='ltr'>(A.</span> <span class='ocrx_word' id='word_1_11' title='bbox 770 257 826 307; x_wconf 87' lang='lat' dir='ltr'>II,</span> <span class='ocrx_word' id='word_1_12' title='bbox 850 258 968 311; x_wconf 74' lang='lat'>250):</span> <span class='ocrx_word' id='word_1_13' title='bbox 1011 258 1185 298; x_wconf 73' lang='lat' dir='ltr'>Vertitur</span> <span class='ocrx_word' id='word_1_14' title='bbox 1215 258 1366 296; x_wconf 66' lang='lat' dir='ltr'>interea</span> <span class='ocrx_word' id='word_1_15' title='bbox 1399 252 1554 294; x_wconf 82' lang='lat' dir='ltr'>caelum</span> <span class='ocrx_word' id='word_1_16' title='bbox 1585 261 1620 294; x_wconf 71' lang='lat' dir='ltr'>et</span> <span class='ocrx_word' id='word_1_17' title='bbox 1642 254 1726 294; x_wconf 72' lang='lat' dir='ltr'>ruit</span> <span class='ocrx_word' id='word_1_18' title='bbox 1750 253 1910 295; x_wconf 77' lang='lat' dir='ltr'><em>Oceano</em></span> <span class='ocrx_word' id='word_1_19' title='bbox 1941 267 2038 302; x_wconf 70' lang='lat' dir='ltr'>nox,</span> 
     </span>
     <span class='ocr_line' id='line_1_4' title="bbox 213 325 2038 388; baseline -0.004 -14"><span class='ocrx_word' id='word_1_20' title='bbox 213 334 409 388; x_wconf 89' lang='lat' dir='ltr'>quoniam</span> <span class='ocrx_word' id='word_1_21' title='bbox 451 333 491 372; x_wconf 86' lang='lat' dir='ltr'>in</span> <span class='ocrx_word' id='word_1_22' title='bbox 530 346 572 372; x_wconf 79' lang='lat' dir='ltr'>se</span> <span class='ocrx_word' id='word_1_23' title='bbox 613 346 778 385; x_wconf 81' lang='lat' dir='ltr'>semper</span> <span class='ocrx_word' id='word_1_24' title='bbox 815 346 948 371; x_wconf 88' lang='lat' dir='ltr'>annus</span> <span class='ocrx_word' id='word_1_25' title='bbox 986 329 1207 370; x_wconf 73' lang='lat' dir='ltr'>reuertitur</span> <span class='ocrx_word' id='word_1_26' title='bbox 1244 336 1283 367; x_wconf 89' lang='lat' dir='ltr'>et</span> <span class='ocrx_word' id='word_1_27' title='bbox 1322 325 1516 367; x_wconf 90' lang='lat' dir='ltr'>uoluitur.</span> <span class='ocrx_word' id='word_1_28' title='bbox 1582 327 1797 367; x_wconf 50' lang='lat' dir='ltr'>Contracta!</span> <span class='ocrx_word' id='word_1_29' title='bbox 1826 325 2038 381; x_wconf 79' lang='lat' dir='ltr'><em>Aquarius.</em></span> 
     </span>
     <span class='ocr_line' id='line_1_5' title="bbox 211 397 2039 458; baseline -0.005 -11"><span class='ocrx_word' id='word_1_30' title='bbox 211 407 426 447; x_wconf 80' lang='lat' dir='ltr'>Maximae</span> <span class='ocrx_word' id='word_1_31' title='bbox 458 413 594 445; x_wconf 85' lang='lat' dir='ltr'>antem</span> <span class='ocrx_word' id='word_1_32' title='bbox 627 403 794 458; x_wconf 85' lang='lat' dir='ltr'>pluuiac</span> <span class='ocrx_word' id='word_1_33' title='bbox 833 413 871 444; x_wconf 88' lang='lat' dir='ltr'>et.</span> <span class='ocrx_word' id='word_1_34' title='bbox 909 403 1069 457; x_wconf 76' lang='lat' dir='ltr'>frigora</span> <span class='ocrx_word' id='word_1_35' title='bbox 1110 406 1438 448; x_wconf 83' lang='lat' dir='ltr'>commonentur,</span> <span class='ocrx_word' id='word_1_36' title='bbox 1486 414 1579 439; x_wconf 86' lang='lat' dir='ltr'>cum</span> <span class='ocrx_word' id='word_1_37' title='bbox 1618 398 1679 439; x_wconf 87' lang='lat' dir='ltr'>sol</span> <span class='ocrx_word' id='word_1_38' title='bbox 1717 398 1759 438; x_wconf 92' lang='lat' dir='ltr'>in</span> <span class='ocrx_word' id='word_1_39' title='bbox 1800 397 2039 453; x_wconf 81' lang='lat' dir='ltr'><strong>Aquarium</strong></span> 
     </span>
    </p>
   </div>
   <div class='ocr_carea' id='block_1_4' title="bbox 212 475 2040 606">
    <p class='ocr_par' dir='ltr' id='par_1_4' title="bbox 212 475 2040 606">
     <span class='ocr_line' id='line_1_6' title="bbox 212 475 1212 527; baseline -0.006 -7"><span class='ocrx_word' id='word_1_40' title='bbox 212 480 392 527; x_wconf 65' lang='lat' dir='ltr'>uenerit:</span> <span class='ocrx_word' id='word_1_41' title='bbox 424 479 501 519; x_wconf 79' lang='lat' dir='ltr'>hoc.</span> <span class='ocrx_word' id='word_1_42' title='bbox 533 485 669 519; x_wconf 86' lang='lat' dir='ltr'>autem</span> <span class='ocrx_word' id='word_1_43' title='bbox 701 478 745 517; x_wconf 79' lang='lat' dir='ltr'>fit</span> <span class='ocrx_word' id='word_1_44' title='bbox 775 476 923 518; x_wconf 88' lang='lat' dir='ltr'>XVII.</span> <span class='ocrx_word' id='word_1_45' title='bbox 956 476 1054 516; x_wconf 82' lang='lat' dir='ltr'>Kal.</span> <span class='ocrx_word' id='word_1_46' title='bbox 1088 475 1212 515; x_wconf 86' lang='lat' dir='ltr'>Febr.</span> 
     </span>
     <span class='ocr_line' id='line_1_7' title="bbox 324 545 2040 606; baseline -0.004 -14"><span class='ocrx_word' id='word_1_47' title='bbox 324 554 387 592; x_wconf 67' lang='lat'>38.</span> <span class='ocrx_word' id='word_1_48' title='bbox 426 553 622 602; x_wconf 54' lang='lat' dir='ltr'>Quaestus</span> <span class='ocrx_word' id='word_1_49' title='bbox 647 552 809 606; x_wconf 70' lang='lat' dir='ltr'>patiens</span> <span class='ocrx_word' id='word_1_50' title='bbox 833 548 1082 606; x_wconf 83' lang='lat' dir='ltr'>[Contenta]</span> <span class='ocrx_word' id='word_1_51' title='bbox 1106 549 1131 588; x_wconf 90' lang='lat' dir='ltr'>i.</span> <span class='ocrx_word' id='word_1_52' title='bbox 1155 548 1341 604; x_wconf 51' lang='lat' dir='ltr'>quaesitis</span> <span class='ocrx_word' id='word_1_53' title='bbox 1378 560 1454 601; x_wconf 84' lang='lat' dir='ltr'>per</span> <span class='ocrx_word' id='word_1_54' title='bbox 1484 552 1684 587; x_wconf 79' lang='lat' dir='ltr'>aestatem</span> <span class='ocrx_word' id='word_1_55' title='bbox 1716 545 1881 600; x_wconf 87' lang='lat' dir='ltr'>patiens</span> <span class='ocrx_word' id='word_1_56' title='bbox 1911 545 2040 586; x_wconf 86' lang='lat' dir='ltr'>utitur</span> 
     </span>
    </p>
   </div>
   <div class='ocr_carea' id='block_1_5' title="bbox 210 631 2042 1046">
    <p class='ocr_par' dir='ltr' id='par_1_5' title="bbox 210 631 569 680">
     <span class='ocr_line' id='line_1_8' title="bbox 210 631 569 680; baseline -0.006 -15"><span class='ocrx_word' id='word_1_57' title='bbox 210 634 334 680; x_wconf 86' lang='lat' dir='ltr'>atquc</span> <span class='ocrx_word' id='word_1_58' title='bbox 365 631 569 666; x_wconf 85' lang='lat' dir='ltr'>contenta.</span> 
     </span>
    </p>

    <p class='ocr_par' dir='ltr' id='par_1_6' title="bbox 322 694 1189 739">
     <span class='ocr_line' id='line_1_9' title="bbox 322 694 1189 739; baseline -0.007 0"><span class='ocrx_word' id='word_1_59' title='bbox 322 699 418 739; x_wconf 65' lang='lat' dir='ltr'>sune</span> <span class='ocrx_word' id='word_1_60' title='bbox 452 707 496 739; x_wconf 82' lang='lat' dir='ltr'>te.</span> <span class='ocrx_word' id='word_1_61' title='bbox 556 696 725 738; x_wconf 88' lang='lat' dir='ltr'>Inuadit</span> <span class='ocrx_word' id='word_1_62' title='bbox 758 711 932 737; x_wconf 85' lang='lat' dir='ltr'>auarum</span> <span class='ocrx_word' id='word_1_63' title='bbox 964 694 1189 736; x_wconf 89' lang='lat' dir='ltr'>hominem.</span> 
     </span>
    </p>

    <p class='ocr_par' dir='ltr' id='par_1_7' title="bbox 322 764 1719 827">
     <span class='ocr_line' id='line_1_10' title="bbox 322 764 1719 827; baseline -0.005 -15"><span class='ocrx_word' id='word_1_64' title='bbox 322 771 406 827; x_wconf 74' lang='lat'>[39.</span> <span class='ocrx_word' id='word_1_65' title='bbox 443 772 662 812; x_wconf 70' lang='lat' dir='ltr'>Dimoueat.</span> <span class='ocrx_word' id='word_1_66' title='bbox 726 768 904 812; x_wconf 78' lang='lat' dir='ltr'>Cessare</span> <span class='ocrx_word' id='word_1_67' title='bbox 938 768 1076 817; x_wconf 79' lang='lat' dir='ltr'>faciat,</span> <span class='ocrx_word' id='word_1_68' title='bbox 1109 767 1176 808; x_wconf 89' lang='lat' dir='ltr'>uel</span> <span class='ocrx_word' id='word_1_69' title='bbox 1207 766 1431 821; x_wconf 88' lang='lat' dir='ltr'>prohibeat</span> <span class='ocrx_word' id='word_1_70' title='bbox 1461 781 1485 806; x_wconf 86' lang='lat' dir='ltr'>a</span> <span class='ocrx_word' id='word_1_71' title='bbox 1515 764 1719 822; x_wconf 68' lang='lat' dir='ltr'>negotio]</span> 
     </span>
    </p>

    <p class='ocr_par' dir='ltr' id='par_1_8' title="bbox 211 838 2042 1046">
     <span class='ocr_line' id='line_1_11' title="bbox 321 838 2040 899; baseline -0.003 -14"><span class='ocrx_word' id='word_1_72' title='bbox 321 846 387 885; x_wconf 81' lang='lat'>41.</span> <span class='ocrx_word' id='word_1_73' title='bbox 418 845 484 885; x_wconf 75' lang='lat'>42.</span> <span class='ocrx_word' id='word_1_74' title='bbox 518 845 614 899; x_wconf 70' lang='lat' dir='ltr'>quid</span> <span class='ocrx_word' id='word_1_75' title='bbox 644 846 666 884; x_wconf 73' lang='grc' dir='ltr'>ί.</span> <span class='ocrx_word' id='word_1_76' title='bbox 699 845 724 884; x_wconf 68' lang='lat' dir='ltr'>i.</span> <span class='ocrx_word' id='word_1_77' title='bbox 757 852 781 884; x_wconf 84' lang='grc'>1.</span> <span class='ocrx_word' id='word_1_78' title='bbox 812 859 846 883; x_wconf 83' lang='grc' dir='ltr'>(ι.</span> <span class='ocrx_word' id='word_1_79' title='bbox 870 859 913 899; x_wconf 72' lang='lat' dir='ltr'>p.</span> <span class='ocrx_word' id='word_1_80' title='bbox 945 858 974 883; x_wconf 84' lang='lat' dir='ltr'>e..</span> <span class='ocrx_word' id='word_1_81' title='bbox 1008 857 1043 882; x_wconf 83' lang='grc' dir='ltr'>α.</span> <span class='ocrx_word' id='word_1_82' title='bbox 1103 840 1155 881; x_wconf 87' lang='lat' dir='ltr'>Id</span> <span class='ocrx_word' id='word_1_83' title='bbox 1187 847 1268 881; x_wconf 84' lang='lat' dir='ltr'>est:</span> <span class='ocrx_word' id='word_1_84' title='bbox 1304 838 1412 881; x_wconf 86' lang='lat' dir='ltr'>Cum</span> <span class='ocrx_word' id='word_1_85' title='bbox 1443 839 1584 880; x_wconf 86' lang='lat' dir='ltr'>omnia</span> <span class='ocrx_word' id='word_1_86' title='bbox 1614 839 1747 881; x_wconf 78' lang='lat' dir='ltr'>facias</span> <span class='ocrx_word' id='word_1_87' title='bbox 1768 845 1942 894; x_wconf 87' lang='lat' dir='ltr'>propter</span> <span class='ocrx_word' id='word_1_88' title='bbox 1971 853 2040 879; x_wconf 84' lang='lat' dir='ltr'>ar-</span> 
     </span>
     <span class='ocr_line' id='line_1_12' title="bbox 211 910 2041 973; baseline -0.003 -15"><span class='ocrx_word' id='word_1_89' title='bbox 211 924 396 973; x_wconf 82' lang='lat' dir='ltr'>gentum,</span> <span class='ocrx_word' id='word_1_90' title='bbox 443 933 466 958; x_wconf 93' lang='lat' dir='ltr'>o</span> <span class='ocrx_word' id='word_1_91' title='bbox 504 932 643 966; x_wconf 80' lang='lat' dir='ltr'>auare,</span> <span class='ocrx_word' id='word_1_92' title='bbox 692 916 791 971; x_wconf 88' lang='lat' dir='ltr'>quid</span> <span class='ocrx_word' id='word_1_93' title='bbox 830 924 868 957; x_wconf 89' lang='lat' dir='ltr'>te</span> <span class='ocrx_word' id='word_1_94' title='bbox 905 916 1032 963; x_wconf 85' lang='lat' dir='ltr'>iuuat,</span> <span class='ocrx_word' id='word_1_95' title='bbox 1080 930 1174 955; x_wconf 91' lang='lat' dir='ltr'>cum</span> <span class='ocrx_word' id='word_1_96' title='bbox 1212 914 1292 955; x_wconf 87' lang='lat' dir='ltr'>hoc</span> <span class='ocrx_word' id='word_1_97' title='bbox 1329 913 1540 954; x_wconf 86' lang='lat' dir='ltr'>defoderis</span> <span class='ocrx_word' id='word_1_98' title='bbox 1576 912 1619 953; x_wconf 91' lang='lat' dir='ltr'>in</span> <span class='ocrx_word' id='word_1_99' title='bbox 1657 917 1840 953; x_wconf 79' lang='lat' dir='ltr'>terram?</span> <span class='ocrx_word' id='word_1_100' title='bbox 1906 910 2041 964; x_wconf 79' lang='lat' dir='ltr'>Quasi</span> 
     </span>
     <span class='ocr_line' id='line_1_13' title="bbox 212 985 2042 1046; baseline -0.002 -16"><span class='ocrx_word' id='word_1_101' title='bbox 212 991 485 1046; x_wconf 68' lang='grc' dir='ltr'>ἁνθυποφορὰ</span> <span class='ocrx_word' id='word_1_102' title='bbox 518 998 590 1039; x_wconf 84' lang='lat' dir='ltr'>est,</span> <span class='ocrx_word' id='word_1_103' title='bbox 637 998 678 1031; x_wconf 83' lang='lat' dir='ltr'>ut</span> <span class='ocrx_word' id='word_1_104' title='bbox 712 990 822 1031; x_wconf 85' lang='lat' dir='ltr'>dicat</span> <span class='ocrx_word' id='word_1_105' title='bbox 855 1003 1026 1029; x_wconf 84' lang='lat' dir='ltr'>auarus:</span> <span class='ocrx_word' id='word_1_106' title='bbox 1075 987 1134 1029; x_wconf 85' lang='lat' dir='ltr'>sic</span> <span class='ocrx_word' id='word_1_107' title='bbox 1174 1002 1351 1042; x_wconf 79' lang='lat' dir='ltr'>coepero</span> <span class='ocrx_word' id='word_1_108' title='bbox 1392 994 1568 1043; x_wconf 82' lang='lat' dir='ltr'>argento</span> <span class='ocrx_word' id='word_1_109' title='bbox 1605 986 1684 1027; x_wconf 87' lang='lat' dir='ltr'>hoo</span> <span class='ocrx_word' id='word_1_110' title='bbox 1720 985 1794 1036; x_wconf 84' lang='lat' dir='ltr'>uti,</span> <span class='ocrx_word' id='word_1_111' title='bbox 1840 985 1947 1027; x_wconf 88' lang='lat' dir='ltr'>redit</span> <span class='ocrx_word' id='word_1_112' title='bbox 1989 986 2042 1026; x_wconf 84' lang='lat' dir='ltr'>ad</span> 
     </span>
    </p>
   </div>
   <div class='ocr_carea' id='block_1_6' title="bbox 209 1063 2037 1192">
    <p class='ocr_par' dir='ltr' id='par_1_9' title="bbox 209 1063 2037 1192">
     <span class='ocr_line' id='line_1_14' title="bbox 209 1063 797 1118; baseline -0.003 -13"><span class='ocrx_word' id='word_1_113' title='bbox 209 1080 334 1105; x_wconf 75' lang='lat' dir='ltr'>assem</span> <span class='ocrx_word' id='word_1_114' title='bbox 364 1064 403 1104; x_wconf 89' lang='lat' dir='ltr'>h.</span> <span class='ocrx_word' id='word_1_115' title='bbox 434 1079 467 1104; x_wconf 94' lang='lat' dir='ltr'>e.</span> <span class='ocrx_word' id='word_1_116' title='bbox 501 1064 555 1104; x_wconf 87' lang='lat' dir='ltr'>ad</span> <span class='ocrx_word' id='word_1_117' title='bbox 587 1063 797 1118; x_wconf 83' lang='lat' dir='ltr'>exiguum.</span> 
     </span>
     <span class='ocr_line' id='line_1_15' title="bbox 321 1132 2037 1192; baseline -0.003 -14"><span class='ocrx_word' id='word_1_118' title='bbox 321 1139 387 1178; x_wconf 76' lang='lat'>42.</span> <span class='ocrx_word' id='word_1_119' title='bbox 419 1138 601 1178; x_wconf 67' lang='lat' dir='ltr'>timidum</span> <span class='ocrx_word' id='word_1_120' title='bbox 632 1137 715 1192; x_wconf 76' lang='lat' dir='ltr'>(lep.</span> <span class='ocrx_word' id='word_1_121' title='bbox 779 1134 992 1192; x_wconf 84' lang='lat' dir='ltr'>[Scilicet]</span> <span class='ocrx_word' id='word_1_122' title='bbox 1025 1134 1087 1175; x_wconf 87' lang='lat' dir='ltr'>Te</span> <span class='ocrx_word' id='word_1_123' title='bbox 1109 1134 1316 1184; x_wconf 88' lang='lat' dir='ltr'>timidum,</span> <span class='ocrx_word' id='word_1_124' title='bbox 1353 1141 1396 1175; x_wconf 91' lang='lat' dir='ltr'>ut</span> <span class='ocrx_word' id='word_1_125' title='bbox 1427 1134 1470 1174; x_wconf 93' lang='lat' dir='ltr'>in</span> <span class='ocrx_word' id='word_1_126' title='bbox 1502 1132 1608 1174; x_wconf 88' lang='lat' dir='ltr'>Arte</span> <span class='ocrx_word' id='word_1_127' title='bbox 1639 1132 1806 1188; x_wconf 86' lang='lat' dir='ltr'>poetica</span> <span class='ocrx_word' id='word_1_128' title='bbox 1837 1134 1895 1185; x_wconf 90' lang='lat' dir='ltr'>(u.</span> <span class='ocrx_word' id='word_1_129' title='bbox 1915 1133 2037 1186; x_wconf 84' lang='lat'>170):</span> 
     </span>
    </p>
   </div>
   <div class='ocr_carea' id='block_1_7' title="bbox 209 1210 1438 1339">
    <p class='ocr_par' dir='ltr' id='par_1_10' title="bbox 209 1210 1438 1339">
     <span class='ocr_line' id='line_1_16' title="bbox 209 1210 1024 1252; baseline -0.004 0"><span class='ocrx_word' id='word_1_130' title='bbox 209 1213 378 1252; x_wconf 67' lang='lat' dir='ltr'>inuentis</span> <span class='ocrx_word' id='word_1_131' title='bbox 411 1212 528 1251; x_wconf 71' lang='lat' dir='ltr'>miser</span> <span class='ocrx_word' id='word_1_132' title='bbox 560 1211 724 1251; x_wconf 68' lang='lat' dir='ltr'>abstinet</span> <span class='ocrx_word' id='word_1_133' title='bbox 754 1217 788 1250; x_wconf 80' lang='lat' dir='ltr'>el</span> <span class='ocrx_word' id='word_1_134' title='bbox 821 1211 926 1250; x_wconf 72' lang='lat' dir='ltr'>timet</span> <span class='ocrx_word' id='word_1_135' title='bbox 956 1210 1024 1249; x_wconf 71' lang='lat' dir='ltr'>uti.</span> 
     </span>
     <span class='ocr_line' id='line_1_17' title="bbox 322 1280 1438 1339; baseline -0.003 -15"><span class='ocrx_word' id='word_1_136' title='bbox 322 1283 407 1339; x_wconf 80' lang='lat'>[44.</span> <span class='ocrx_word' id='word_1_137' title='bbox 440 1285 497 1324; x_wconf 80' lang='lat' dir='ltr'>A!</span> <span class='ocrx_word' id='word_1_138' title='bbox 527 1285 570 1324; x_wconf 72' lang='grc' dir='ltr'>πί</span> <span class='ocrx_word' id='word_1_139' title='bbox 596 1285 637 1324; x_wconf 66' lang='lat' dir='ltr'>v&#39;d</span> <span class='ocrx_word' id='word_1_140' title='bbox 666 1283 717 1339; x_wconf 71' lang='lat' dir='ltr'>fit.</span> <span class='ocrx_word' id='word_1_141' title='bbox 778 1281 829 1323; x_wconf 80' lang='lat' dir='ltr'>Id</span> <span class='ocrx_word' id='word_1_142' title='bbox 861 1288 940 1323; x_wconf 84' lang='lat' dir='ltr'>est:</span> <span class='ocrx_word' id='word_1_143' title='bbox 973 1281 1054 1323; x_wconf 87' lang='lat' dir='ltr'>nisi</span> <span class='ocrx_word' id='word_1_144' title='bbox 1086 1281 1164 1322; x_wconf 89' lang='lat' dir='ltr'>hoc</span> <span class='ocrx_word' id='word_1_145' title='bbox 1195 1280 1438 1337; x_wconf 53' lang='lat' dir='ltr'>minuatum]</span> 
     </span>
    </p>
   </div>
   <div class='ocr_carea' id='block_1_8' title="bbox 318 1356 2041 1486">
    <p class='ocr_par' dir='ltr' id='par_1_11' title="bbox 318 1356 2041 1486">
     <span class='ocr_line' id='line_1_18' title="bbox 318 1356 849 1398; baseline -0.004 -1"><span class='ocrx_word' id='word_1_146' title='bbox 318 1358 385 1398; x_wconf 84' lang='lat'>45.</span> <span class='ocrx_word' id='word_1_147' title='bbox 417 1358 586 1398; x_wconf 58' lang='lat' dir='ltr'>trieteris.</span> <span class='ocrx_word' id='word_1_148' title='bbox 650 1357 696 1398; x_wconf 80' lang='lat' dir='ltr'>Se&#39;</span> <span class='ocrx_word' id='word_1_149' title='bbox 723 1356 849 1397; x_wconf 85' lang='lat' dir='ltr'>deest.</span> 
     </span>
     <span class='ocr_line' id='line_1_19' title="bbox 349 1426 2041 1486; baseline -0.003 -15"><span class='ocrx_word' id='word_1_150' title='bbox 349 1432 382 1470; x_wconf 80' lang='lat'>7.</span> <span class='ocrx_word' id='word_1_151' title='bbox 415 1439 459 1471; x_wconf 69' lang='lat' dir='ltr'>rut</span> <span class='ocrx_word' id='word_1_152' title='bbox 479 1432 520 1471; x_wconf 76' lang='lat' dir='ltr'>si</span> <span class='ocrx_word' id='word_1_153' title='bbox 536 1431 752 1471; x_wconf 56' lang='lat' dir='ltr'>‘reticulum</span> <span class='ocrx_word' id='word_1_154' title='bbox 768 1446 809 1486; x_wconf 76' lang='lat' dir='ltr'>J]-</span> <span class='ocrx_word' id='word_1_155' title='bbox 872 1428 1241 1480; x_wconf 81' lang='lat' dir='ltr'>Quemadmodum</span> <span class='ocrx_word' id='word_1_156' title='bbox 1263 1427 1372 1468; x_wconf 83' lang='lat' dir='ltr'>inter</span> <span class='ocrx_word' id='word_1_157' title='bbox 1394 1442 1536 1469; x_wconf 85' lang='lat' dir='ltr'>seruos</span> <span class='ocrx_word' id='word_1_158' title='bbox 1558 1426 1775 1481; x_wconf 87' lang='lat' dir='ltr'>plurimos,</span> <span class='ocrx_word' id='word_1_159' title='bbox 1808 1426 1879 1480; x_wconf 90' lang='lat' dir='ltr'>qui</span> <span class='ocrx_word' id='word_1_160' title='bbox 1901 1432 2041 1481; x_wconf 85' lang='lat' dir='ltr'>portat</span> 
     </span>
    </p>
   </div>
   <div class='ocr_carea' id='block_1_9' title="bbox 203 1500 2040 2000">
    <p class='ocr_par' dir='ltr' id='par_1_12' title="bbox 203 1500 2040 1772">
     <span class='ocr_line' id='line_1_20' title="bbox 205 1500 2040 1558; baseline -0.002 -14"><span class='ocrx_word' id='word_1_161' title='bbox 205 1503 326 1558; x_wconf 89' lang='lat' dir='ltr'>panis</span> <span class='ocrx_word' id='word_1_162' title='bbox 356 1503 588 1553; x_wconf 75' lang='lat' dir='ltr'>reticulum,</span> <span class='ocrx_word' id='word_1_163' title='bbox 634 1518 717 1543; x_wconf 90' lang='lat' dir='ltr'>non</span> <span class='ocrx_word' id='word_1_164' title='bbox 749 1503 844 1557; x_wconf 85' lang='lat' dir='ltr'>plus</span> <span class='ocrx_word' id='word_1_165' title='bbox 875 1502 1030 1557; x_wconf 78' lang='lat' dir='ltr'>accipit</span> <span class='ocrx_word' id='word_1_166' title='bbox 1063 1517 1188 1556; x_wconf 88' lang='lat' dir='ltr'>quam</span> <span class='ocrx_word' id='word_1_167' title='bbox 1218 1501 1267 1550; x_wconf 87' lang='lat' dir='ltr'>is,</span> <span class='ocrx_word' id='word_1_168' title='bbox 1315 1501 1385 1555; x_wconf 88' lang='lat' dir='ltr'>qui</span> <span class='ocrx_word' id='word_1_169' title='bbox 1427 1501 1533 1542; x_wconf 86' lang='lat' dir='ltr'>nihil</span> <span class='ocrx_word' id='word_1_170' title='bbox 1569 1507 1721 1556; x_wconf 88' lang='lat' dir='ltr'>portat,</span> <span class='ocrx_word' id='word_1_171' title='bbox 1768 1500 1826 1541; x_wconf 88' lang='lat' dir='ltr'>ita</span> <span class='ocrx_word' id='word_1_172' title='bbox 1866 1506 1907 1540; x_wconf 91' lang='lat' dir='ltr'>et</span> <span class='ocrx_word' id='word_1_173' title='bbox 1945 1507 2040 1540; x_wconf 88' lang='lat' dir='ltr'>tuus</span> 
     </span>
     <span class='ocr_line' id='line_1_21' title="bbox 203 1573 2038 1631; baseline -0.002 -14"><span class='ocrx_word' id='word_1_174' title='bbox 203 1583 350 1617; x_wconf 86' lang='lat' dir='ltr'>uenter</span> <span class='ocrx_word' id='word_1_175' title='bbox 386 1592 469 1617; x_wconf 89' lang='lat' dir='ltr'>non</span> <span class='ocrx_word' id='word_1_176' title='bbox 508 1576 603 1631; x_wconf 84' lang='lat' dir='ltr'>plus</span> <span class='ocrx_word' id='word_1_177' title='bbox 643 1576 823 1630; x_wconf 80' lang='lat' dir='ltr'>accipiet</span> <span class='ocrx_word' id='word_1_178' title='bbox 860 1590 985 1630; x_wconf 88' lang='lat' dir='ltr'>quam</span> <span class='ocrx_word' id='word_1_179' title='bbox 1032 1589 1168 1624; x_wconf 79' lang='lat' dir='ltr'>meus,</span> <span class='ocrx_word' id='word_1_180' title='bbox 1215 1575 1407 1629; x_wconf 88' lang='lat' dir='ltr'>quamuis</span> <span class='ocrx_word' id='word_1_181' title='bbox 1444 1590 1529 1616; x_wconf 89' lang='lat' dir='ltr'>non</span> <span class='ocrx_word' id='word_1_182' title='bbox 1568 1574 1743 1616; x_wconf 87' lang='lat' dir='ltr'>multum</span> <span class='ocrx_word' id='word_1_183' title='bbox 1785 1573 2038 1629; x_wconf 84' lang='lat' dir='ltr'>possideam.</span> 
     </span>
     <span class='ocr_line' id='line_1_22' title="bbox 205 1647 2039 1706; baseline -0.002 -15"><span class='ocrx_word' id='word_1_184' title='bbox 205 1651 431 1691; x_wconf 72' lang='lat' dir='ltr'>Retz&#39;cnlum</span> <span class='ocrx_word' id='word_1_185' title='bbox 468 1657 553 1690; x_wconf 90' lang='lat' dir='ltr'>rete</span> <span class='ocrx_word' id='word_1_186' title='bbox 596 1648 712 1706; x_wconf 85' lang='lat' dir='ltr'>[est]‚</span> <span class='ocrx_word' id='word_1_187' title='bbox 760 1664 841 1703; x_wconf 89' lang='lat' dir='ltr'>quo</span> <span class='ocrx_word' id='word_1_188' title='bbox 880 1649 922 1689; x_wconf 93' lang='lat' dir='ltr'>in</span> <span class='ocrx_word' id='word_1_189' title='bbox 960 1648 1063 1689; x_wconf 89' lang='lat' dir='ltr'>urbe</span> <span class='ocrx_word' id='word_1_190' title='bbox 1102 1648 1224 1704; x_wconf 84' lang='lat' dir='ltr'>panis</span> <span class='ocrx_word' id='word_1_191' title='bbox 1262 1648 1424 1690; x_wconf 88' lang='lat' dir='ltr'>uenalis</span> <span class='ocrx_word' id='word_1_192' title='bbox 1472 1648 1601 1705; x_wconf 87' lang='lat' dir='ltr'>[inter</span> <span class='ocrx_word' id='word_1_193' title='bbox 1640 1647 1830 1705; x_wconf 83' lang='lat' dir='ltr'>uenales]</span> <span class='ocrx_word' id='word_1_194' title='bbox 1878 1647 2039 1702; x_wconf 82' lang='lat' dir='ltr'>portari</span> 
     </span>
     <span class='ocr_line' id='line_1_23' title="bbox 204 1722 1238 1772; baseline -0.001 -8"><span class='ocrx_word' id='word_1_195' title='bbox 204 1722 329 1772; x_wconf 86' lang='lat' dir='ltr'>solet3</span> <span class='ocrx_word' id='word_1_196' title='bbox 362 1725 525 1764; x_wconf 74' lang='lat' dir='ltr'>uenales</span> <span class='ocrx_word' id='word_1_197' title='bbox 559 1725 672 1764; x_wconf 75' lang='lat' dir='ltr'>inter.</span> <span class='ocrx_word' id='word_1_198' title='bbox 733 1722 850 1763; x_wconf 86' lang='lat' dir='ltr'>Inter</span> <span class='ocrx_word' id='word_1_199' title='bbox 881 1736 1024 1763; x_wconf 88' lang='lat' dir='ltr'>seruos</span> <span class='ocrx_word' id='word_1_200' title='bbox 1055 1722 1238 1763; x_wconf 87' lang='lat' dir='ltr'>uenales.</span> 
     </span>
    </p>

    <p class='ocr_par' dir='ltr' id='par_1_13' title="bbox 315 1795 1194 1851">
     <span class='ocr_line' id='line_1_24' title="bbox 315 1795 1194 1851; baseline 0 -15"><span class='ocrx_word' id='word_1_201' title='bbox 315 1798 380 1837; x_wconf 83' lang='grc'>49.</span> <span class='ocrx_word' id='word_1_202' title='bbox 413 1798 477 1838; x_wconf 80' lang='lat'>50.</span> <span class='ocrx_word' id='word_1_203' title='bbox 511 1798 668 1850; x_wconf 78' lang='lat' dir='ltr'>reserat.</span> <span class='ocrx_word' id='word_1_204' title='bbox 729 1795 958 1851; x_wconf 85' lang='lat' dir='ltr'>Expediat,</span> <span class='ocrx_word' id='word_1_205' title='bbox 990 1796 1194 1851; x_wconf 85' lang='lat' dir='ltr'>proficiat.</span> 
     </span>
    </p>

    <p class='ocr_par' dir='ltr' id='par_1_14' title="bbox 204 1869 2038 2000">
     <span class='ocr_line' id='line_1_25' title="bbox 315 1869 2037 1927; baseline -0.001 -16"><span class='ocrx_word' id='word_1_206' title='bbox 315 1873 423 1912; x_wconf 60' lang='lat' dir='ltr'>intra</span> <span class='ocrx_word' id='word_1_207' title='bbox 454 1872 635 1913; x_wconf 75' lang='lat' dir='ltr'>Naturae</span> <span class='ocrx_word' id='word_1_208' title='bbox 662 1872 757 1927; x_wconf 70' lang='lat' dir='ltr'>sinis</span> <span class='ocrx_word' id='word_1_209' title='bbox 788 1873 871 1912; x_wconf 70' lang='lat' dir='ltr'>uia.</span> <span class='ocrx_word' id='word_1_210' title='bbox 932 1869 1118 1912; x_wconf 78' lang='lat' dir='ltr'>Naturae</span> <span class='ocrx_word' id='word_1_211' title='bbox 1149 1871 1253 1911; x_wconf 86' lang='lat' dir='ltr'>fines</span> <span class='ocrx_word' id='word_1_212' title='bbox 1284 1878 1391 1919; x_wconf 77' lang='lat' dir='ltr'>sunt,</span> <span class='ocrx_word' id='word_1_213' title='bbox 1438 1878 1483 1910; x_wconf 91' lang='lat' dir='ltr'>ut</span> <span class='ocrx_word' id='word_1_214' title='bbox 1514 1876 1628 1910; x_wconf 86' lang='lat' dir='ltr'>satur</span> <span class='ocrx_word' id='word_1_215' title='bbox 1659 1869 1712 1911; x_wconf 87' lang='lat' dir='ltr'>sit</span> <span class='ocrx_word' id='word_1_216' title='bbox 1741 1869 1879 1919; x_wconf 89' lang='lat' dir='ltr'>homo,</span> <span class='ocrx_word' id='word_1_217' title='bbox 1926 1869 2037 1924; x_wconf 88' lang='lat' dir='ltr'>quod</span> 
     </span>
     <span class='ocr_line' id='line_1_26' title="bbox 204 1943 2038 2000; baseline -0.001 -16"><span class='ocrx_word' id='word_1_218' title='bbox 204 1944 327 1985; x_wconf 86' lang='lat' dir='ltr'>etiam</span> <span class='ocrx_word' id='word_1_219' title='bbox 360 1945 512 2000; x_wconf 80' lang='lat' dir='ltr'>exiguo</span> <span class='ocrx_word' id='word_1_220' title='bbox 545 1959 671 1986; x_wconf 86' lang='lat' dir='ltr'>censu</span> <span class='ocrx_word' id='word_1_221' title='bbox 703 1944 947 1999; x_wconf 82' lang='lat' dir='ltr'>contingere</span> <span class='ocrx_word' id='word_1_222' title='bbox 986 1951 1143 1999; x_wconf 55' lang='lat' dir='ltr'>potest.;</span> <span class='ocrx_word' id='word_1_223' title='bbox 1191 1944 1303 1998; x_wconf 87' lang='lat' dir='ltr'>quod</span> <span class='ocrx_word' id='word_1_224' title='bbox 1347 1949 1507 1983; x_wconf 85' lang='lat' dir='ltr'>tantum</span> <span class='ocrx_word' id='word_1_225' title='bbox 1554 1950 1628 1993; x_wconf 86' lang='lat' dir='ltr'>est,</span> <span class='ocrx_word' id='word_1_226' title='bbox 1676 1949 1877 1997; x_wconf 88' lang='lat' dir='ltr'>quantum</span> <span class='ocrx_word' id='word_1_227' title='bbox 1924 1943 2038 1998; x_wconf 81' lang='lat' dir='ltr'>capit</span> 
     </span>
    </p>
   </div>
   <div class='ocr_carea' id='block_1_10' title="bbox 202 2058 2036 2779">
    <p class='ocr_par' dir='ltr' id='par_1_15' title="bbox 202 2058 2036 2779">
     <span class='ocr_line' id='line_1_27' title="bbox 317 2058 2036 2102; baseline -0.001 -13"><span class='ocrx_word' id='word_1_228' title='bbox 317 2060 351 2098; x_wconf 71' lang='lat'>2)</span> <span class='ocrx_word' id='word_1_229' title='bbox 380 2062 553 2091; x_wconf 73' lang='lat' dir='ltr'>reuertitur</span> <span class='ocrx_word' id='word_1_230' title='bbox 570 2070 596 2102; x_wconf 76' lang='grc' dir='ltr'>γ.</span> <span class='ocrx_word' id='word_1_231' title='bbox 648 2062 682 2099; x_wconf 77' lang='grc'>3)</span> <span class='ocrx_word' id='word_1_232' title='bbox 708 2061 872 2090; x_wconf 80' lang='lat' dir='ltr'>Maximae</span> <span class='ocrx_word' id='word_1_233' title='bbox 889 2078 927 2080; x_wconf 29' lang='lat' dir='ltr'>ff*</span> <span class='ocrx_word' id='word_1_234' title='bbox 944 2059 1023 2089; x_wconf 84' lang='lat' dir='ltr'>febr.</span> <span class='ocrx_word' id='word_1_235' title='bbox 1050 2069 1110 2089; x_wconf 85' lang='lat' dir='ltr'>om.</span> <span class='ocrx_word' id='word_1_236' title='bbox 1133 2059 1167 2088; x_wconf 83' lang='lat' dir='ltr'>C.</span> <span class='ocrx_word' id='word_1_237' title='bbox 1196 2059 1378 2097; x_wconf 86' lang='lat' dir='ltr'>Interposui</span> <span class='ocrx_word' id='word_1_238' title='bbox 1404 2060 1520 2089; x_wconf 85' lang='lat' dir='ltr'>lemma</span> <span class='ocrx_word' id='word_1_239' title='bbox 1544 2058 1677 2088; x_wconf 72' lang='lat' dir='ltr'>contrist.</span> <span class='ocrx_word' id='word_1_240' title='bbox 1704 2059 1866 2098; x_wconf 75' lang='lat' dir='ltr'>Aquarius,</span> <span class='ocrx_word' id='word_1_241' title='bbox 1894 2060 1934 2088; x_wconf 86' lang='lat' dir='ltr'>ad</span> <span class='ocrx_word' id='word_1_242' title='bbox 1952 2060 2036 2097; x_wconf 82' lang='lat' dir='ltr'>quod</span> 
     </span>
     <span class='ocr_line' id='line_1_28' title="bbox 204 2115 2034 2154; baseline 0.001 -10"><span class='ocrx_word' id='word_1_243' title='bbox 204 2116 276 2145; x_wconf 80' lang='lat' dir='ltr'>hab.</span> <span class='ocrx_word' id='word_1_244' title='bbox 306 2118 347 2145; x_wconf 67' lang='lat' dir='ltr'>C:</span> <span class='ocrx_word' id='word_1_245' title='bbox 376 2121 579 2154; x_wconf 69' lang='lat' dir='ltr'>tempestate,</span> <span class='ocrx_word' id='word_1_246' title='bbox 606 2118 741 2154; x_wconf 83' lang='lat' dir='ltr'>pluuiis,</span> <span class='ocrx_word' id='word_1_247' title='bbox 766 2121 796 2145; x_wconf 85' lang='lat' dir='ltr'>et</span> <span class='ocrx_word' id='word_1_248' title='bbox 823 2115 1009 2154; x_wconf 74' lang='lat' dir='ltr'>frigoribus,</span> <span class='ocrx_word' id='word_1_249' title='bbox 1037 2125 1118 2153; x_wconf 86' lang='lat' dir='ltr'>quae</span> <span class='ocrx_word' id='word_1_250' title='bbox 1142 2116 1286 2145; x_wconf 79' lang='lat' dir='ltr'>maxima</span> <span class='ocrx_word' id='word_1_251' title='bbox 1311 2116 1515 2145; x_wconf 78' lang='lat' dir='ltr'>concitantur</span> <span class='ocrx_word' id='word_1_252' title='bbox 1540 2116 1607 2145; x_wconf 85' lang='lat' dir='ltr'>sole</span> <span class='ocrx_word' id='word_1_253' title='bbox 1632 2116 1663 2144; x_wconf 91' lang='lat' dir='ltr'>in</span> <span class='ocrx_word' id='word_1_254' title='bbox 1690 2117 1821 2154; x_wconf 85' lang='lat' dir='ltr'>aquario</span> <span class='ocrx_word' id='word_1_255' title='bbox 1847 2117 2034 2152; x_wconf 79' lang='lat' dir='ltr'>constituto,</span> 
     </span>
     <span class='ocr_line' id='line_1_29' title="bbox 203 2172 2035 2211; baseline 0.001 -10"><span class='ocrx_word' id='word_1_256' title='bbox 203 2172 326 2202; x_wconf 82' lang='lat' dir='ltr'>decimo</span> <span class='ocrx_word' id='word_1_257' title='bbox 353 2174 462 2210; x_wconf 86' lang='lat' dir='ltr'>quinto</span> <span class='ocrx_word' id='word_1_258' title='bbox 487 2173 616 2202; x_wconf 85' lang='lat' dir='ltr'>Calend.</span> <span class='ocrx_word' id='word_1_259' title='bbox 644 2173 856 2207; x_wconf 71' lang='lat' dir='ltr'>Februarias,</span> <span class='ocrx_word' id='word_1_260' title='bbox 891 2177 987 2211; x_wconf 83' lang='lat' dir='ltr'>atque</span> <span class='ocrx_word' id='word_1_261' title='bbox 1017 2172 1048 2200; x_wconf 90' lang='lat' dir='ltr'>in</span> <span class='ocrx_word' id='word_1_262' title='bbox 1075 2181 1110 2201; x_wconf 88' lang='lat' dir='ltr'>eo</span> <span class='ocrx_word' id='word_1_263' title='bbox 1136 2176 1183 2201; x_wconf 85' lang='lat' dir='ltr'>est</span> <span class='ocrx_word' id='word_1_264' title='bbox 1211 2173 1321 2201; x_wconf 84' lang='lat' dir='ltr'>diebus</span> <span class='ocrx_word' id='word_1_265' title='bbox 1347 2173 1502 2210; x_wconf 83' lang='lat' dir='ltr'>triginta,</span> <span class='ocrx_word' id='word_1_266' title='bbox 1536 2173 1661 2201; x_wconf 87' lang='lat' dir='ltr'>scilicet</span> <span class='ocrx_word' id='word_1_267' title='bbox 1687 2182 1786 2210; x_wconf 79' lang='lat' dir='ltr'>usqne</span> <span class='ocrx_word' id='word_1_268' title='bbox 1811 2173 1852 2202; x_wconf 81' lang='lat' dir='ltr'>ad</span> <span class='ocrx_word' id='word_1_269' title='bbox 1877 2174 2035 2202; x_wconf 81' lang='lat' dir='ltr'>decimum</span> 
     </span>
     <span class='ocr_line' id='line_1_30' title="bbox 204 2228 2034 2271; baseline 0.001 -15"><span class='ocrx_word' id='word_1_270' title='bbox 204 2229 353 2265; x_wconf 81' lang='lat' dir='ltr'>quintum</span> <span class='ocrx_word' id='word_1_271' title='bbox 381 2228 514 2258; x_wconf 83' lang='lat' dir='ltr'>Calend.</span> <span class='ocrx_word' id='word_1_272' title='bbox 542 2229 687 2259; x_wconf 85' lang='lat' dir='ltr'>Martias.</span> <span class='ocrx_word' id='word_1_273' title='bbox 738 2231 772 2268; x_wconf 85' lang='grc'>4)</span> <span class='ocrx_word' id='word_1_274' title='bbox 799 2230 835 2258; x_wconf 84' lang='lat' dir='ltr'>fit</span> <span class='ocrx_word' id='word_1_275' title='bbox 861 2239 920 2259; x_wconf 86' lang='lat' dir='ltr'>om.</span> <span class='ocrx_word' id='word_1_276' title='bbox 946 2239 973 2271; x_wconf 77' lang='grc' dir='ltr'>γ.</span> <span class='ocrx_word' id='word_1_277' title='bbox 1024 2229 1057 2267; x_wconf 88' lang='grc'>5)</span> <span class='ocrx_word' id='word_1_278' title='bbox 1077 2228 1200 2267; x_wconf 75' lang='lat' dir='ltr'>patiens</span> <span class='ocrx_word' id='word_1_279' title='bbox 1226 2228 1389 2259; x_wconf 83' lang='lat' dir='ltr'>Contenta</span> <span class='ocrx_word' id='word_1_280' title='bbox 1419 2229 1493 2258; x_wconf 90' lang='lat' dir='ltr'>libri</span> <span class='ocrx_word' id='word_1_281' title='bbox 1528 2233 1655 2266; x_wconf 83' lang='lat' dir='ltr'>praeter</span> <span class='ocrx_word' id='word_1_282' title='bbox 1679 2238 1705 2269; x_wconf 81' lang='grc' dir='ltr'>γ,</span> <span class='ocrx_word' id='word_1_283' title='bbox 1732 2230 1786 2267; x_wconf 85' lang='lat' dir='ltr'>qui</span> <span class='ocrx_word' id='word_1_284' title='bbox 1812 2229 1909 2258; x_wconf 85' lang='lat' dir='ltr'>habet</span> <span class='ocrx_word' id='word_1_285' title='bbox 1935 2229 2034 2259; x_wconf 84' lang='lat' dir='ltr'>schol.</span> 
     </span>
     <span class='ocr_line' id='line_1_31' title="bbox 205 2284 2036 2324; baseline 0.001 -11"><span class='ocrx_word' id='word_1_286' title='bbox 205 2284 369 2319; x_wconf 71' lang='lat' dir='ltr'>Quaesitis</span> <span class='ocrx_word' id='word_1_287' title='bbox 400 2303 434 2306; x_wconf 29' lang='lat' dir='ltr'>ff*</span> <span class='ocrx_word' id='word_1_288' title='bbox 464 2290 626 2315; x_wconf 84' lang='lat' dir='ltr'>contenta.</span> <span class='ocrx_word' id='word_1_289' title='bbox 655 2286 689 2315; x_wconf 86' lang='lat' dir='ltr'>fh</span> <span class='ocrx_word' id='word_1_290' title='bbox 718 2287 789 2316; x_wconf 83' lang='lat' dir='ltr'>sine</span> <span class='ocrx_word' id='word_1_291' title='bbox 815 2287 980 2315; x_wconf 84' lang='lat' dir='ltr'>lemmate:</span> <span class='ocrx_word' id='word_1_292' title='bbox 1015 2286 1172 2323; x_wconf 84' lang='lat' dir='ltr'>quaesitis</span> <span class='ocrx_word' id='word_1_293' title='bbox 1205 2294 1259 2324; x_wconf 88' lang='lat' dir='ltr'>per</span> <span class='ocrx_word' id='word_1_294' title='bbox 1292 2290 1371 2314; x_wconf 79' lang='lat' dir='ltr'>aest.</span> <span class='ocrx_word' id='word_1_295' title='bbox 1398 2304 1439 2306; x_wconf 64' lang='lat'>—</span> <span class='ocrx_word' id='word_1_296' title='bbox 1466 2289 1625 2315; x_wconf 82' lang='lat' dir='ltr'>content-a.</span> <span class='ocrx_word' id='word_1_297' title='bbox 1652 2285 1687 2316; x_wconf 89' lang='lat' dir='ltr'>C:</span> <span class='ocrx_word' id='word_1_298' title='bbox 1713 2290 1780 2314; x_wconf 72' lang='lat' dir='ltr'>ante</span> <span class='ocrx_word' id='word_1_299' title='bbox 1803 2285 1952 2324; x_wconf 75' lang='lat' dir='ltr'>quaesitis.</span> <span class='ocrx_word' id='word_1_300' title='bbox 1979 2295 2036 2324; x_wconf 83' lang='lat' dir='ltr'>per</span> 
     </span>
     <span class='ocr_line' id='line_1_32' title="bbox 204 2340 2035 2385; baseline 0.001 -15"><span class='ocrx_word' id='word_1_301' title='bbox 204 2345 370 2370; x_wconf 83' lang='lat' dir='ltr'>aestatem.</span> <span class='ocrx_word' id='word_1_302' title='bbox 423 2343 455 2380; x_wconf 84' lang='lat'>7)</span> <span class='ocrx_word' id='word_1_303' title='bbox 482 2342 613 2382; x_wconf 69' lang='lat' dir='ltr'>Insurgyit</span> <span class='ocrx_word' id='word_1_304' title='bbox 642 2343 675 2372; x_wconf 88' lang='lat' dir='ltr'>in</span> <span class='ocrx_word' id='word_1_305' title='bbox 708 2353 839 2373; x_wconf 86' lang='lat' dir='ltr'>auarum</span> <span class='ocrx_word' id='word_1_306' title='bbox 865 2343 898 2372; x_wconf 69' lang='lat' dir='ltr'>C.</span> <span class='ocrx_word' id='word_1_307' title='bbox 949 2340 983 2380; x_wconf 88' lang='lat'>8)</span> <span class='ocrx_word' id='word_1_308' title='bbox 1009 2342 1135 2372; x_wconf 83' lang='lat' dir='ltr'>Dz&#39;mou.</span> <span class='ocrx_word' id='word_1_309' title='bbox 1168 2343 1242 2372; x_wconf 92' lang='lat' dir='ltr'>libri</span> <span class='ocrx_word' id='word_1_310' title='bbox 1269 2342 1422 2379; x_wconf 73' lang='lat' dir='ltr'>Aci-onis⁷</span> <span class='ocrx_word' id='word_1_311' title='bbox 1455 2346 1489 2372; x_wconf 88' lang='lat' dir='ltr'>ut</span> <span class='ocrx_word' id='word_1_312' title='bbox 1513 2342 1615 2385; x_wconf 73' lang='grc' dir='ltr'>γΕΒφ</span> <span class='ocrx_word' id='word_1_313' title='bbox 1648 2347 1677 2371; x_wconf 87' lang='lat' dir='ltr'>et</span> <span class='ocrx_word' id='word_1_314' title='bbox 1704 2352 1789 2372; x_wconf 90' lang='lat' dir='ltr'>omn.</span> <span class='ocrx_word' id='word_1_315' title='bbox 1823 2342 1890 2372; x_wconf 77' lang='lat' dir='ltr'>fere</span> <span class='ocrx_word' id='word_1_316' title='bbox 1914 2342 2035 2373; x_wconf 78' lang='lat' dir='ltr'>Pariss.</span> 
     </span>
     <span class='ocr_line' id='line_1_33' title="bbox 204 2397 2034 2442; baseline 0.002 -16"><span class='ocrx_word' id='word_1_317' title='bbox 204 2397 293 2426; x_wconf 85' lang='lat' dir='ltr'>Harl.</span> <span class='ocrx_word' id='word_1_318' title='bbox 320 2402 380 2427; x_wconf 85' lang='lat' dir='ltr'>etc.</span> <span class='ocrx_word' id='word_1_319' title='bbox 406 2398 537 2429; x_wconf 83' lang='lat' dir='ltr'>Demou.</span> <span class='ocrx_word' id='word_1_320' title='bbox 563 2399 603 2428; x_wconf 89' lang='lat' dir='ltr'>K.</span> <span class='ocrx_word' id='word_1_321' title='bbox 630 2399 743 2431; x_wconf 87' lang='lat' dir='ltr'>Ambr.</span> <span class='ocrx_word' id='word_1_322' title='bbox 772 2400 866 2428; x_wconf 85' lang='lat' dir='ltr'>Fran.</span> <span class='ocrx_word' id='word_1_323' title='bbox 893 2399 982 2429; x_wconf 82' lang='lat' dir='ltr'>Barc.</span> <span class='ocrx_word' id='word_1_324' title='bbox 1011 2403 1070 2429; x_wconf 88' lang='lat' dir='ltr'>etc.</span> <span class='ocrx_word' id='word_1_325' title='bbox 1098 2400 1195 2429; x_wconf 86' lang='lat' dir='ltr'>schol.</span> <span class='ocrx_word' id='word_1_326' title='bbox 1222 2410 1282 2429; x_wconf 87' lang='lat' dir='ltr'>om.</span> <span class='ocrx_word' id='word_1_327' title='bbox 1308 2409 1334 2441; x_wconf 76' lang='grc' dir='ltr'>γ.</span> <span class='ocrx_word' id='word_1_328' title='bbox 1389 2400 1442 2437; x_wconf 82' lang='grc'>10)</span> <span class='ocrx_word' id='word_1_329' title='bbox 1468 2410 1485 2429; x_wconf 73' lang='grc' dir='ltr'>ο</span> <span class='ocrx_word' id='word_1_330' title='bbox 1511 2410 1570 2429; x_wconf 89' lang='lat' dir='ltr'>om.</span> <span class='ocrx_word' id='word_1_331' title='bbox 1599 2409 1624 2441; x_wconf 79' lang='grc' dir='ltr'>γ.</span> <span class='ocrx_word' id='word_1_332' title='bbox 1643 2417 1681 2420; x_wconf 60' lang='lat'>—«</span> <span class='ocrx_word' id='word_1_333' title='bbox 1712 2404 1797 2429; x_wconf 80' lang='lat' dir='ltr'>terra</span> <span class='ocrx_word' id='word_1_334' title='bbox 1822 2410 1848 2442; x_wconf 80' lang='grc' dir='ltr'>γ.</span> <span class='ocrx_word' id='word_1_335' title='bbox 1875 2400 1945 2429; x_wconf 88' lang='lat' dir='ltr'>rell.</span> <span class='ocrx_word' id='word_1_336' title='bbox 1971 2405 2034 2430; x_wconf 86' lang='lat' dir='ltr'>ter-</span> 
     </span>
     <span class='ocr_line' id='line_1_34' title="bbox 204 2452 2033 2499; baseline 0.002 -17"><span class='ocrx_word' id='word_1_337' title='bbox 204 2463 277 2491; x_wconf 81' lang='lat' dir='ltr'>ram,</span> <span class='ocrx_word' id='word_1_338' title='bbox 304 2460 339 2484; x_wconf 59' lang='lat' dir='ltr'>ut.</span> <span class='ocrx_word' id='word_1_339' title='bbox 364 2454 434 2484; x_wconf 78' lang='lat' dir='ltr'>Liv.</span> <span class='ocrx_word' id='word_1_340' title='bbox 453 2455 538 2492; x_wconf 81' lang='lat' dir='ltr'>VIII,</span> <span class='ocrx_word' id='word_1_341' title='bbox 569 2457 617 2485; x_wconf 90' lang='lat'>10.</span> <span class='ocrx_word' id='word_1_342' title='bbox 645 2455 824 2496; x_wconf 74' lang='lat' dir='ltr'>antiquora</span> <span class='ocrx_word' id='word_1_343' title='bbox 848 2466 874 2497; x_wconf 85' lang='grc' dir='ltr'>γ.</span> <span class='ocrx_word' id='word_1_344' title='bbox 901 2456 1113 2493; x_wconf 80' lang='lat' dir='ltr'>antipophora</span> <span class='ocrx_word' id='word_1_345' title='bbox 1126 2455 1237 2493; x_wconf 74' lang='lat' dir='ltr'>X,vca.</span> <span class='ocrx_word' id='word_1_346' title='bbox 1265 2456 1465 2495; x_wconf 86' lang='lat' dir='ltr'>anthypoph.</span> <span class='ocrx_word' id='word_1_347' title='bbox 1495 2455 1529 2484; x_wconf 84' lang='lat' dir='ltr'>C.</span> <span class='ocrx_word' id='word_1_348' title='bbox 1549 2452 1710 2499; x_wconf 73' lang='grc' dir='ltr'>ἀνθυποφ.</span> <span class='ocrx_word' id='word_1_349' title='bbox 1735 2456 1782 2485; x_wconf 90' lang='lat' dir='ltr'>fh.</span> <span class='ocrx_word' id='word_1_350' title='bbox 1828 2457 1882 2495; x_wconf 84' lang='lat'>13)</span> <span class='ocrx_word' id='word_1_351' title='bbox 1909 2457 2033 2486; x_wconf 86' lang='lat' dir='ltr'>scilicet</span> 
     </span>
     <span class='ocr_line' id='line_1_35' title="bbox 203 2510 2032 2554; baseline 0.002 -15"><span class='ocrx_word' id='word_1_352' title='bbox 203 2519 261 2539; x_wconf 89' lang='lat' dir='ltr'>om.</span> <span class='ocrx_word' id='word_1_353' title='bbox 287 2520 312 2551; x_wconf 77' lang='grc' dir='ltr'>γ.</span> <span class='ocrx_word' id='word_1_354' title='bbox 339 2510 384 2541; x_wconf 83' lang='lat' dir='ltr'>Te</span> <span class='ocrx_word' id='word_1_355' title='bbox 401 2512 548 2541; x_wconf 87' lang='lat' dir='ltr'>timidum</span> <span class='ocrx_word' id='word_1_356' title='bbox 565 2521 591 2554; x_wconf 77' lang='grc' dir='ltr'>γ.</span> <span class='ocrx_word' id='word_1_357' title='bbox 613 2513 681 2542; x_wconf 83' lang='lat' dir='ltr'>rell.</span> <span class='ocrx_word' id='word_1_358' title='bbox 715 2522 775 2541; x_wconf 92' lang='lat' dir='ltr'>om.</span> <span class='ocrx_word' id='word_1_359' title='bbox 808 2522 844 2541; x_wconf 77' lang='lat' dir='ltr'>ac</span> <span class='ocrx_word' id='word_1_360' title='bbox 865 2514 958 2542; x_wconf 84' lang='lat' dir='ltr'>timet</span> <span class='ocrx_word' id='word_1_361' title='bbox 983 2512 1197 2550; x_wconf 76' lang='lat' dir='ltr'>X‚Cmvcafh‚</span> <span class='ocrx_word' id='word_1_362' title='bbox 1224 2518 1257 2542; x_wconf 88' lang='lat' dir='ltr'>ut</span> <span class='ocrx_word' id='word_1_363' title='bbox 1285 2523 1368 2542; x_wconf 89' lang='lat' dir='ltr'>omn.</span> <span class='ocrx_word' id='word_1_364' title='bbox 1397 2513 1464 2542; x_wconf 81' lang='lat' dir='ltr'>fere</span> <span class='ocrx_word' id='word_1_365' title='bbox 1488 2518 1552 2543; x_wconf 88' lang='lat' dir='ltr'>uet.</span> <span class='ocrx_word' id='word_1_366' title='bbox 1581 2514 1671 2543; x_wconf 86' lang='lat' dir='ltr'>codd.</span> <span class='ocrx_word' id='word_1_367' title='bbox 1698 2513 1774 2543; x_wconf 91' lang='lat' dir='ltr'>Hor.</span> <span class='ocrx_word' id='word_1_368' title='bbox 1800 2517 1829 2542; x_wconf 79' lang='lat' dir='ltr'>et</span> <span class='ocrx_word' id='word_1_369' title='bbox 1852 2510 1913 2552; x_wconf 64' lang='lat'>(81)</span> <span class='ocrx_word' id='word_1_370' title='bbox 1939 2514 2032 2543; x_wconf 82' lang='lat' dir='ltr'>timet</span> 
     </span>
     <span class='ocr_line' id='line_1_36' title="bbox 203 2568 2031 2608; baseline 0.002 -13"><span class='ocrx_word' id='word_1_371' title='bbox 203 2576 229 2607; x_wconf 74' lang='grc' dir='ltr'>γ.</span> <span class='ocrx_word' id='word_1_372' title='bbox 257 2576 293 2595; x_wconf 81' lang='lat' dir='ltr'>ac</span> <span class='ocrx_word' id='word_1_373' title='bbox 310 2568 401 2596; x_wconf 80' lang='lat' dir='ltr'>timet</span> <span class='ocrx_word' id='word_1_374' title='bbox 420 2569 451 2596; x_wconf 88' lang='lat' dir='ltr'>in</span> <span class='ocrx_word' id='word_1_375' title='bbox 467 2568 542 2597; x_wconf 87' lang='lat' dir='ltr'>Hor.</span> <span class='ocrx_word' id='word_1_376' title='bbox 589 2569 644 2606; x_wconf 86' lang='grc'>17)</span> <span class='ocrx_word' id='word_1_377' title='bbox 673 2570 758 2598; x_wconf 86' lang='lat' dir='ltr'>inter</span> <span class='ocrx_word' id='word_1_378' title='bbox 775 2570 923 2599; x_wconf 85' lang='lat' dir='ltr'>uenaleis</span> <span class='ocrx_word' id='word_1_379' title='bbox 943 2578 1066 2607; x_wconf 78' lang='lat' dir='ltr'>pueros,</span> <span class='ocrx_word' id='word_1_380' title='bbox 1094 2570 1149 2608; x_wconf 90' lang='lat' dir='ltr'>qui</span> <span class='ocrx_word' id='word_1_381' title='bbox 1174 2579 1268 2608; x_wconf 83' lang='lat' dir='ltr'>panes</span> <span class='ocrx_word' id='word_1_382' title='bbox 1293 2569 1433 2608; x_wconf 75' lang='lat' dir='ltr'>portabit,</span> <span class='ocrx_word' id='word_1_383' title='bbox 1461 2579 1523 2599; x_wconf 89' lang='lat' dir='ltr'>non</span> <span class='ocrx_word' id='word_1_384' title='bbox 1549 2571 1620 2608; x_wconf 83' lang='lat' dir='ltr'>plus</span> <span class='ocrx_word' id='word_1_385' title='bbox 1646 2570 1782 2607; x_wconf 85' lang='lat' dir='ltr'>accipiet</span> <span class='ocrx_word' id='word_1_386' title='bbox 1804 2574 1869 2599; x_wconf 80' lang='lat' dir='ltr'>etc.</span> <span class='ocrx_word' id='word_1_387' title='bbox 1889 2568 1923 2599; x_wconf 92' lang='lat' dir='ltr'>C.</span> <span class='ocrx_word' id='word_1_388' title='bbox 1951 2569 2031 2599; x_wconf 87' lang='lat' dir='ltr'>Cum</span> 
     </span>
     <span class='ocr_line' id='line_1_37' title="bbox 203 2622 2031 2668; baseline 0.003 -17"><span class='ocrx_word' id='word_1_389' title='bbox 203 2622 239 2658; x_wconf 81' lang='lat' dir='ltr'>C,</span> <span class='ocrx_word' id='word_1_390' title='bbox 266 2625 374 2660; x_wconf 82' lang='lat' dir='ltr'>paucis</span> <span class='ocrx_word' id='word_1_391' title='bbox 404 2626 566 2662; x_wconf 68' lang='lat' dir='ltr'>exceptis.</span> <span class='ocrx_word' id='word_1_392' title='bbox 606 2624 726 2655; x_wconf 84' lang='lat' dir='ltr'>faciunt</span> <span class='ocrx_word' id='word_1_393' title='bbox 751 2625 813 2668; x_wconf 71' lang='grc' dir='ltr'>Βφι</span> <span class='ocrx_word' id='word_1_394' title='bbox 853 2626 1140 2661; x_wconf 67' lang='lat' dir='ltr'>‘Quemadmodum</span> <span class='ocrx_word' id='word_1_395' title='bbox 1175 2626 1283 2665; x_wconf 90' lang='lat' dir='ltr'>inquit</span> <span class='ocrx_word' id='word_1_396' title='bbox 1314 2628 1400 2657; x_wconf 86' lang='lat' dir='ltr'>inter</span> <span class='ocrx_word' id='word_1_397' title='bbox 1431 2627 1562 2656; x_wconf 84' lang='lat' dir='ltr'>uenales</span> <span class='ocrx_word' id='word_1_398' title='bbox 1596 2635 1711 2664; x_wconf 87' lang='lat' dir='ltr'>pueros</span> <span class='ocrx_word' id='word_1_399' title='bbox 1743 2635 1820 2664; x_wconf 89' lang='lat' dir='ltr'>puer</span> <span class='ocrx_word' id='word_1_400' title='bbox 1851 2627 1905 2664; x_wconf 89' lang='lat' dir='ltr'>qui</span> <span class='ocrx_word' id='word_1_401' title='bbox 1935 2636 2031 2665; x_wconf 87' lang='lat' dir='ltr'>panes</span> 
     </span>
     <span class='ocr_line' id='line_1_38' title="bbox 202 2680 2033 2723; baseline 0.002 -15"><span class='ocrx_word' id='word_1_402' title='bbox 202 2680 339 2716; x_wconf 85' lang='lat' dir='ltr'>portabit</span> <span class='ocrx_word' id='word_1_403' title='bbox 374 2690 433 2709; x_wconf 86' lang='lat' dir='ltr'>non</span> <span class='ocrx_word' id='word_1_404' title='bbox 466 2681 537 2718; x_wconf 78' lang='lat' dir='ltr'>plus</span> <span class='ocrx_word' id='word_1_405' title='bbox 571 2682 706 2719; x_wconf 80' lang='lat' dir='ltr'>accipiet</span> <span class='ocrx_word' id='word_1_406' title='bbox 740 2691 772 2710; x_wconf 82' lang='lat' dir='ltr'>eo</span> <span class='ocrx_word' id='word_1_407' title='bbox 799 2682 910 2719; x_wconf 82' lang='lat' dir='ltr'>(quam</span> <span class='ocrx_word' id='word_1_408' title='bbox 935 2683 962 2711; x_wconf 91' lang='lat' dir='ltr'>is</span> <span class='ocrx_word' id='word_1_409' title='bbox 989 2682 1031 2723; x_wconf 83' lang='lat' dir='ltr'>C)</span> <span class='ocrx_word' id='word_1_410' title='bbox 1058 2684 1111 2721; x_wconf 84' lang='lat' dir='ltr'>qui</span> <span class='ocrx_word' id='word_1_411' title='bbox 1138 2693 1256 2713; x_wconf 83' lang='lat' dir='ltr'>uacuus</span> <span class='ocrx_word' id='word_1_412' title='bbox 1290 2683 1339 2723; x_wconf 83' lang='lat' dir='ltr'>[et</span> <span class='ocrx_word' id='word_1_413' title='bbox 1369 2683 1453 2712; x_wconf 84' lang='lat' dir='ltr'>nihil</span> <span class='ocrx_word' id='word_1_414' title='bbox 1478 2688 1610 2721; x_wconf 83' lang='lat' dir='ltr'>portans</span> <span class='ocrx_word' id='word_1_415' title='bbox 1635 2682 1675 2721; x_wconf 80' lang='lat' dir='ltr'>C]</span> <span class='ocrx_word' id='word_1_416' title='bbox 1705 2683 1881 2712; x_wconf 76' lang='lat' dir='ltr'>ambulauit</span> <span class='ocrx_word' id='word_1_417' title='bbox 1908 2683 1967 2723; x_wconf 84' lang='lat'>[—</span> <span class='ocrx_word' id='word_1_418' title='bbox 1992 2682 2033 2712; x_wconf 76' lang='lat' dir='ltr'>bit</span> 
     </span>
     <span class='ocr_line' id='line_1_39' title="bbox 203 2735 2026 2779; baseline 0.003 -16"><span class='ocrx_word' id='word_1_419' title='bbox 203 2736 243 2773; x_wconf 63' lang='lat' dir='ltr'>C]</span> <span class='ocrx_word' id='word_1_420' title='bbox 281 2737 429 2765; x_wconf 47' lang='lat' dir='ltr'>¹*imiliter</span> <span class='ocrx_word' id='word_1_421' title='bbox 467 2735 526 2775; x_wconf 85' lang='lat' dir='ltr'>[ita</span> <span class='ocrx_word' id='word_1_422' title='bbox 552 2742 586 2767; x_wconf 85' lang='lat' dir='ltr'>tn</span> <span class='ocrx_word' id='word_1_423' title='bbox 613 2738 655 2776; x_wconf 63' lang='lat' dir='ltr'>C}</span> <span class='ocrx_word' id='word_1_424' title='bbox 692 2740 837 2776; x_wconf 82' lang='lat' dir='ltr'>quamuis</span> <span class='ocrx_word' id='word_1_425' title='bbox 870 2740 941 2775; x_wconf 87' lang='lat' dir='ltr'>plus</span> <span class='ocrx_word' id='word_1_426' title='bbox 976 2740 1173 2769; x_wconf 81' lang='lat' dir='ltr'>laboraueris</span> <span class='ocrx_word' id='word_1_427' title='bbox 1209 2741 1242 2769; x_wconf 89' lang='lat' dir='ltr'>in</span> <span class='ocrx_word' id='word_1_428' title='bbox 1274 2741 1401 2769; x_wconf 77' lang='lat' dir='ltr'>diuitiis</span> <span class='ocrx_word' id='word_1_429' title='bbox 1440 2740 1490 2779; x_wconf 90' lang='lat' dir='ltr'>[in</span> <span class='ocrx_word' id='word_1_430' title='bbox 1522 2740 1714 2777; x_wconf 85' lang='lat' dir='ltr'>acquirendo</span> <span class='ocrx_word' id='word_1_431' title='bbox 1747 2749 1839 2777; x_wconf 81' lang='lat' dir='ltr'>quam</span> <span class='ocrx_word' id='word_1_432' title='bbox 1877 2740 1959 2768; x_wconf 81' lang='lat' dir='ltr'>alius</span> <span class='ocrx_word' id='word_1_433' title='bbox 1984 2739 2026 2778; x_wconf 86' lang='lat' dir='ltr'>C]</span> 
     </span>
    </p>
   </div>
   <div class='ocr_carea' id='block_1_11' title="bbox 201 2791 2027 2834">
    <p class='ocr_par' dir='ltr' id='par_1_16' title="bbox 201 2791 2027 2834">
     <span class='ocr_line' id='line_1_40' title="bbox 201 2791 2027 2834; baseline 0.003 -14"><span class='ocrx_word' id='word_1_434' title='bbox 201 2801 269 2820; x_wconf 89' lang='lat' dir='ltr'>cum</span> <span class='ocrx_word' id='word_1_435' title='bbox 297 2791 399 2821; x_wconf 61' lang='lat' dir='ltr'>factm</span> <span class='ocrx_word' id='word_1_436' title='bbox 425 2793 524 2822; x_wconf 76' lang='lat' dir='ltr'>fucris</span> <span class='ocrx_word' id='word_1_437' title='bbox 553 2793 614 2833; x_wconf 80' lang='lat' dir='ltr'>[sis</span> <span class='ocrx_word' id='word_1_438' title='bbox 641 2794 680 2832; x_wconf 75' lang='lat' dir='ltr'>C]</span> <span class='ocrx_word' id='word_1_439' title='bbox 718 2796 920 2832; x_wconf 68' lang='lat' dir='ltr'>pecuniosus.</span> <span class='ocrx_word' id='word_1_440' title='bbox 956 2806 1018 2825; x_wconf 86' lang='lat' dir='ltr'>non</span> <span class='ocrx_word' id='word_1_441' title='bbox 1054 2797 1124 2834; x_wconf 77' lang='lat' dir='ltr'>plus</span> <span class='ocrx_word' id='word_1_442' title='bbox 1156 2801 1268 2826; x_wconf 86' lang='lat' dir='ltr'>uenter</span> <span class='ocrx_word' id='word_1_443' title='bbox 1301 2802 1376 2826; x_wconf 82' lang='lat' dir='ltr'>tuus</span> <span class='ocrx_word' id='word_1_444' title='bbox 1409 2797 1546 2833; x_wconf 76' lang='lat' dir='ltr'>recipiet</span> <span class='ocrx_word' id='word_1_445' title='bbox 1571 2806 1664 2834; x_wconf 90' lang='lat' dir='ltr'>quam</span> <span class='ocrx_word' id='word_1_446' title='bbox 1699 2797 1766 2824; x_wconf 81' lang='lat' dir='ltr'>eius</span> <span class='ocrx_word' id='word_1_447' title='bbox 1792 2797 1845 2833; x_wconf 82' lang='lat' dir='ltr'>qui</span> <span class='ocrx_word' id='word_1_448' title='bbox 1873 2797 2027 2834; x_wconf 77' lang='lat' dir='ltr'>exiguum</span> 
     </span>
    </p>
   </div>
   <div class='ocr_carea' id='block_1_12' title="bbox 200 2848 2027 2950">
    <p class='ocr_par' dir='ltr' id='par_1_17' title="bbox 200 2848 2027 2950">
     <span class='ocr_line' id='line_1_41' title="bbox 200 2848 2027 2894; baseline 0.003 -19"><span class='ocrx_word' id='word_1_449' title='bbox 200 2848 363 2885; x_wconf 55' lang='lat' dir='ltr'>possidet)</span> <span class='ocrx_word' id='word_1_450' title='bbox 432 2849 486 2887; x_wconf 85' lang='grc'>18)</span> <span class='ocrx_word' id='word_1_451' title='bbox 513 2851 642 2887; x_wconf 77' lang='lat' dir='ltr'>accipiet</span> <span class='ocrx_word' id='word_1_452' title='bbox 666 2850 733 2885; x_wconf 67' lang='lat' dir='ltr'>OQ.</span> <span class='ocrx_word' id='word_1_453' title='bbox 760 2851 872 2889; x_wconf 74' lang='lat' dir='ltr'>accipit</span> <span class='ocrx_word' id='word_1_454' title='bbox 895 2853 966 2881; x_wconf 88' lang='lat' dir='ltr'>libri</span> <span class='ocrx_word' id='word_1_455' title='bbox 994 2851 1131 2890; x_wconf 77' lang='lat' dir='ltr'>(accepit</span> <span class='ocrx_word' id='word_1_456' title='bbox 1157 2854 1234 2891; x_wconf 81' lang='lat' dir='ltr'>mv).</span> <span class='ocrx_word' id='word_1_457' title='bbox 1262 2871 1302 2874; x_wconf 90' lang='lat'>—</span> <span class='ocrx_word' id='word_1_458' title='bbox 1330 2857 1356 2882; x_wconf 77' lang='lat' dir='ltr'>et</span> <span class='ocrx_word' id='word_1_459' title='bbox 1380 2857 1453 2882; x_wconf 86' lang='lat' dir='ltr'>tuus</span> <span class='ocrx_word' id='word_1_460' title='bbox 1478 2852 1578 2892; x_wconf 70' lang='lat' dir='ltr'>·(X,m.</span> <span class='ocrx_word' id='word_1_461' title='bbox 1605 2852 1673 2881; x_wconf 85' lang='lat' dir='ltr'>rell.</span> <span class='ocrx_word' id='word_1_462' title='bbox 1701 2861 1758 2880; x_wconf 87' lang='lat' dir='ltr'>om.</span> <span class='ocrx_word' id='word_1_463' title='bbox 1785 2856 1819 2881; x_wconf 76' lang='lat' dir='ltr'>et.</span> <span class='ocrx_word' id='word_1_464' title='bbox 1848 2853 1977 2882; x_wconf 73' lang='lat' dir='ltr'>multum</span> <span class='ocrx_word' id='word_1_465' title='bbox 2001 2862 2027 2894; x_wconf 74' lang='grc' dir='ltr'>γ.</span> 
     </span>
     <span class='ocr_line' id='line_1_42' title="bbox 200 2904 2027 2950; baseline 0.002 -17"><span class='ocrx_word' id='word_1_466' title='bbox 200 2905 268 2934; x_wconf 82' lang='lat' dir='ltr'>rell.</span> <span class='ocrx_word' id='word_1_467' title='bbox 303 2905 413 2933; x_wconf 74' lang='lat' dir='ltr'>multa.</span> <span class='ocrx_word' id='word_1_468' title='bbox 472 2904 528 2942; x_wconf 79' lang='lat'>20)</span> <span class='ocrx_word' id='word_1_469' title='bbox 556 2911 602 2935; x_wconf 75' lang='lat' dir='ltr'>est</span> <span class='ocrx_word' id='word_1_470' title='bbox 636 2917 698 2935; x_wconf 88' lang='lat' dir='ltr'>om.</span> <span class='ocrx_word' id='word_1_471' title='bbox 732 2907 839 2949; x_wconf 41' lang='lat' dir='ltr'>715⁷,va</span> <span class='ocrx_word' id='word_1_472' title='bbox 873 2907 990 2946; x_wconf 74' lang='lat' dir='ltr'>(mete)</span> <span class='ocrx_word' id='word_1_473' title='bbox 1017 2918 1063 2938; x_wconf 87' lang='lat' dir='ltr'>ca.</span> <span class='ocrx_word' id='word_1_474' title='bbox 1091 2927 1130 2929; x_wconf 86' lang='lat'>——</span> <span class='ocrx_word' id='word_1_475' title='bbox 1159 2910 1242 2938; x_wconf 87' lang='lat' dir='ltr'>inter</span> <span class='ocrx_word' id='word_1_476' title='bbox 1272 2919 1343 2938; x_wconf 89' lang='lat' dir='ltr'>uen.</span> <span class='ocrx_word' id='word_1_477' title='bbox 1377 2920 1437 2938; x_wconf 88' lang='lat' dir='ltr'>om.</span> <span class='ocrx_word' id='word_1_478' title='bbox 1473 2908 1506 2938; x_wconf 78' lang='lat' dir='ltr'>C.</span> <span class='ocrx_word' id='word_1_479' title='bbox 1541 2909 1633 2946; x_wconf 84' lang='lat' dir='ltr'>panis</span> <span class='ocrx_word' id='word_1_480' title='bbox 1665 2908 1781 2937; x_wconf 73' lang='lat' dir='ltr'>uenalis</span> <span class='ocrx_word' id='word_1_481' title='bbox 1812 2918 1861 2946; x_wconf 92' lang='lat' dir='ltr'>po.</span> <span class='ocrx_word' id='word_1_482' title='bbox 1896 2909 1976 2938; x_wconf 84' lang='lat' dir='ltr'>solet</span> <span class='ocrx_word' id='word_1_483' title='bbox 2001 2918 2027 2950; x_wconf 73' lang='lat'>&#39;1&#39;-</span> 
     </span>
    </p>
   </div>
   <div class='ocr_carea' id='block_1_13' title="bbox 199 2960 2028 3175">
    <p class='ocr_par' dir='ltr' id='par_1_18' title="bbox 199 2960 2028 3175">
     <span class='ocr_line' id='line_1_43' title="bbox 200 2960 2028 3003; baseline 0.003 -15"><span class='ocrx_word' id='word_1_484' title='bbox 200 2961 322 2998; x_wconf 72' lang='lat' dir='ltr'>glossa:</span> <span class='ocrx_word' id='word_1_485' title='bbox 349 2960 467 2989; x_wconf 68' lang='lat' dir='ltr'>uenales</span> <span class='ocrx_word' id='word_1_486' title='bbox 493 2962 577 2991; x_wconf 74' lang='lat' dir='ltr'>inter.</span> <span class='ocrx_word' id='word_1_487' title='bbox 608 2964 691 2992; x_wconf 82' lang='lat' dir='ltr'>inter</span> <span class='ocrx_word' id='word_1_488' title='bbox 718 2972 826 2993; x_wconf 86' lang='lat' dir='ltr'>seruos</span> <span class='ocrx_word' id='word_1_489' title='bbox 851 2965 993 2994; x_wconf 81' lang='lat' dir='ltr'>uenales.</span> <span class='ocrx_word' id='word_1_490' title='bbox 1021 2966 1090 2994; x_wconf 91' lang='lat' dir='ltr'>rell.</span> <span class='ocrx_word' id='word_1_491' title='bbox 1116 2966 1245 2996; x_wconf 75' lang='lat' dir='ltr'>uenales.</span> <span class='ocrx_word' id='word_1_492' title='bbox 1297 2966 1422 2995; x_wconf 83' lang='lat' dir='ltr'>Seruos.</span> <span class='ocrx_word' id='word_1_493' title='bbox 1449 2966 1541 3003; x_wconf 83' lang='lat' dir='ltr'>panis</span> <span class='ocrx_word' id='word_1_494' title='bbox 1565 2964 1683 2994; x_wconf 73' lang='lat' dir='ltr'>uenalis</span> <span class='ocrx_word' id='word_1_495' title='bbox 1716 2968 1752 2993; x_wconf 92' lang='lat' dir='ltr'>ut</span> <span class='ocrx_word' id='word_1_496' title='bbox 1782 2965 1876 3002; x_wconf 76' lang='lat' dir='ltr'>panis</span> <span class='ocrx_word' id='word_1_497' title='bbox 1894 2964 2028 3003; x_wconf 73' lang='lat' dir='ltr'>plebeius</span> 
     </span>
     <span class='ocr_line' id='line_1_44' title="bbox 199 3016 2024 3064; baseline 0.003 -20"><span class='ocrx_word' id='word_1_498' title='bbox 199 3016 319 3045; x_wconf 82' lang='lat' dir='ltr'>Seneca</span> <span class='ocrx_word' id='word_1_499' title='bbox 348 3017 382 3045; x_wconf 75' lang='lat'>1‹:.</span> <span class='ocrx_word' id='word_1_500' title='bbox 414 3018 484 3046; x_wconf 85' lang='lat'>119.</span> <span class='ocrx_word' id='word_1_501' title='bbox 533 3019 590 3056; x_wconf 79' lang='lat'>⁴22)</span> <span class='ocrx_word' id='word_1_502' title='bbox 618 3020 763 3056; x_wconf 82' lang='lat' dir='ltr'>proficiat</span> <span class='ocrx_word' id='word_1_503' title='bbox 797 3031 857 3050; x_wconf 87' lang='lat' dir='ltr'>om.</span> <span class='ocrx_word' id='word_1_504' title='bbox 882 3030 908 3061; x_wconf 81' lang='grc' dir='ltr'>γ.</span> <span class='ocrx_word' id='word_1_505' title='bbox 934 3020 1052 3059; x_wconf 66' lang='lat' dir='ltr'>referat</span> <span class='ocrx_word' id='word_1_506' title='bbox 1073 3022 1164 3051; x_wconf 76' lang='lat' dir='ltr'>distet</span> <span class='ocrx_word' id='word_1_507' title='bbox 1181 3022 1219 3051; x_wconf 93' lang='lat' dir='ltr'>B.</span> <span class='ocrx_word' id='word_1_508' title='bbox 1246 3023 1344 3052; x_wconf 80' lang='lat' dir='ltr'>discet</span> <span class='ocrx_word' id='word_1_509' title='bbox 1363 3021 1491 3064; x_wconf 73' lang='lat' dir='ltr'>&lt;p(sic).</span> <span class='ocrx_word' id='word_1_510' title='bbox 1542 3021 1600 3060; x_wconf 73' lang='lat'>23)</span> <span class='ocrx_word' id='word_1_511' title='bbox 1626 3020 1695 3050; x_wconf 74' lang='lat' dir='ltr'>finis</span> <span class='ocrx_word' id='word_1_512' title='bbox 1718 3029 1736 3062; x_wconf 79' lang='grc' dir='ltr'>γ</span> <span class='ocrx_word' id='word_1_513' title='bbox 1762 3022 1793 3050; x_wconf 90' lang='lat' dir='ltr'>in</span> <span class='ocrx_word' id='word_1_514' title='bbox 1818 3021 1896 3051; x_wconf 88' lang='lat' dir='ltr'>Hor.</span> <span class='ocrx_word' id='word_1_515' title='bbox 1923 3025 1958 3050; x_wconf 87' lang='lat' dir='ltr'>ut</span> <span class='ocrx_word' id='word_1_516' title='bbox 1983 3021 2024 3050; x_wconf 88' lang='lat' dir='ltr'>K.</span> 
     </span>
     <span class='ocr_line' id='line_1_45' title="bbox 199 3072 2026 3120; baseline 0.002 -19"><span class='ocrx_word' id='word_1_517' title='bbox 199 3072 310 3101; x_wconf 74' lang='lat' dir='ltr'>Ambr.</span> <span class='ocrx_word' id='word_1_518' title='bbox 331 3073 382 3109; x_wconf 85' lang='lat' dir='ltr'>al.‚</span> <span class='ocrx_word' id='word_1_519' title='bbox 410 3074 442 3101; x_wconf 89' lang='lat' dir='ltr'>in</span> <span class='ocrx_word' id='word_1_520' title='bbox 470 3074 590 3103; x_wconf 80' lang='lat' dir='ltr'>scholio</span> <span class='ocrx_word' id='word_1_521' title='bbox 617 3075 625 3103; x_wconf 94' lang='lat' dir='ltr'>i</span> <span class='ocrx_word' id='word_1_522' title='bbox 652 3075 683 3105; x_wconf 87' lang='lat' dir='ltr'>in</span> <span class='ocrx_word' id='word_1_523' title='bbox 702 3085 717 3105; x_wconf 83' lang='lat' dir='ltr'>e</span> <span class='ocrx_word' id='word_1_524' title='bbox 736 3080 813 3105; x_wconf 89' lang='lat' dir='ltr'>mut.</span> <span class='ocrx_word' id='word_1_525' title='bbox 838 3086 864 3117; x_wconf 74' lang='grc' dir='ltr'>γ.</span> <span class='ocrx_word' id='word_1_526' title='bbox 880 3094 921 3097; x_wconf 70' lang='lat'>—-</span> <span class='ocrx_word' id='word_1_527' title='bbox 937 3081 1027 3106; x_wconf 65' lang='lat' dir='ltr'>satur</span> <span class='ocrx_word' id='word_1_528' title='bbox 1052 3078 1095 3107; x_wconf 81' lang='lat' dir='ltr'>sit</span> <span class='ocrx_word' id='word_1_529' title='bbox 1120 3078 1208 3108; x_wconf 86' lang='lat' dir='ltr'>homo</span> <span class='ocrx_word' id='word_1_530' title='bbox 1224 3077 1386 3120; x_wconf 61' lang='lat' dir='ltr'>7XG‚CQ.</span> <span class='ocrx_word' id='word_1_531' title='bbox 1402 3078 1470 3107; x_wconf 86' lang='lat' dir='ltr'>rell.</span> <span class='ocrx_word' id='word_1_532' title='bbox 1498 3077 1570 3107; x_wconf 76' lang='lat' dir='ltr'>satis</span> <span class='ocrx_word' id='word_1_533' title='bbox 1595 3078 1636 3107; x_wconf 87' lang='lat' dir='ltr'>sit</span> <span class='ocrx_word' id='word_1_534' title='bbox 1654 3076 1783 3106; x_wconf 80' lang='lat' dir='ltr'>homini.</span> <span class='ocrx_word' id='word_1_535' title='bbox 1833 3077 1891 3116; x_wconf 83' lang='lat'>24)</span> <span class='ocrx_word' id='word_1_536' title='bbox 1909 3081 2026 3115; x_wconf 80' lang='lat' dir='ltr'>potest.</span> 
     </span>
     <span class='ocr_line' id='line_1_46' title="bbox 200 3129 1515 3175; baseline 0.005 -19"><span class='ocrx_word' id='word_1_537' title='bbox 200 3129 284 3157; x_wconf 68' lang='lat' dir='ltr'>Intra</span> <span class='ocrx_word' id='word_1_538' title='bbox 308 3133 435 3158; x_wconf 67' lang='lat' dir='ltr'>naturae</span> <span class='ocrx_word' id='word_1_539' title='bbox 455 3130 536 3166; x_wconf 79' lang='lat' dir='ltr'>fmes</span> <span class='ocrx_word' id='word_1_540' title='bbox 563 3131 664 3160; x_wconf 71' lang='lat' dir='ltr'>uiuitis</span> <span class='ocrx_word' id='word_1_541' title='bbox 696 3141 754 3169; x_wconf 82' lang='lat' dir='ltr'>que</span> <span class='ocrx_word' id='word_1_542' title='bbox 778 3137 904 3162; x_wconf 86' lang='lat' dir='ltr'>tantum</span> <span class='ocrx_word' id='word_1_543' title='bbox 929 3143 955 3175; x_wconf 79' lang='grc' dir='ltr'>γ.</span> <span class='ocrx_word' id='word_1_544' title='bbox 986 3133 1067 3167; x_wconf 76' lang='lat' dir='ltr'>Quae</span> <span class='ocrx_word' id='word_1_545' title='bbox 1092 3144 1154 3164; x_wconf 87' lang='lat' dir='ltr'>mv.</span> <span class='ocrx_word' id='word_1_546' title='bbox 1180 3135 1248 3164; x_wconf 86' lang='lat' dir='ltr'>rell.</span> <span class='ocrx_word' id='word_1_547' title='bbox 1274 3138 1391 3172; x_wconf 78' lang='lat' dir='ltr'>potest.</span> <span class='ocrx_word' id='word_1_548' title='bbox 1422 3134 1515 3168; x_wconf 78' lang='lat' dir='ltr'>Quod.</span> 
     </span>
    </p>
   </div>
  </div>
 </body>
</html>
