2148 3412
211 124 294 166 550
846 131 952 164 Aca.
977 131 1038 163 ET
1062 129 1230 164 PORPH.
1255 129 1404 164 coMM.

323 259 388 299 71.
420 258 558 299 Parae
588 263 682 298 sunt
708 256 808 312 plat.
870 257 1006 297 Parae
1036 254 1192 310 legitur
1222 253 1424 305 ironicos3
1455 252 1653 309 intellege
1683 254 1750 294 ita.

323 332 387 372 712.
417 331 581 386 qerulis.
646 329 793 372 Geruli
821 334 928 379 sunt,
954 327 1050 384 vqui
1079 333 1250 384 portant
1279 342 1341 379 ea,
1374 341 1480 384 quae
1509 326 1747 369 necessaria
1778 332 1873 368 sunt
1899 325 1953 367 ad
1972 326 2036 368 fa-

207 404 380 446 bricam.

320 478 384 519 79.
422 479 484 519 Tu
514 492 574 518 me
594 479 698 519 inter
718 479 916 533 strepitus.
976 475 1074 518 Hoc
1105 482 1185 518 est:
1220 474 1325 533 [Tu]
1358 475 1436 525 uis,
1467 488 1533 516 me
1564 473 1702 515 aliena
1732 473 1886 524 dicere,
1919 473 2036 529 (nam

140 562 157 589 ὃ
207 559 392 594 contacta
422 565 500 606 pro
531 550 695 592 detritis
725 557 765 592 et
795 549 1026 606 diuulgatis
1057 548 1183 604 dixit)
1215 557 1256 590 et
1285 548 1343 590 ita
1373 548 1438 591 uis
1468 563 1534 590 me
1565 547 1718 598 dicere,
1764 553 1809 589 ut
1838 547 1892 589 ad
1920 553 2037 589 uates

207 625 401 679 antiquos
432 623 625 680 proxime
656 624 883 666 accedam?

319 700 386 740 87.
419 699 565 740 Frater
595 707 682 740 erat
712 699 876 740 Romae.
936 696 1010 738 Ad
1039 698 1144 739 haec
1175 710 1344 739 causam
1375 696 1553 739 duorum
1582 697 1758 738 fratrum
1789 694 1963 745 inducit,
1993 701 2040 737 ut

204 771 410 822 ostendat,
443 787 487 814 se
517 772 702 814 inuicem
733 771 906 813 laudare
937 770 1103 812 debere.
1164 770 1288 812 Unus
1310 769 1422 812 enim
1442 769 1617 812 istorum
1639 769 1832 819 duorum,
1868 767 2038 810 Mucius

205 845 403 888 uidelicet
436 844 656 894 Scaeuola,
690 845 849 887 amicus
889 843 1122 895 Ciceronis,
1158 843 1231 899 qui
1260 843 1422 898 primus
1452 842 1771 885 iurisconsultus
1801 842 1916 898 apud
1950 841 2038 885 Ve-

141 927 180 960 10
207 926 314 961 teres
338 919 561 977 [scripsit],
594 934 689 961 cum
710 918 815 960 illud
836 917 1020 960 officium
1041 924 1199 974 ageret,
1229 917 1400 959 fratrem
1422 932 1542 959 suum
1565 915 1810 959 Gracchum
1830 922 2039 958 oratorem

204 993 298 1049 ipse
328 1001 369 1035 ct
398 993 607 1035 rhetorem
638 993 812 1034 laudare
843 991 1054 1041 studebat3
1103 997 1248 1033 contra
1279 989 1501 1033 Gracchus
1531 990 1646 1032 omni
1685 989 1822 1032 studio
1866 991 2038 1032 fratrem

205 1082 327 1109 suum
357 1066 550 1109 Mucium
580 1066 793 1108 laudabat.
872 1065 991 1107 Dicit
1037 1080 1153 1122 ergo,
1200 1080 1274 1107 suo
1319 1072 1507 1121 tempore
1551 1065 1656 1107 duos
1700 1071 1845 1120 poetas
1874 1063 2036 1106 Romae

203 1141 331 1183 fuisse
362 1141 420 1182 ita
451 1155 495 1183 se
526 1147 727 1191 amantes,
758 1147 804 1182 ut
833 1155 940 1182 unus
970 1139 1138 1181 illorum
1169 1144 1277 1181 esset
1306 1139 1411 1181 alter
1441 1138 1561 1180 alteri
1583 1138 1703 1193 quasi
1727 1136 1956 1189 Gracchus,
1988 1152 2038 1179 ac

204 1229 281 1271 per
310 1215 390 1258 hoc
419 1216 560 1266 frater,
608 1222 649 1257 et
678 1214 783 1256 alter
813 1213 934 1256 alteri
980 1213 1101 1270 quasi
1129 1212 1300 1256 Mucius
1345 1213 1513 1255 adfectu
1555 1212 1707 1263 laudis,
1753 1219 1793 1254 et
1841 1226 1918 1268 per
1960 1212 2040 1254 hoc

140 1298 179 1329 15
205 1288 350 1331 frater.

319 1364 383 1404 91.
421 1363 611 1405 Carmina
644 1377 834 1420 compono.
894 1361 1012 1403 Dum
1043 1375 1136 1417 ego,
1168 1360 1318 1416 inquit,
1374 1374 1544 1402 carmen
1574 1359 1730 1402 bonum
1763 1373 1968 1415 conpono,
2000 1366 2040 1401 et

204 1436 274 1478 ille
306 1436 414 1479 alius
445 1436 649 1487 similiter,
683 1436 952 1478 aestimamus
981 1435 1143 1477 nullum
1183 1434 1313 1476 alium
1357 1441 1524 1490 poetam
1568 1433 1652 1476 nisi
1697 1447 1787 1484 nos,
1835 1440 1875 1475 et
1918 1433 2039 1488 quasi

203 1510 410 1552 theatrum
442 1517 691 1552 euacuatum
713 1516 774 1552 est
794 1509 930 1560 nobis,
962 1518 1008 1551 ut
1038 1509 1121 1551 sint
1141 1509 1262 1565 digni
1282 1508 1527 1551 recitatores
1548 1507 1590 1549 in
1613 1522 1674 1550 eo.
1733 1507 1857 1558 Nota,
1888 1507 2037 1563 inquit,

205 1585 319 1640 quod
349 1585 523 1640 superbi
553 1584 813 1635 incedamus,
844 1583 965 1639 quasi
995 1598 1080 1626 non
1111 1583 1246 1625 omnis
1277 1583 1403 1625 aedes
1433 1582 1569 1638 poetis
1599 1581 1726 1638 plena
1757 1581 1821 1624 sit.

137 1668 179 1700 20
318 1660 384 1700 93.
417 1667 564 1715 quanto
582 1660 793 1701 molinum.
852 1656 1056 1713 Adspice,
1090 1664 1244 1712 quanto
1266 1657 1482 1700 molimine
1503 1656 1766 1712 requiramus
1787 1657 1926 1699 locum
1947 1670 2038 1699 cer-

203 1732 319 1773 tandi
352 1733 613 1789 (recitandi),
645 1732 767 1787 quasi
796 1731 868 1773 uix
898 1730 1139 1773 inueniatur
1169 1731 1308 1783 aedes,
1339 1731 1384 1773 in
1415 1746 1491 1773 sua
1521 1746 1605 1773 non
1627 1730 1689 1772 illi
1710 1731 1899 1782 recitent,
1931 1744 2039 1785 quae

204 1805 286 1848 sint
318 1806 450 1863 digna
480 1806 634 1849 nostris
665 1805 940 1848 carminibus.

317 1882 383 1922 94.
414 1881 608 1923 Romanis
629 1881 800 1923 uatibus.
860 1879 912 1921 Id
943 1885 1022 1922 est:
1054 1893 1272 1936 negemus,
1303 1879 1347 1921 in
1378 1878 1535 1934 templo
1555 1877 1772 1935 Apollinis
1801 1878 1907 1921 ullos
1936 1892 2038 1934 poe-

204 1960 267 1996 tas
297 1954 453 1996 habere
485 1954 685 1996 carmina.

136 2038 177 2069 25
319 2029 384 2071 96.
421 2029 533 2079 Quid
560 2030 669 2083 ferat
699 2037 734 2070 et
769 2042 907 2085 quare.
968 2027 1080 2070 Nota
1109 2027 1232 2068 etiam
1264 2027 1357 2078 hoc,
1403 2026 1456 2069 ob
1488 2026 1600 2082 quod
1629 2026 1823 2069 meritum
1854 2025 2038 2068 inuicem

205 2102 379 2145 laudent
409 2110 447 2143 et
479 2101 632 2158 dignos
663 2101 830 2157 poetica
861 2116 1016 2143 corona
1046 2100 1246 2143 indicent.

318 2177 383 2219 98.
416 2176 539 2218 Lento
570 2176 766 2218 Samnites
798 2175 851 2217 ad
882 2175 1036 2217 lumina
1072 2176 1207 2232 prima
1253 2175 1395 2217 duello.
1471 2173 1630 2217 Sensus
1678 2174 1802 2231 [est]:
1847 2173 2038 2216 Inuicem

205 2250 340 2293 odiosi
372 2265 514 2292 sumus
544 2249 730 2292 sallendo
760 2263 837 2291 nos
868 2256 908 2290 et
937 2249 1050 2290 mala
1096 2248 1285 2290 carmina
1314 2248 1609 2304 praedicantes
1640 2254 1679 2290 et
1709 2248 1789 2290 hoc
1826 2247 1915 2290 sine
1953 2248 2036 2289 fine

202 2324 417 2375 facientes,
463 2330 509 2366 ut
537 2323 721 2366 Romani
753 2323 964 2379 quondam
1005 2330 1305 2379 pugnauerunt
1336 2337 1431 2365 cnm
1461 2321 1651 2365 hostibus
1673 2320 1936 2365 Samnitibus
1966 2336 2037 2363 us-

341 2526 375 2565 1)
401 2535 497 2564 purae
521 2530 587 2555 sunt
606 2525 664 2565 pl..
693 2527 720 2556 si
746 2524 827 2565 (sic)
853 2535 929 2564 pure
953 2526 1072 2565 legitur
1098 2526 1280 2566 hyronicos.
1317 2525 1500 2565 intelle9e7·e
1525 2525 1571 2554 ita
1596 2525 1626 2554 b.
1651 2524 1721 2554 rell.
1747 2533 1808 2555 om.
1836 2523 1878 2554 C:
1906 2523 2035 2554 ironice.

202 2582 283 2613 conf.
310 2582 428 2621 Porph.
480 2582 513 2621 2)
536 2583 661 2622 (ferulis,
689 2584 869 2621 sagmariis.
897 2584 1013 2622 geruli,
1040 2584 1095 2622 qui
1114 2582 1150 2613 C.
1176 2593 1212 2613 ea
1234 2591 1310 2622 quae
1335 2591 1453 2612 necess.
1479 2585 1547 2612 sant
1569 2582 1600 2612 b.
1627 2581 1697 2612 rell.
1722 2591 1784 2611 oni.
1810 2590 1845 2611 ea
1868 2590 1943 2620 quae
1959 2584 2035 2610 sunt.

201 2639 236 2678 4)
263 2640 327 2669 Hoc
353 2643 403 2670 est
429 2640 457 2669 b.
483 2640 554 2669 rell.
579 2639 617 2669 Id
641 2643 700 2670 est.
728 2656 768 2661 ——
795 2639 845 2669 Tu
869 2639 914 2669 fh.
940 2641 1009 2670 rell.
1035 2649 1094 2670 om.
1122 2640 1233 2670 alienis
1260 2641 1289 2670 2.
1354 2639 1388 2678 5)
1415 2642 1580 2670 contracta
1604 2649 1660 2677 pro
1697 2638 1823 2668 detritis
1859 2639 1890 2668 b.
1929 2641 2036 2668 cuncta
2082 2632 2090 2643 ἶ

194 2696 327 2734 proditis
351 2697 457 2726 vcafh.
483 2700 627 2727 contacta
651 2706 707 2735 pro
733 2696 854 2727 detritis
880 2696 904 2726 C
923 2700 953 2726 et
972 2697 1009 2734 Q,
1036 2698 1090 2736 qui
1116 2697 1194 2727 tritis
1218 2698 1326 2734 habet,
1354 2697 1480 2727 dicens:
1506 2700 1541 2726 ut
1565 2705 1622 2726 nos
1649 2694 1684 2725 C.
1711 2698 1858 2726 contacta
1882 2695 1904 2725 i.
1931 2695 2036 2725 diuul-

201 2756 276 2790 gata
300 2754 365 2782 iam
389 2753 498 2783 Ambr.
513 2770 555 2774 —
575 2753 652 2783 dicit
678 2763 725 2783 ca.
777 2752 812 2793 G)
837 2754 978 2783 maxime
1002 2754 1085 2783 cafh.
1112 2755 1182 2784 rell.
1208 2754 1364 2792 proxime.
1417 2754 1450 2792 7)
1476 2754 1517 2782 ad
1541 2752 1619 2783 hanc
1643 2753 1673 2782 b.
1692 2752 1809 2782 adhoc
1835 2751 1872 2787 Q.
1897 2752 1966 2781 rell.
1996 2751 2037 2780 ad

200 2809 286 2838 hacc.
336 2809 372 2848 8)
397 2811 520 2839 mucius
546 2810 641 2848 b,vQ.
668 2809 751 2840 conf.
778 2810 897 2848 Porph.
923 2813 955 2839 et
980 2809 1052 2839 Liu.
1077 2810 1120 2848 11,
1150 2812 1200 2841 12.
1230 2812 1277 2841 13.
1306 2809 1374 2841 Cic.
1400 2810 1489 2842 Verr.
1508 2810 1550 2848 ΙΙ,
1566 2811 1605 2839 21
1633 2813 1694 2840 etc.
1722 2810 1791 2839 rell.
1817 2809 1948 2838 Mutius.
1999 2807 2034 2847 9)

200 2869 271 2894 utra
296 2866 458 2896 consultus
483 2870 557 2905 aput
582 2867 612 2897 2.
680 2866 734 2905 10)
762 2870 873 2905 ageret
898 2866 963 2896 totis
986 2866 1102 2897 nisibus
1126 2868 1218 2898 fratr.
1244 2877 1292 2898 su.
1319 2866 1469 2906 grachum
1493 2867 1524 2896 b.
1592 2866 1647 2905 13)
1675 2876 1710 2896 ac
1734 2867 1764 2896 b.
1789 2866 1857 2896 rell.
1885 2868 1927 2895 et.
1977 2863 2034 2904 14)

201 2921 316 2951 effectu
340 2924 377 2959 (ξ.
403 2924 471 2953 rell.
497 2924 549 2953 aff.
576 2933 612 2954 ac
630 2923 666 2960 Q.
692 2923 762 2953 rell.
788 2927 829 2954 et.
881 2924 938 2963 16)
964 2923 1050 2954 Dum
1069 2942 1111 2946 —
1129 2925 1162 2954 in
1187 2935 1223 2956 eo
1249 2935 1310 2955 om.
1335 2925 1366 2962 b,
1393 2924 1448 2963 qui
1472 2927 1547 2962 post
1571 2923 1653 2952 Nota
1677 2940 1720 2944 —
1739 2922 1832 2961 plena
1856 2921 1896 2952 sit
1918 2921 2034 2951 habet:
2094 2951 2099 2958 .

201 2977 241 3007 αἶ,
268 2978 354 3008 Nota
379 2980 461 3016 quod
487 2981 624 3011 sollicite
649 2981 846 3020 requiramus
871 2981 923 3010 uel
947 2981 1060 3012 aedem
1083 2982 1213 3012 uatibus
1237 2991 1382 3012 uacuam.
1408 2981 1450 3012 αἶ.
1489 2982 1545 3011 sic.
1571 2980 1678 3018 aspice
1702 2983 1824 3019 quanto
1854 2982 1886 3009 et
1911 2988 1941 3018 q.
1967 2988 2034 3018 seq.

203 3034 260 3072 20)
288 3035 388 3064 locum
413 3036 551 3066 certandi
574 3038 629 3076 b‚v
655 3036 778 3076 (duello
795 3047 824 3067 u.
844 3037 911 3078 98).
938 3038 1008 3068 rell.
1034 3039 1054 3068 1.
1080 3038 1247 3070 recitandi.
1313 3039 1370 3078 21)
1395 3037 1483 3078 quasi
1505 3037 1636 3076 indigna
1661 3036 1743 3067 cafh.
1769 3037 1838 3067 rell.
1866 3044 1947 3075 quae
1971 3036 2035 3066 sint

201 3091 308 3130 digna.
360 3091 416 3130 27)
444 3097 491 3123 est
517 3103 577 3124 om.
604 3095 706 3131 b7vca.
758 3093 815 3135 29)
841 3095 991 3126 faciemus
1016 3104 1085 3128 vca.
1180 3105 1368 3136 pugnauere
1392 3096 1423 3126 b.
