2148 3412
854 140 902 172 IN
928 140 1064 173 SERM.
1090 141 1134 177 Π,
1161 146 1191 172 3.
1854 131 1933 171 231

784 266 1062 321 SATIRA
1104 266 1171 334 Π,
1213 267 1258 320 3.

928 382 1115 426 AGRON.

221 482 286 524 Sic
316 496 414 523 raro
436 483 596 524 scribes.
658 482 969 538 Damasippum
993 483 1202 537 quendam
1234 484 1396 525 inducit
1417 499 1558 526 secum
1581 485 1832 540 loquentem,
1866 485 1937 539 qui

112 563 354 610 consumpto
385 556 638 610 patrimonio
670 571 742 597 suo
777 555 871 612 [per
902 556 1130 613 luxuriam]
1172 557 1343 598 contulit
1383 572 1425 598 se
1464 559 1517 598 ad
1550 557 1736 600 Stoicam
1768 566 1936 600 sectam.

111 628 228 670 Dicit
258 629 383 669 etiam
414 629 465 669 de
496 629 574 678 his,
622 629 691 683 qui
724 629 861 670 aliena
892 636 1067 684 peccata
1097 636 1243 670 notant
1275 629 1395 671 obliti
1427 646 1608 672 suorum.
1684 632 1767 673 Iste
1800 640 1938 673 autem

111 701 398 756 Damasippus
420 703 602 756 quodam
627 701 828 744 Stertinio
847 700 989 744 Stoico
1011 702 1202 743 hortante
1226 703 1363 757 coepit
1384 703 1685 759 philosophari.
1709 707 1725 759 Η
1750 704 1935 761 [Alias]

110 787 262 815 1VN1VS
293 786 582 816 DAMASIPPVS
627 784 873 830 consumpto
905 775 1158 830 patrimonio
1189 776 1479 831 philosophari
1512 787 1728 832 coeperat3
1776 778 1828 819 ab
1861 778 1939 819 hoc

111 847 312 889 Horatius
344 848 547 889 desidiam
581 864 698 890 suam
731 849 931 904 castigari
961 849 1134 897 inducit,
1169 865 1261 890 cum
1294 849 1347 889 ad
1369 849 1514 890 uillam
1537 851 1772 892 secessisset
1805 858 1842 891 et
1874 851 1939 891 ni-

111 922 168 963 hil
199 921 410 963 scriberet.
469 922 592 964 Haec
623 938 724 977 ergo
756 923 884 964 satira
914 922 1042 964 habet
1071 923 1191 977 quasi
1220 923 1378 979 dialogi
1401 938 1545 978 genus.
1608 923 1734 964 Item
1766 924 1937 964 aliter:

112 993 249 1050 Saepe
280 994 483 1036 Horatius
530 995 794 1049 querebatur,
842 996 954 1050 quod
999 996 1183 1037 scribere
1228 996 1270 1036 in
1302 996 1405 1036 urbe
1438 996 1686 1037 constitutus
1717 1012 1800 1037 non
1832 1012 1939 1051 per-

112 1069 342 1110 mitteretur
372 1069 495 1109 modo
528 1069 747 1118 conuiuiis,
794 1069 918 1111 modo
950 1068 1129 1110 diuersis
1160 1069 1507 1128 occupationibus
1539 1070 1823 1125 praepeditus.
1882 1070 1939 1110 Et

111 1143 204 1184 ideo
235 1142 491 1197 conportatis
522 1142 761 1184 auctoribus
795 1141 973 1184 Graecis
1011 1142 1065 1183 ad
1110 1142 1254 1183 uillam
1300 1143 1482 1192 secessit,
1530 1143 1649 1196 quasi
1695 1151 1740 1184 ut
1785 1159 1941 1184 uacans

112 1215 271 1271 aliquid
301 1216 476 1271 dignum
508 1216 721 1257 scriberet.
796 1215 1005 1271 Arguitur
1044 1231 1146 1270 ergo
1178 1231 1202 1256 a
1233 1215 1500 1270 Damasippo
1546 1217 1664 1270 quasi
1712 1217 1940 1271 reprehen-

113 1289 232 1330 dente
277 1289 480 1331 desidiam
514 1288 696 1339 Horatii,
745 1289 816 1344 qui
858 1304 910 1330 ne
941 1289 985 1329 in
1015 1288 1117 1329 uilla
1149 1288 1318 1343 quidem
1352 1289 1598 1330 constitutus
1630 1289 1792 1344 aliquid
1822 1289 1940 1330 labo·
1991 1320 1996 1327 .

113 1362 278 1403 rauerit.

225 1438 261 1476 1.
294 1436 361 1477 Sic
392 1450 487 1477 raro
517 1437 676 1478 scribes.
738 1434 912 1477 Scilicet
941 1437 984 1476 εἰ.

225 1511 260 1550 2.
321 1511 601 1552 Membranam
624 1524 783 1566 poscas.
844 1509 1082 1551 Membrana
1114 1508 1226 1549 dicta
1260 1507 1362 1564 [eo],
1396 1508 1508 1561 quod
1540 1509 1730 1550 membra
1762 1516 1888 1565 tegat.

223 1585 472 1640 scriptorum.
536 1581 708 1624 Scilicet
741 1598 764 1623 a
795 1589 847 1623 te.

223 1665 419 1698 relexens.
493 1656 715 1706 Recolens,
761 1655 1089 1710 reprehendens,
1135 1654 1336 1704 reuisenS,
1386 1655 1616 1710 corrigens,
1666 1655 1858 1711 relegens
1905 1663 1976 1696 et·

114 1730 352 1780 emendans,
397 1745 512 1772 more
544 1730 816 1786 cogitantum,
864 1728 935 1784 qui
966 1728 1140 1782 antiqua
1171 1727 1283 1768 dicta
1314 1727 1357 1767 in
1389 1728 1473 1769 suis
1506 1728 1831 1784 cogitationibus
1868 1744 1943 1784 po-

113 1810 226 1844 nunt.

224 1953 384 1983 ACRON.
431 1953 647 1991 Inscriptione
673 1956 759 1982 caret
781 1962 809 1994 γ,
837 1956 870 1980 ut
889 1951 1000 1980 Ambr.
1026 1944 1282 1979 DAMASIPPV
1306 1945 1533 1981 INTRODVC·
1560 1947 1824 1981 TRACTANTE
1850 1952 1943 1982 Bai-e.

114 2009 205 2040 Fran.
231 2011 256 2040 P
281 2012 391 2040 addit:
430 2009 575 2040 SECVM
598 2008 827 2039 HORACIVS.
856 2008 904 2037 H:
933 2006 1075 2037 SECVM
1100 2001 1169 2036 EG.
1195 2007 1251 2036 III.
1280 2026 1315 2027 W
1347 2007 1370 2035 F
1398 2013 1427 2036 et
1454 2018 1543 2045 recc.‚
1571 2012 1606 2037 ut
1633 2009 1734 2037 chart.
1763 2009 1867 2037 6102:
1894 2009 1945 2038 In-

115 2068 255 2097 troducit
281 2068 505 2105 damasippum
532 2071 719 2105 arguentem
746 2076 778 2095 se
805 2066 958 2095 desidiae.
987 2066 1108 2103 egloga.
1135 2064 1167 2093 I:
1205 2063 1308 2092 Verba
1334 2064 1514 2102 damasippi
1548 2065 1708 2094 horatium
1747 2066 1945 2102 increpantis

116 2133 178 2162 pro*
196 2125 333 2154 desidia.
362 2125 423 2162 egl.
448 2123 547 2152 XIIP.
573 2123 611 2152 J:
650 2123 776 2161 Egloga
804 2122 866 2151 IIII
905 2122 978 2160 (sed
1002 2121 1031 2150 II
1058 2120 1305 2158 antecesserat).
1344 2120 1536 2150 EGLOGA.
1564 2121 1620 2150 III.
1659 2121 1740 2164 EBap
1778 2121 1871 2151 Bern.
1911 2121 1944 2150 C.

117 2180 241 2220 Egloga
265 2183 362 2211 tertia
389 2181 425 2210 O.
453 2181 561 2211 Sermo
587 2180 644 2209 III.
668 2179 700 2209 S.
728 2178 837 2208 Germ.
1149 2181 1155 2183 ”

251 2237 285 2277 5)
310 2242 424 2276 sumpto
449 2238 547 2267 tacite
572 2237 685 2265 inculc.
715 2235 742 2270 Q
768 2244 824 2272 pro
850 2235 924 2264 lect.
950 2234 1040 2272 uulg.
1066 2239 1261 2271 consumpto.
1290 2243 1346 2263 suo
1370 2243 1431 2275 γ,ν.
1458 2234 1527 2271 rell.
1555 2243 1614 2262 om.
1647 2243 1702 2271 per
1739 2234 1807 2262 lux.
1845 2243 1905 2263 om.
1930 2243 1946 2272 γ

116 2294 184 2324 h.1.
204 2295 259 2324 sed
284 2295 385 2333 prima
411 2303 524 2324 manus
551 2298 622 2331 post
650 2298 830 2322 extremum
855 2292 950 2321 huius
977 2292 1172 2321 scholiorum
1197 2291 1371 2328 farraginis
1397 2291 1543 2319 addidit:
1570 2290 1697 2318 Inducit
1724 2291 1870 2319 horatius
1899 2300 1946 2318 se-

117 2361 184 2381 cum
210 2352 393 2390 loquentem
419 2351 642 2388 damasippum
668 2349 828 2387 quendam
855 2349 908 2386 qui
935 2348 1064 2385 perdito
1084 2357 1143 2386 peo-
1168 2347 1322 2376 lurni-iam
1354 2347 1548 2385 patrimonio
1574 2347 1678 2383 eoepit
1713 2347 1946 2383 philosophari.

118 2412 280 2438 consumto
291 2417 350 2446 per
366 2411 528 2437 mercatum
545 2407 738 2445 patrimonio
755 2405 788 2435 C.
830 2404 860 2444 †)
880 2404 1009 2434 Scholia
1026 2405 1067 2433 ad
1084 2414 1115 2433 u.
1137 2406 1149 2433 1
1172 2414 1213 2432 ex
1230 2404 1299 2433 eod.
1317 2411 1557 2433 SANGALLENSI
1576 2412 1626 2440 ap.
1649 2401 1813 2440 Suringar.
1833 2412 1862 2439 p.
1885 2404 1944 2431 161

117 2473 179 2495 non
208 2470 281 2495 sunt
313 2468 452 2494 uetusta.
482 2463 565 2494 conf.
584 2463 637 2505 Rq>
655 2463 694 2492 ad
712 2463 828 2500 Porph.
880 2463 912 2499 7)
930 2461 1040 2490 *stoico
1066 2470 1154 2498 coep.
1181 2461 1258 2498 phil.
1283 2460 1417 2490 hortante
1442 2469 1471 2495 v,
1498 2460 1552 2497 qui
1578 2469 1637 2489 om.
1667 2458 1767 2487 samius
1783 2475 1826 2480 —
1850 2458 1948 2496 reficis

118 2523 234 2561 pergit,
262 2526 297 2551 ut
321 2531 349 2559 a,
377 2531 447 2551 cum
473 2521 573 2550 schol.
601 2520 641 2548 ad
666 2530 695 2548 u.
724 2520 760 2548 3:
787 2519 989 2557 hyperbaton
1015 2528 1033 2547 a
1059 2518 1290 2556 superioribus.
1318 2534 1357 2536 ψῃ
1383 2516 1474 2545 Alias
1493 2525 1554 2547 om.
1583 2525 1599 2556 ‘a'
1662 2515 1716 2552 10)
1744 2514 1825 2543 Item
1852 2515 1948 2543 aliter

119 2587 144 2619 γ.
170 2579 239 2607 rell.
265 2578 368 2607 Alias.
422 2578 475 2616 12)
501 2575 693 2615 confortatus
717 2585 744 2617 γ,
771 2575 906 2604 uerbum
931 2574 1088 2603 usitatum
1114 2584 1131 2603 a
1156 2574 1328 2603 Lactantio
1354 2572 1406 2607 IV,
1431 2573 1467 2600 15
1489 2576 1519 2600 et
1538 2572 1577 2599 ab
1596 2571 1734 2599 Aemilio
1751 2569 1831 2601 Mae,
1851 2580 1946 2599 carm.

123 2635 160 2663 71
187 2635 225 2663 de
262 2634 436 2663 stomacho.
505 2632 559 2671 13)
586 2632 706 2670 aliquid
732 2640 847 2660 uaccms
871 2640 888 2671 γ
912 2631 934 2660 i.
963 2640 989 2659 e.
1017 2640 1093 2659 cura
1120 2635 1151 2660 et
1174 2630 1316 2668 negotiis
1355 2628 1422 2657 Cic.
1451 2628 1526 2665 Leg.
1554 2627 1579 2656 Ι.
1607 2628 1636 2655 3.
1675 2625 1756 2655 conf.
1785 2625 1850 2654 Cic.
1876 2626 1946 2656 Att.

120 2689 190 2727 XII,
217 2691 275 2720 38:
303 2691 423 2719 scribes
449 2690 581 2727 aliquid,
607 2690 635 2718 si
661 2689 800 2718 uacabis.
829 2687 926 2717 Ouid.
953 2687 995 2715 M.
1022 2686 1076 2724 IX,
1104 2688 1186 2716 611:
1223 2687 1348 2715 animus
1385 2694 1443 2713 uae
1466 2693 1513 2713 ns.
1552 2683 1622 2711 rell.
1663 2692 1775 2710 uacuus
1812 2683 1947 2720 aliquid.

112 2755 233 2778 uacans
269 2748 375 2776 animo
412 2746 478 2776 Cic.
514 2746 590 2775 Diu.
616 2745 642 2782 I,
670 2747 698 2774 6.
736 2753 849 2773 uacuus
885 2744 990 2773 animo
1029 2743 1106 2773 Sall.
1132 2743 1202 2780 Iug.
1231 2744 1282 2772 52.
1309 2751 1430 2770 uacuus
1455 2741 1577 2769 animus
1604 2738 1669 2768 Cic.
1697 2739 1764 2768 Att.
1791 2739 1864 2776 XII,
1893 2741 1946 2768 38.

126 2800 179 2841 17)
205 2803 239 2832 δι’
262 2813 332 2832 raro
358 2803 504 2831 nonnulli
531 2797 614 2831 uett'.
638 2801 729 2830 codd.
756 2801 877 2829 habent
903 2804 958 2830 aut
984 2810 1055 2829 eum
1080 2800 1209 2835 rasuris,
1241 2802 1276 2828 ut
1296 2792 1366 2838 si}
1388 2798 1412 2825 Β
1429 2801 1457 2826 et
1474 2806 1508 2839 φ,
1536 2798 1648 2833 inquo
1673 2799 1741 2824 tuta
1767 2805 1831 2824 uox
1859 2805 1948 2824 erasa

123 2863 215 2896 atque
240 2869 258 2888 a
282 2869 364 2888 man.
390 2869 451 2888 rec.
478 2859 632 2888 restituta
658 2862 717 2895 est,
744 2862 798 2886 aut
825 2867 920 2895 expu.
948 2867 974 2893 e,
1012 2861 1048 2886 ut
1072 2857 1104 2885 in
1132 2856 1227 2884 Bern.
1254 2856 1294 2884 D.
1335 2854 1388 2883 Sic
1414 2863 1483 2883 raro
1510 2852 1620 2882 scribes
1646 2862 1661 2893 γ
1686 2852 1794 2880 Ambr.
1823 2861 1846 2881 s.
1873 2852 1899 2880 si
1922 2862 1947 2892 γ.

124 2915 195 2944 inde
222 2917 283 2945 i-zta
307 2917 401 2945 lectio
427 2915 532 2949 (Harl.
559 2925 575 2957 γ
602 2916 687 2944 2724
715 2923 795 2943 saec.
822 2912 914 2952 XIII)
940 2917 1010 2942 orta
1034 2913 1173 2942 uidetur.
1200 2911 1360 2941 Vanderb,
1390 2911 1420 2938 in
1447 2914 1602 2946 apparatu
1629 2919 1684 2937 suo
1710 2918 1874 2946 perperam
1901 2918 1948 2936 re-

124 2971 198 3000 fert:
233 2974 259 3013 Ὗ
284 2972 346 3001 Sic.
374 2981 439 3001 uar.
465 2972 511 3000 si!
538 2972 634 3009 Vulg.
662 2972 736 3000 lect.
761 2979 841 2999 omn.
869 2969 934 2999 fere
960 2970 1050 2998 codd.
1078 2972 1109 2997 et
1142 2969 1212 2997 edd.
1241 2967 1291 2996 Sic
1316 2977 1339 2995 r.
1368 2966 1483 2995 scribis.
1511 2965 1597 2994 Pith.
1624 2966 1664 2994 ad
1682 2965 1766 2993 Med.
1794 2966 1853 2994 74:
1882 2965 1948 2994 utel.

125 3027 247 3065 scribes,
285 3032 316 3057 et
353 3032 449 3065 recte,
479 3038 551 3057 nam
589 3026 698 3057 scribis
723 3027 820 3056 habet
845 3027 902 3055 ult.
928 3026 1078 3055 breuem)
1146 3026 1201 3062 18)
1228 3033 1264 3052 eo
1291 3033 1349 3051 om.
1376 3032 1403 3063 γ.
1472 3022 1527 3059 19)
1551 3022 1738 3059 scriptorum.
1772 3031 1797 3050 s.
1823 3030 1841 3049 a
1868 3026 1898 3049 te
1923 3030 1948 3061 γ.

125 3082 192 3112 rell.
219 3093 276 3112 om.
340 3084 397 3122 20)
422 3094 439 3126 γ
464 3084 578 3122 incipit
605 3093 693 3112 cum:
725 3092 811 3112 more
837 3100 873 3104 ff
902 3086 1026 3120 ponunt
1052 3086 1083 3111 et
1108 3082 1230 3119 pergit:
1258 3080 1399 3109 recolem
1471 3079 1658 3107 emendans.
1730 3079 1894 3115 corrigens
1923 3087 1949 3118 γ.

126 3138 193 3168 rell.
219 3150 277 3169 om.
303 3144 329 3170 et
352 3150 368 3181 γ
386 3141 456 3170 rell.
483 3150 527 3170 ae.
579 3141 635 3179 21)
663 3139 842 3178 cogfl'tantzcm
868 3149 893 3181 γ.
919 3139 988 3168 rell.
1014 3137 1241 3176 coo-'m'yentimn

1967 933 2007 964 10
