2148 3412
772 114 821 147 IN
846 114 991 147 EPIST.
1018 114 1061 152 11,
1090 117 1117 145 2.
1777 101 1857 142 559

143 239 211 281 45.
242 240 369 294 Atque
399 240 504 280 iuter·
534 239 660 279 siluas
691 239 882 280 Academi
915 251 1106 294 quaerere
1149 252 1303 281 uerum.
1383 237 1500 278 Bene
1546 237 1746 286 Academi,
1793 235 1860 277 uel

33 312 131 368 quia
161 318 307 354 contra
337 325 504 353 omnem
536 317 691 353 sectam
722 310 971 353 Academici
1002 311 1230 367 disputant,
1275 312 1347 366 qui
1388 312 1544 362 dicunt,
1576 311 1706 352 latere
1736 309 1860 351 ueri-

33 392 173 435 tatem,
204 391 243 427 et
273 384 368 427 ideo
399 399 565 440 semper
596 399 685 427 esse
716 385 1013 440 quaerendam.

144 461 212 501 47.
249 459 466 516 Cz'uz'lz‘sque
502 459 645 501 rudem.
682 459 783 501 belli.
861 458 1104 507 Excusafio,
1150 459 1262 514 quod
1309 464 1453 501 contra
1497 457 1739 514 Augustum
1784 472 1861 513 pro

32 533 164 576 Bruto
194 533 393 575 militauit
404 548 414 582 3
446 540 486 574 et
518 532 622 574 bene
655 541 801 583 aestus,
833 547 917 574 non
947 532 1153 575 uoluntas.

144 608 212 650 48.
243 622 324 649 uon
354 621 603 663 responsura
635 607 811 649 lacertis.
870 606 1055 661 luparia.
1086 605 1209 648 Bruti
1240 613 1376 648 autem
1408 621 1526 648 arma
1555 605 1776 662 significat.

147 682 214 723 49.
245 695 305 722 me
335 680 518 723 dimisere
548 681 740 737 Philippi.
801 679 1048 722 Thessaliae
1079 680 1231 735 campi,
1262 680 1337 721 ubi
1367 680 1502 722 uictus
1534 686 1596 721 est
1624 679 1795 720 Brutus.

145 756 212 798 50.
243 755 395 796 Dect’sz's
415 754 605 796 hunu'lem
618 755 770 811 pinnis.
831 752 970 809 Saepe
1001 754 1080 796 hac
1109 754 1382 796 translatione
1411 753 1541 795 utitur
1571 752 1787 801 Horatius,
1819 763 1864 794 ut

35 827 110 885 (E²
137 827 172 879 I,
204 828 271 870 20.
303 828 398 883 21):
444 828 623 872 Maiores
645 829 797 884 pinuae
837 829 943 870 nido.
1025 826 1249 884 Significat
1292 833 1443 878 autem,
1492 841 1535 869 se
1580 827 1863 882 proscriptum

33 902 172 946 fuisse.

150 976 215 1020 51.
239 975 304 1018 52.
332 983 555 1033 paupertas
576 976 725 1032 inpulit
742 976 883 1018 auclaoe
898 982 938 1017 et
955 982 1131 1018 caetera.
1188 973 1404 1025 Carmina,
1426 973 1575 1030 inquit,
1598 987 1704 1028 quae
1726 988 1777 1015 ex
1797 988 1864 1015 me

36 1050 209 1107 expetis,
240 1049 380 1100 Flore,
412 1065 642 1105 numquam
674 1049 915 1100 scriberem,
947 1050 1029 1092 nisi
1061 1056 1247 1107 egestate
1279 1048 1505 1104 conpulsus
1536 1063 1682 1090 essem.
1740 1046 1865 1089 Nunc

35 1125 188 1180 itaque,
218 1137 441 1180 postquam
471 1124 619 1175 habeo,
666 1124 779 1180 quod
808 1124 912 1165 mihi
951 1124 1051 1166 satis
1096 1124 1161 1174 sit,
1207 1124 1242 1165 si
1285 1139 1370 1166 non
1415 1137 1628 1180 praepono
1674 1136 1865 1164 somnum

35 1198 242 1249 uersibus,
274 1198 452 1249 insanio,
486 1205 526 1239 et
554 1198 669 1240 nullo
700 1197 885 1240 elleboro
917 1198 1055 1240 curari
1086 1213 1270 1254 possum.

151 1273 216 1315 53.
252 1275 366 1325 Quae
389 1280 582 1330 poterunt
612 1287 803 1329 umquam
833 1275 930 1315 satis
953 1287 1185 1329 expurqare
1203 1274 1366 1314 cicutae.
1428 1270 1555 1324 Quod
1586 1271 1768 1319 tandem,
1800 1269 1864 1311 in-

38 1346 139 1403 quit,
170 1346 400 1389 elleborum
432 1347 532 1389 satis
563 1347 654 1398 erit,
686 1354 732 1388 ut
761 1353 967 1403 expurget
998 1347 1207 1388 insaniam
1229 1346 1391 1401 simque
1413 1345 1497 1387 iam
1519 1345 1670 1387 sanus?
1750 1345 1866 1386 Cicu-

0 1468 1 1472 ,
31 1429 117 1464 ‘tam
148 1426 286 1463 autem
316 1435 394 1477 pro
426 1420 610 1463 elleboro
640 1420 792 1479 posuit.

149 1496 214 1537 55.
246 1495 303 1538 Na·
328 1495 470 1537 melius
503 1496 690 1537 dormire.
757 1494 930 1551 Legunt
961 1495 1114 1545 melius,
1158 1494 1231 1537 sed
1262 1493 1476 1536 inuersum
1521 1500 1596 1544 est,
1641 1491 1754 1547 quod
1784 1506 1868 1533 non

39 1568 158 1620 desit,
191 1568 303 1624 quod
334 1568 434 1611 satis
465 1568 530 1610 sit.
590 1569 646 1611 πί.
683 1568 787 1610 Pro:
821 1569 855 1611 si
887 1583 984 1611 non.

152 1643 217 1685 55.
249 1643 420 1698 Sz'uqula
451 1643 498 1684 de
528 1643 639 1685 nobis
670 1648 770 1686 anni
794 1643 1049 1700 praedantur
1080 1651 1225 1685 euntes.
1315 1643 1508 1698 Vei'yz'lz'us
1555 1640 1625 1697 (B.
1656 1640 1739 1691 IX,
1773 1642 1866 1697 51):

43 1718 187 1760 Omma
212 1718 294 1771 fert
319 1724 428 1758 aetas
461 1718 638 1759 amimam
669 1731 832 1774 quoque.
899 1716 957 1758 Et
987 1724 1047 1759 est
1077 1716 1161 1758 alia
1193 1731 1318 1758 causa
1348 1715 1630 1758 excusationis
1660 1715 1704 1756 in
1735 1720 1870 1757 aetate

42 1805 115 1833 cur
144 1790 230 1832 iam
259 1805 344 1833 non
376 1790 546 1833 scribat.

154 1865 218 1907 57.
253 1867 318 1908 58.
349 1866 444 1922 quid
470 1866 621 1920 faciam
650 1866 741 1908 uis?
770 1866 963 1922 Denique.
1038 1864 1163 1907 Nunc
1207 1864 1343 1906 deest:
1390 1864 1471 1907 nisi
1516 1870 1559 1906 ut
1605 1863 1870 1906 conscribam

44 1945 250 1994 poemata.

155 2014 220 2056 58.
256 2014 431 2070 Denique
462 2028 543 2056 nou
583 2028 716 2056 omnes
755 2015 890 2056 eadem
925 2016 1130 2055 mirantur
1167 2021 1391 2070 amantque.
1467 2011 1570 2054 Alia
1615 2027 1741 2054 causa
1788 2027 1872 2054 non
1923 2024 1933 2030 ⁷

43 2086 268 2139 scribendi,
300 2088 412 2143 quia,
436 2088 538 2144 quid
559 2087 742 2130 scribam
762 2087 1041 2144 potissimum,
1072 2087 1229 2138 nescio,
1262 2093 1487 2143 propterea
1519 2087 1632 2142 quod
1653 2102 1738 2134 non
1758 2086 1871 2128 idem

44 2161 237 2204 omnibus
266 2162 418 2217 placet.

157 2236 223 2278 60.
254 2236 331 2278 Ille
354 2237 523 2278 Bioneis.
600 2237 703 2279 Bion
723 2235 1023 2292 Aristophanis
1055 2235 1206 2278 comici
1226 2241 1348 2291 pater
1368 2235 1522 2278 dicitur
1542 2235 1670 2278 fuisse
1691 2249 1871 2291 magnae

183 2454 216 2494 1)
242 2454 350 2485 achad.
378 2454 438 2486 2G.
466 2472 505 2474 —
531 2454 625 2484 Acad.
654 2453 735 2489 Quia
761 2458 843 2485 cont.
869 2455 917 2485 sh.
944 2454 1112 2493 Academi,
1139 2455 1214 2493 quia
1238 2458 1322 2486 cont.
1348 2464 1399 2484 va.
1463 2455 1498 2494 2)
1525 2463 1646 2485 omnem
1671 2455 1700 2484 2.
1727 2454 1815 2484 omni
1838 2454 1873 2484 R.

47 2513 183 2543 omnium
206 2511 405 2550 MG‚vath.
432 2512 643 2551 quaerendam
667 2512 729 2541 Aa.
755 2513 824 2542 rell.
852 2512 1072 2551 quaerendum.
1100 2511 1181 2542 conf.
1195 2511 1264 2554 Βφε
1290 2511 1358 2542 siba.
1386 2511 1478 2541 acad.
1505 2511 1683 2541 Academia
1707 2511 1788 2541 uilla
1813 2512 1875 2541 fuit

46 2569 192 2600 Platonis
217 2579 236 2599 a
260 2579 323 2609 qua
346 2573 452 2600 sectae
477 2570 564 2599 illius
591 2569 758 2599 studentes
783 2569 982 2599 achademici
1005 2573 1159 2599 uocantur
1183 2573 1215 2599 et
1241 2569 1309 2607 ipse
1327 2567 1550 2599 achademicus
1567 2572 1700 2598 uocatus
1719 2572 1768 2598 est
1785 2569 1875 2598 cuius

48 2626 227 2657 doctrinam
250 2627 397 2657 horatius
422 2627 627 2665 inuestigans
653 2627 744 2665 quasi
770 2627 854 2656 inter
879 2627 978 2656 siluas
1002 2635 1113 2656 uerum
1139 2627 1291 2665 quesiuit.
1318 2625 1413 2656 uirtus
1439 2625 1521 2655 euim
1548 2634 1673 2664 semper
1698 2626 1789 2655 latet.
1839 2625 1874 2663 4)

49 2684 265 2723 quaerendum
288 2683 366 2713 nihil
387 2693 441 2723 que
464 2683 536 2713 bello
560 2684 637 2713 con—it
660 2707 666 2713 .
695 2706 700 2712 .
720 2684 888 2713 excusatio
913 2683 947 2712 Μ
971 2682 1062 2723 (sic).
1089 2692 1194 2721 quaer.
1220 2683 1365 2722 nihilque
1390 2682 1475 2712 bello
1501 2686 1605 2712 eontra
1629 2682 1656 2711 R
1680 2681 1757 2721 (sic)
1783 2691 1876 2712 causa

50 2741 131 2780 quod
156 2745 265 2772 contra
287 2741 326 2771 R.
352 2741 422 2770 rell.
447 2741 509 2770 eiu.
537 2741 607 2770 rud.
632 2741 720 2770 belli.
747 2740 937 2770 Excusatio.
989 2740 1024 2780 6)
1048 2749 1107 2769 uon
1130 2749 1303 2778 responszmz
1318 2739 1395 2780 (sic)
1412 2740 1431 2769 l.
1457 2738 1528 2769 MR.
1554 2739 1683 2769 Lemma
1709 2739 1742 2768 in
1767 2739 1819 2768 fh:
1842 2739 1877 2767 In

49 2797 151 2838 arma]
178 2797 345 2837 Imperium
370 2798 477 2835 Bruti,
495 2807 555 2836 per
580 2807 667 2827 arma
692 2798 776 2835 sign.
801 2807 858 2827 va:
884 2806 947 2826 non
972 2800 1164 2835 responsura
1188 2797 1247 2826 lac.
1273 2796 1408 2835 Imperia
1434 2799 1542 2826 autem
1567 2796 1661 2825 Bruti
1694 2804 1753 2835 per·
1789 2804 1877 2825 arma

50 2855 134 2894 sign.
159 2856 287 2894 Inparia
310 2855 354 2884 M.
391 2855 461 2884 rell.
500 2855 641 2893 imparia.
707 2854 741 2894 7)
768 2853 862 2884 medii
892 2854 1039 2883 miserere
1051 2854 1160 2893 filippi
1184 2854 1222 2883 P..
1287 2854 1322 2892 9)
1349 2852 1462 2891 pinnas
1489 2853 1578 2882 nidos
1601 2853 1661 2891 sig.
1687 2852 1781 2882 MR2.
1808 2852 1875 2891 Sig.

50 2915 155 2950 autem,
181 2922 241 2943 om.
267 2922 311 2950 se,
338 2921 455 2950 proscr.
481 2910 605 2941 MR2G.
631 2910 700 2950 sig.
727 2911 814 2941 etiam
838 2920 868 2941 se
891 2911 979 2941 vafh.
1032 2911 1087 2951 11)
1115 2914 1146 2941 et
1172 2915 1277 2941 cetera
1294 2910 1400 2949 M(Q).
1426 2910 1496 2939 rell.
1523 2919 1583 2939 om.
1609 2909 1725 2947 inpulit
1743 2928 1785 2930 ——
1804 2919 1876 2940 con-

51 2969 160 3008 pulsus
172 2969 214 2998 M.
266 2968 322 3009 13)
347 2979 434 3008 prep.
459 2968 554 2998 MR2.
581 2977 719 3007 propono
745 2967 783 2998 G.
835 2968 891 3006 14)
918 2968 1055 2998 elleboro
1068 2967 1112 3005 M,
1140 2968 1294 2998 inferius:
1322 2966 1435 3005 inquid
1460 2966 1664 2996 helleborum.
1718 2967 1772 3005 17)
1800 2967 1876 2996 hell.

51 3025 173 3064 ponitur
195 3026 232 3056 R.
283 3026 339 3065 19)
366 3026 451 3065 quod
473 3035 533 3055 uon
557 3026 637 3055 satis
663 3026 706 3055 sit
732 3026 761 3054 2.
782 3026 945 3063 —posuit
970 3035 1027 3064 pro
1051 3025 1224 3055 helleboro.
1242 3023 1300 3063 Ni]
1328 3023 1390 3053 Pro
1415 3023 1441 3052 si
1467 3032 1541 3053 non.
1567 3022 1692 3062 Melius]
1721 3024 1766 3052 fh.
1818 3022 1876 3062 22)

12 3083 13 3087 ’
52 3083 160 3113 scribit
179 3083 266 3113 vafh.
333 3083 389 3123 23)
415 3082 549 3122 Denique
575 3091 635 3112 om.
662 3082 748 3112 vafh.
776 3100 818 3104 ——n
844 3082 936 3113 deest
961 3082 1040 3112 mihi
1078 3085 1166 3112 aetas
1201 3084 1237 3111 ut
1273 3081 1319 3109 fh.
1384 3079 1441 3119 28)
1467 3080 1590 3110 aristof.
1617 3079 1660 3109 M.
1688 3098 1728 3101 —
1756 3080 1799 3109 fu.
1828 3080 1876 3109 di-

6 3147 7 3150 *
53 3139 136 3169 citur
161 3140 190 3169 2.

1891 910 1928 942 10

1895 1280 1932 1311 15
