2148 3412
803 151 851 183 IN
877 150 1013 184 SERM.
1038 151 1064 189 1,
1094 155 1144 184 10.
1807 137 1886 178 169

173 279 236 319 11.
268 277 322 318 Et
349 290 528 318 sermone
558 290 658 332 opus
689 284 745 316 est
781 275 898 316 modo
930 275 1046 323 tristi,
1093 289 1208 329 saepe
1237 274 1382 315 iocoso.
1456 272 1507 314 Id
1552 278 1631 313 est:
1678 285 1783 326 opus
1827 279 1890 312 est

61 364 247 395 sermone
280 348 358 406 [et]
391 349 442 399 ei,
489 348 559 403 qui
592 347 755 404 [modo]
789 348 902 389 iocos
934 346 1048 396 dicit,
1095 345 1219 387 modo
1250 345 1499 387 defendente
1530 345 1666 386 uicem
1697 344 1886 394 oratoris,

60 424 182 467 modo
211 430 372 478 poetae,
404 422 528 464 modo
558 421 710 462 urbani
742 420 929 476 parentis
959 419 1122 461 uiribus
1153 419 1250 460 suis.
1308 418 1418 460 Nam
1465 433 1559 460 cum
1605 417 1771 459 inducis
1814 416 1887 458 lo—

61 503 252 552 quentem
281 494 496 544 rusticum,
527 510 611 536 non
643 493 771 535 debes
802 493 917 548 loqui
948 507 1025 548 pro
1046 492 1219 549 ingenio
1240 498 1324 541 tuo,
1357 491 1430 533 sed
1452 506 1528 546 pro
1550 491 1722 547 ingenio
1744 489 1889 532 rustici

63 569 152 627 [qui
181 575 341 610 tantum
372 575 572 623 quantum
604 575 753 623 poetae
785 566 879 623 est].

170 643 233 684 13.
267 642 472 683 Interdum
495 642 647 682 urbani
656 642 867 696 parcentis
888 640 1055 681 uiribus.
1116 639 1166 680 Id
1203 646 1276 688 est,
1314 638 1412 688 suis,
1448 646 1649 692 quantum
1687 644 1887 692 quantum

58 722 180 773 poeta
209 722 282 757 est.
340 714 558 755 Interdum
589 713 741 755 urbani
780 712 962 754 hominis
1003 726 1195 754 sermone
1235 726 1341 767 opus
1378 721 1452 760 est,
1484 711 1568 765 qui,
1600 718 1645 751 ut
1685 710 1889 751 delicatus

58 789 260 838 uideatur,
292 787 429 829 minus
461 802 503 828 se
536 787 715 829 ostendit
746 787 899 836 facere,
933 801 1059 841 quam
1090 785 1223 840 possit
1245 784 1336 841 [sed
1359 799 1442 826 non
1465 784 1556 841 qui]
1582 783 1685 824 etin
1708 783 1887 825 dicendo

56 862 215 905 uiribus
249 872 408 916 parcat,
449 861 523 903 sed
556 861 627 915 qui
658 860 815 915 alioqui
847 859 941 901 aliis
972 859 1084 900 uires
1115 858 1296 899 maiores
1330 857 1551 914 [minores]
1586 856 1853 898 demonstret.
1872 856 1887 912 Η

59 935 194 991 Saepe
215 934 400 976 urbanus
421 934 576 976 rustico
601 933 884 991 [col]loquens
906 948 1000 974 cum
1021 931 1151 973 multo
1172 931 1292 986 plura
1314 931 1458 986 possit,
1501 929 1637 984 parcit
1658 929 1886 971 uiribus-in

57 1008 276 1063 loquendo,
308 1014 347 1049 et
377 1007 565 1049 consulto
586 1007 612 1048 i.
636 1022 670 1048 e.
693 1014 841 1062 sponte
864 1014 903 1048 et
923 1005 1230 1062 dispensatorie
1261 1011 1458 1046 extenuat
1487 1003 1600 1045 uires
1622 1018 1728 1053 suas,
1765 1003 1886 1058 quasi

57 1096 139 1124 non
169 1080 378 1136 copiosius
410 1095 503 1122 cum
535 1095 584 1122 eo
614 1095 742 1136 agere
772 1080 921 1121 ualeat.
943 1082 960 1135 Η

168 1156 233 1196 11.
263 1155 379 1197 modo
410 1156 520 1196 tristi.
580 1154 631 1195 Id
662 1161 742 1196 est:
788 1169 872 1196 non
903 1153 1028 1195 debet
1058 1153 1141 1202 ille,
1188 1153 1259 1208 qui
1291 1152 1421 1194 risum
1452 1158 1605 1202 mouet,
1651 1151 1693 1192 in
1739 1151 1886 1193 eodem

59 1227 229 1271 uersari.

168 1303 231 1343 14.
266 1302 330 1342 15.
361 1301 594 1342 Ridiculum
624 1303 717 1342 am·
745 1302 915 1342 Fortius.
987 1300 1243 1343 Ridiculum.
1289 1299 1562 1342 Nominatiuo
1594 1314 1704 1341 casu.
1763 1298 1887 1340 Iocus

57 1389 180 1430 saepe
210 1374 304 1430 plus
334 1382 473 1416 mouet
509 1374 722 1416 hominem
745 1389 870 1429 quam
893 1388 959 1415 res
981 1374 1103 1416 acris.
1164 1376 1261 1415 aeri.
1292 1373 1444 1415 Docto.
1505 1382 1540 1415 et
1560 1374 1699 1414 melius
1720 1388 1888 1428 maqnas

50 1450 286 1505 plerumque
315 1457 422 1490 secat
452 1463 528 1489 res.
588 1447 763 1490 Sensus:
801 1447 1070 1503 Plerumque,
1103 1448 1252 1503 inquit,
1284 1455 1458 1490 uenuste
1498 1454 1539 1488 et
1568 1446 1746 1488 ridicule
1776 1446 1889 1488 dicta

56 1521 149 1578 plus
177 1521 383 1571 mordent,
428 1536 554 1576 quam
586 1536 692 1576 quae
729 1521 882 1562 acriter
926 1528 967 1563 et
1010 1521 1271 1563 turbulenter
1315 1521 1480 1577 prolata
1526 1527 1632 1563 sunt.
1695 1519 1886 1577 [Itemz]

58 1593 194 1651 Saepe
224 1595 409 1637 ioculare
439 1594 711 1636 maledictum
742 1594 916 1650 grauius
946 1594 1142 1636 uulnerat
1172 1610 1297 1650 quam
1329 1610 1396 1636 res
1440 1609 1592 1650 aspera
1621 1594 1647 1636 i.
1679 1608 1714 1636 e.
1746 1593 1886 1636 satira.

57 1669 71 1724 ΙΙ
100 1667 315 1709 Interdum
347 1683 442 1709 cum
472 1668 559 1709 risu
590 1667 748 1710 dictum
779 1668 874 1723 plus
905 1668 1035 1710 afficit
1064 1683 1191 1723 quam
1213 1668 1366 1710 acriter
1387 1668 1557 1709 dictum.
1579 1670 1596 1722 Η

168 1742 232 1783 15.
264 1749 381 1783 secat.
442 1740 628 1791 Mordet,
660 1740 830 1782 lacerat.

168 1815 232 1857 16.
263 1815 345 1863 Illi,
367 1816 514 1871 scripta
534 1815 679 1871 quibus
701 1815 913 1856 comoedia.
984 1815 1059 1856 Illi.
1091 1813 1416 1870 Aristophanes,
1449 1814 1640 1870 Eupolis,
1675 1813 1886 1856 Cratinus.

57 1887 106 1930 Id
135 1895 213 1931 est:
246 1888 407 1943 antiqui
440 1887 815 1943 comoediographi
846 1887 942 1929 ideo
973 1887 1235 1943 placuerunt,
1273 1888 1372 1943 quia
1402 1887 1695 1943 temperabant
1724 1887 1889 1930 fabulas

57 1976 150 2004 suas
180 1962 437 2017 (sermoneP)
482 1961 623 2004 iocoso
654 1968 694 2003 et
723 1962 845 2012 tristi,
877 1968 918 2004 et
947 1961 990 2002 hi
1022 1961 1146 2004 modo
1182 1969 1324 2017 partes
1369 1961 1547 2004 rhetoris
1592 1961 1888 2017 sequebantur,

57 2035 179 2077 modo
209 2043 370 2091 poetae.

168 2248 203 2286 ⁴2)
230 2257 324 2277 serm.
351 2247 378 2276 ei
402 2248 455 2286 qui
482 2248 568 2277 iocos
593 2246 668 2276 dicit
690 2257 716 2289 γ.
743 2248 810 2276 rell.
837 2255 929 2275 serm.
956 2250 982 2274 et
1006 2247 1060 2284 qui
1086 2246 1171 2275 modo
1196 2247 1290 2276 dicat.
1339 2247 1375 2285 4)
1398 2246 1486 2285 9e⁷zio
1504 2247 1617 2276 rustici
1635 2256 1663 2288 γ.
1712 2246 1747 2285 5)
1773 2247 1827 2284 qui
1847 2263 1887 2267 —

58 2306 106 2332 est
129 2313 190 2333 om.
217 2313 243 2343 γ.
270 2303 329 2333 hoc
355 2303 431 2333 loco.
460 2305 479 2333 i.
507 2313 533 2333 e.
561 2308 636 2332 sunt
663 2303 717 2341 qui
744 2321 783 2324 ›—
811 2307 861 2332 est
886 2302 925 2332 G.
952 2302 1002 2332 cui
1026 2320 1066 2323 »ἡ
1092 2307 1134 2331 est
1158 2304 1259 2332 uoluit
1286 2302 1324 2338 Q.
1344 2320 1384 2323 -—
1412 2304 1432 2332 i.
1460 2303 1527 2332 suis
1551 2303 1617 2341 quis
1641 2306 1764 2332 tantum
1789 2312 1888 2340 quan-

58 2362 125 2389 tum
149 2363 259 2397 poetae
283 2364 333 2389 est
357 2369 384 2401 γ.
422 2360 483 2390 Pro
507 2360 560 2398 qul
582 2362 704 2389 tantum
730 2363 842 2397 poetae
866 2360 958 2397 posui
983 2363 1133 2397 quantum
1170 2363 1326 2396 quantum
1364 2363 1456 2397 poeta
1492 2364 1542 2388 est
1567 2360 1587 2388 i.
1623 2362 1889 2397 quantumcumque

59 2416 124 2446 siue
148 2420 425 2455 quantuscumque
451 2420 501 2445 est
526 2420 631 2453 poeta.
670 2415 753 2445 conf.
780 2416 885 2445 Plaut.
912 2415 1009 2445 Poen.
1034 2414 1092 2452 III,
1119 2416 1148 2452 4,
1177 2416 1236 2444 28:
1269 2415 1455 2453 denegabit,
1494 2419 1634 2454 qucmtum
1657 2419 1810 2453 quantum,
1848 2415 1887 2443 ad

60 2481 129 2502 eum
152 2473 213 2502 erit
239 2473 391 2502 delatum.
417 2472 481 2502 Cic.
509 2472 599 2504 Orat.
625 2472 667 2510 II,
688 2473 748 2502 28:
786 2476 1064 2510 quantuscumque
1088 2480 1163 2500 sum.
1226 2471 1261 2509 8)
1289 2471 1345 2500 sed
1371 2481 1434 2500 non
1460 2473 1513 2509 qui
1539 2472 1627 2509 uulg.
1654 2471 1757 2501 lectio.
1783 2481 1843 2500 om.
1860 2480 1887 2513 γ.

59 2529 149 2567 posui
174 2533 208 2558 et.
258 2530 293 2568 9)
319 2530 374 2559 sed
400 2529 452 2567 qui
479 2529 542 2558 alio
568 2530 620 2567 qui
646 2529 686 2558 al.
713 2538 739 2570 γ.
766 2529 835 2558 rell.
860 2528 914 2558 sed
936 2528 988 2567 qui
1010 2528 1050 2558 al.
1078 2528 1192 2565 scripsi
1218 2526 1339 2566 alioqui.
1370 2527 1451 2557 conf.
1478 2527 1594 2564 Porpli.
1622 2527 1734 2564 scripsi
1759 2527 1889 2556 maiores

60 2593 114 2622 pro
129 2585 215 2624 uulg.
234 2585 306 2615 leet.
324 2585 463 2614 minores.
482 2604 519 2606 vj
535 2585 587 2615 Ad
614 2585 713 2614 schol.
740 2586 836 2624 Saepe
850 2603 891 2605 ῌ-
908 2585 1009 2614 ualeat
1033 2584 1116 2613 nihil
1142 2584 1296 2613 adnotaui
1324 2593 1364 2612 ex
1390 2593 1415 2624 γ.
1485 2583 1540 2621 10)
1565 2582 1695 2621 quuens,
1722 2583 1807 2620 quod
1831 2583 1888 2612 ha-

59 2641 134 2670 bent
157 2641 277 2677 mvafh,
307 2651 378 2671 cum
404 2642 516 2671 datiuo
540 2642 694 2672 usitatior
720 2645 769 2671 est
794 2641 933 2671 Comicis
957 2640 1081 2678 (plaut.
1107 2640 1203 2669 Poen.
1229 2639 1284 2676 IV,
1312 2640 1342 2675 2,
1370 2640 1420 2669 63.
1458 2639 1552 2668 Truc.
1586 2638 1627 2675 ΙΙ,
1662 2639 1692 2674 2,
1729 2639 1778 2668 10.
1813 2638 1887 2668 Ter.

60 2695 183 2727 Phorm.
208 2698 249 2735 II,
275 2699 305 2735 3,
332 2699 390 2737 25)
416 2702 449 2727 ct
474 2699 578 2736 poetis
603 2697 653 2738 (ut
681 2697 740 2727 Sil.
764 2698 832 2733 XV,
859 2698 934 2727 322.
960 2697 1041 2726 Stat.
1067 2696 1127 2725 Th.
1153 2696 1224 2733 XII,
1252 2696 1304 2731 26,
1332 2705 1424 2734 quam
1450 2695 1640 2733 colloquens,
1666 2695 1749 2732 quod
1776 2693 1804 2729 Q
1831 2694 1888 2733 (ex

61 2750 120 2791 G‘?)
146 2754 265 2784 intulit.
318 2754 372 2793 13)
400 2755 437 2783 Id
463 2760 512 2784 est
544 2772 577 2775 —-
604 2754 728 2783 uersari
753 2764 780 2796 γ.
807 2754 875 2784 rell.
901 2764 961 2784 om.
1014 2753 1068 2791 15)
1096 2749 1152 2782 nto
1178 2762 1255 2782 casu
1279 2762 1306 2794 γ.
1334 2753 1402 2781 rell.
1429 2762 1487 2781 om.
1556 2751 1610 2790 16)
1635 2754 1725 2780 nocet
1750 2751 1835 2780 honi.
1860 2759 1888 2792 γ.

61 2809 154 2838 Docto
175 2819 203 2851 γ.
232 2811 265 2839 in
291 2811 421 2840 scholio,
447 2810 531 2840 dicto
557 2811 588 2839 in
615 2811 725 2848 glossa
751 2811 818 2839 rell.
845 2820 904 2839 om.
932 2810 1062 2839 Lemnia
1088 2809 1266 2846 interposui
1292 2813 1318 2837 et
1341 2808 1444 2837 melius
1469 2826 1504 2828 —W
1536 2817 1593 2836 res.
1621 2806 1740 2836 Sensus
1764 2816 1792 2848 γ.
1818 2807 1887 2836 rell.

61 2872 119 2894 om.
169 2866 223 2904 18)
249 2867 447 2896 turbulenter
482 2866 633 2907 fflmvafb.
672 2867 860 2895 turbulente
896 2864 1007 2906 (G?)Q
1043 2866 1154 2895 eadem
1189 2874 1257 2894 uar.
1295 2865 1366 2893 lect.
1404 2865 1443 2893 ad
1481 2862 1626 2893 Callistr.
1665 2863 1697 2892 in
1734 2862 1887 2892 Pandect.

62 2918 264 2959 XXXXVIII,
293 2924 344 2959 19,
372 2923 423 2952 28.
449 2923 630 2952 turbulente
655 2932 755 2960 aeque
780 2932 815 2951 ac
841 2923 1036 2952 turbulentus
1060 2921 1248 2951 usitatiores
1274 2920 1402 2958 quidem
1428 2919 1548 2949 formae
1574 2923 1659 2951 sunt.
1697 2919 1752 2948 sed
1777 2919 1887 2948 turbu-

61 2975 156 3006 lenter
180 2978 300 3015 legitur
325 2977 392 3008 cic.
419 2979 459 3007 ad
483 2979 560 3008 Diu.
586 2978 627 3014 ΙΙ,
658 2980 706 3007 16.
736 2977 780 3008 C:
817 2979 883 3008 acri
910 2983 940 3008 et
976 2978 1118 3008 oratione
1154 2977 1342 3006 turbulenta
1378 2976 1513 3013 prolata.
1549 2975 1671 3013 plorata
1696 2984 1723 3015 γ.
1749 2993 1791 2996 -—
1818 2975 1889 3004 Item

62 3041 119 3063 om.
143 3043 171 3075 γ.
223 3034 277 3072 19)
303 3035 403 3064 satira
427 3044 454 3077 γ.
480 3036 549 3064 rell.
577 3039 698 3074 satyra.
724 3035 890 3064 Interdum
917 3052 958 3055 —
984 3035 1107 3064 dictum
1132 3043 1158 3075 γ.
1184 3034 1251 3063 rell.
1278 3043 1338 3062 om.
1389 3032 1446 3069 21)
1472 3032 1610 3067 Mordet‚
1637 3031 1757 3061 lacerat
1773 3041 1798 3072 γ.
1818 3031 1888 3061 rell.

63 3097 122 3119 om.
172 3090 228 3128 22)
254 3090 323 3120 Illis
346 3091 477 3129 scripta.
504 3090 713 3128 aristofanes,
740 3091 874 3129 eupolis,
902 3091 1046 3120 cratinus
1069 3100 1096 3132 γ.
1122 3090 1191 3119 rell.
1217 3099 1277 3118 oni.
1339 3087 1396 3127 24)
1424 3089 1524 3117 iocoso
1558 3087 1668 3129 pnifh.
1706 3088 1790 3117 adde
1824 3097 1887 3116 set·-

62 3153 143 3175 mone
168 3155 207 3176 ex
235 3145 278 3177 C:
306 3147 467 3178 Absolute
491 3145 654 3187 (Porph.)‚
681 3148 714 3177 id
740 3151 800 3186 est,
826 3147 887 3178 hac
912 3157 946 3177 re
971 3147 1177 3184 constabant,
1215 3145 1384 3184 placebant
1421 3143 1630 3182 (constabant
1665 3153 1701 3174 ac
1736 3143 1887 3173 ualebant

1936 573 1953 603 <JV

1914 938 1955 971 10

1915 1308 1954 1340 15

1913 1674 1956 1706 20

1912 2042 1955 2073 25
