2148 3412
166 951 203 982 10

167 1321 204 1352 15

225 141 306 180 372
862 150 967 181 ACR.
995 150 1053 180 ET
1081 149 1246 180 PORPH.
1274 148 1422 181 COMM.

341 275 404 316 13.
438 288 513 329 quo
545 288 605 315 me
636 274 750 323 duee,
782 287 858 329 quo
881 273 968 315 lare
991 280 1104 315 tuter.
1163 271 1281 314 Nulli
1312 287 1355 314 se
1387 279 1525 315 sectae
1556 273 1771 315 addictum
1803 273 1874 325 ait,
1907 274 1980 316 sed
2011 288 2061 316 ex

226 347 420 391 omnibus
452 347 656 402 quicquid
686 347 891 402 optimum
924 347 989 398 sit,
1021 347 1252 388 electurum
1283 361 1373 389 esse
1403 347 1621 402 promittit.

341 423 404 462 16.
438 430 473 462 et
504 434 657 462 mersor
688 421 797 463 cz‘uz'l.
828 421 957 462 undis.
1016 420 1133 462 Inter
1165 419 1355 462 Stoicum
1385 427 1425 462 et
1455 420 1716 476 Epicureum
1747 420 1895 462 iactari
1927 435 1970 463 se
1991 421 2062 472 ait,

227 502 264 537 et
296 495 391 536 idco
422 494 546 535 undis
577 494 774 536 ciuilibus
805 495 942 551 mergi
974 494 1093 545 dixit,
1130 494 1229 549 quia
1261 492 1394 536 Stoici
1426 494 1833 536 administrationem
1878 494 1940 535 rei
1986 509 2063 549 pu-

227 569 362 611 blicae
393 568 587 623 probant,
619 567 823 623 Epicurei
854 568 1125 623 uoluptatem.
1185 567 1313 609 Unde
1344 568 1487 608 furtim
1519 567 1653 608 relabi
1684 582 1727 609 se
1759 568 1813 608 ad
1843 582 1935 609 eam
1966 567 2035 609 ait.

343 644 407 684 17.
440 643 672 698 re'ye'dusque
702 643 870 684 satelles.
929 642 1046 683 Bene
1078 642 1250 697 rz'qz'dus,
1284 641 1516 683 secundum
1549 640 1734 683 Stoicen.

341 717 406 758 18.
441 719 560 759 anc
590 718 629 758 ιή
662 717 862 773 Aristippi
887 717 1031 771 furtim
1058 730 1194 772 praec.
1232 717 1401 758 relabor.
1479 714 1593 768 Quia
1625 714 1873 771 Aristippus
1903 714 2065 770 Epicu—

228 804 323 832 reae
355 797 493 832 sectae
524 791 724 846 princeps
758 789 890 846 [fuit]

342 865 407 906 20.
441 865 560 919 lonqa
591 864 733 920 qm'bus
764 872 880 905 ment.
912 878 989 905 (11η.
1052 863 1172 905 Sicut
1201 863 1331 919 longa
1362 877 1445 904 nox
1478 869 1537 904 est
1569 862 1648 913 his,
1696 862 1768 917 qui
1799 862 1960 904 amicae
1991 862 2067 903 ad·
2117 873 2120 911 ξ

229 944 402 980 uentum
433 937 527 979 falsi
563 943 819 992 exspectant,
856 937 924 978 uel
956 936 1079 994 [illis]
1123 937 1193 992 qui
1224 952 1301 992 per
1332 937 1444 978 diem
1475 944 1716 991 operantur,
1762 943 1807 978 ut
1851 936 1934 978 illis
1979 936 2068 978 dies
2116 968 2118 995 ;

232 1013 385 1070 longus
415 1020 488 1053 est.

344 1087 409 1128 28.
441 1086 533 1129 Non
557 1086 691 1142 possis
723 1087 840 1127 oculo
873 1100 935 1140 qu.
971 1092 1071 1127 cont.
1103 1085 1226 1141 Lync.
1286 1083 1369 1126 His
1400 1084 1640 1140 respondet,
1673 1083 1745 1139 qui
1774 1098 1799 1124 a
1830 1083 1968 1126 studio
2000 1099 2066 1127 sa·
2115 1087 2118 1121 ἶ

230 1160 414 1216 pientiae
461 1160 734 1209 deterrentes,
780 1167 938 1214 negant
978 1159 1209 1215 perfectam
1242 1158 1494 1213 sapientiam
1525 1172 1780 1213 quemquam
1811 1157 2067 1209 adsecutum,
2115 1151 2117 1174 ³
2144 1179 2148 1203 2

230 1235 388 1285 dicens,
436 1240 651 1275 contentos
681 1247 758 1275 nos
789 1247 879 1275 esse
910 1233 1064 1275 debere
1097 1233 1481 1289 quantulocumque
1527 1232 1709 1283 adfectu,
1756 1247 1838 1287 quo
1881 1238 2070 1274 carentes

230 1309 375 1364 utique
408 1307 638 1349 deteriores
669 1306 838 1349 erimus.

343 1382 409 1423 36.
446 1382 598 1423 Laudis
629 1393 765 1423 amore
795 1389 932 1423 tumes.
1006 1380 1152 1422 Inanis
1183 1380 1345 1437 gloriae
1377 1380 1666 1435 cupiditatem,
1712 1386 1758 1421 ut
1794 1381 2071 1436 pernitiosum
2111 1394 2114 1440 j

230 1456 379 1497 uitium
411 1455 723 1509 expiationibus
756 1455 1010 1510 quibusdam
1042 1455 1182 1497 sanari
1214 1469 1338 1511 posse
1369 1454 1448 1504 ait3
1492 1454 1633 1509 itaque
1666 1454 1864 1496 decenter
1895 1454 2069 1498 subicit:

232 1530 291 1583 (u.
324 1531 416 1584 37>=
454 1531 533 1571 Ter
556 1543 665 1585 pure
696 1530 795 1571 lecto
828 1529 972 1579 libello,
1004 1529 1120 1570 uelut
1152 1529 1206 1570 ad
1237 1528 1563 1571 sacrificandum
1595 1536 1707 1571 caste
1739 1544 1788 1572 ac
1818 1528 1914 1572 lotis
1934 1529 2071 1571 mani-

231 1602 310 1644 bus
340 1602 627 1644 accedendum
659 1609 789 1658 putat.

344 1679 412 1720 45.
446 1677 608 1734 Inpz'qer
636 1684 738 1719 extr.
773 1692 835 1719 eu.
858 1691 977 1718 mere.
1001 1677 1055 1719 acl
1077 1677 1211 1719 Indos.
1271 1675 1368 1718 Hoc
1399 1676 1491 1718 loco
1528 1678 1564 1719 T
1561 1677 1769 1733 lzeoqm‘dz's
1799 1691 1946 1721 uersus
1975 1677 2071 1720 imi-

231 1757 341 1793 tatus
372 1757 445 1800 est,
478 1750 549 1805 qui
581 1750 639 1791 ait
670 1751 728 1806 (u.
763 1752 856 1792 175.
890 1751 1025 1806 176.);

574 1822 664 1879 Χρὴ
698 1825 839 1879 πενίην
875 1824 1080 1880 φεύγοντα
1112 1825 1179 1865 καὶ
1212 1824 1252 1869 ἐς
1284 1824 1520 1880 βαθυκήτεα
1551 1824 1696 1865 πόντον

575 1898 750 1953 (beu-[ew
785 1900 853 1939 καὶ
884 1902 1057 1953 πετρῶν,
1090 1897 1241 1953 Κύρνε,
1274 1899 1359 1939 κατ’
1393 1899 1613 1955 ἠλιβάτων.

347 1974 413 2013 49.
447 1981 481 2014 el
505 1974 655 2014 circum
679 1973 849 2029 compita
869 1988 938 2029 pu.
1002 1970 1290 2015 Similitudine
1313 1973 1523 2024 admonet,
1555 1980 1600 2015 ut
1621 1988 1645 2015 a
1666 1973 1811 2029 paruis
1832 1974 1887 2015 ad
1907 1974 2069 2017 maiora

191 2060 203 2088 ἵ
235 2046 346 2088 bona
379 2046 630 2101 cupiditates
663 2047 939 2088 conferamus.

349 2122 414 2162 53.
449 2122 514 2161 54.
551 2122 586 2162 Ο
618 2122 733 2168 ciue&
767 2123 887 2169 ciues,
920 2135 982 2177 qu.
1010 2136 1096 2177 pec.
1126 2136 1190 2177 pr.
1225 2129 1290 2163 est.
1342 2122 1476 2163 Virtus
1500 2130 1593 2178 post
1623 2136 1693 2163 me.
1725 2123 1818 2164 haee
1849 2123 1977 2164 lanus
2009 2139 2070 2165 su.

235 2194 283 2235 ab
317 2196 403 2236 imo.
463 2193 535 2234 Ad
566 2193 691 2235 Ianos
723 2208 804 2243 eos,
851 2194 921 2249 qui
953 2202 1046 2236 sunt
1084 2195 1127 2235 in
1167 2195 1341 2250 regione
1374 2194 1577 2238 basilicae
1605 2195 1743 2246 Pauli,
1788 2197 2071 2239 foeneratores

375 2316 407 2354 1)
434 2325 467 2346 se
493 2325 552 2346 om.
579 2316 610 2345 h.
636 2316 656 2345 1.
684 2319 715 2345 et
742 2315 826 2346 infra
851 2320 925 2346 ante
950 2317 995 2346 ait
1019 2326 1068 2354 po.
1093 2316 1181 2347 vafh.
1208 2317 1352 2347 additum
1376 2317 1413 2347 R.
1446 2318 1527 2348 dicit
1560 2318 1589 2347 2.
1655 2318 1690 2357 2)
1716 2318 1872 2349 dicturum
1897 2319 1986 2349 vafh.
2035 2320 2071 2359 5)
2101 2323 2104 2345 t

235 2374 318 2403 unde
335 2372 560 2413 MRA2G(Q).
578 2373 650 2403 inde
676 2373 764 2403 vafh.
788 2391 824 2394 *A
844 2374 945 2404 relabi
971 2375 1012 2403 ad
1031 2383 1099 2404 eam
1127 2384 1160 2404 se
1186 2374 1263 2404 dimit
1286 2375 1323 2404 R.
1348 2384 1378 2404 se
1402 2375 1502 2405 relabi
1529 2375 1569 2404 ad
1596 2384 1665 2405 eam
1690 2375 1760 2405 dicit
1787 2376 1816 2408 2.
1869 2375 1904 2415 6)
1929 2376 2073 2417 Regibus-

235 2441 289 2470 que
314 2431 360 2461 111.
387 2432 504 2461 Stoicen
529 2430 665 2468 Max-Q.
692 2429 831 2460 Stoicum
855 2431 920 2460 ash.
960 2431 1028 2462 Hoc
1055 2432 1154 2462 schol.
1180 2433 1300 2462 Acroni
1327 2432 1514 2469 adsignauit
1540 2432 1576 2467 Q.
1627 2433 1660 2471 7)
1686 2434 1870 2471 epioni-aeae
1894 2433 1939 2464 M.
1967 2437 2074 2464 sectae
2101 2441 2103 2447 ¹

237 2498 297 2517 om.
321 2487 393 2517 MR.
457 2487 492 2525 8)
519 2487 581 2517 fuit
607 2497 668 2517 om.
694 2487 766 2518 MR.
832 2488 866 2526 9)
894 2489 945 2517 his
971 2488 1041 2518 MR.
1068 2489 1138 2519 rell.
1166 2489 1215 2519 iis.
1283 2489 1338 2528 10)
1365 2488 1439 2518 falsi
1465 2487 1662 2528 MRAG(Q).
1700 2488 1799 2519 falsae
1825 2490 1853 2519 2.
1880 2490 1960 2520 falso
1983 2490 2072 2521 vafh.
2099 2451 2103 2518 1

237 2554 321 2582 exsp.
349 2544 386 2573 A.
416 2544 482 2574 illis
508 2544 572 2573 assi.
600 2547 635 2573 ut
662 2545 729 2574 illis
755 2544 890 2581 Max-Q.
919 2555 978 2575 0111.
1006 2544 1071 2575 11111.
1099 2546 1185 2584 long.
1217 2546 1260 2577 di.
1293 2549 1339 2575 est
1365 2545 1453 2575 vafh.
1520 2545 1575 2585 12)
1602 2546 1697 2583 phiae
1723 2559 1767 2574 z
1793 2547 2016 2585 philosophiae
2043 2548 2072 2577 2.
2099 2522 2102 2579 1

240 2602 295 2639 13)
321 2605 526 2631 consecutum
553 2602 583 2630 2.
653 2601 706 2640 14)
734 2611 786 2640 qu.
813 2600 954 2637 adfectu.
985 2612 1045 2641 quo
1072 2607 1218 2633 carentes
1244 2604 1355 2641 utique
1380 2603 1443 2632 MR
1468 2602 1808 2643 (quantulumcunque)
1834 2603 1883 2633 Α2
1914 2604 1982 2643 (aff.
2007 2604 2072 2644 R2)
2097 2582 2102 2655 1

238 2657 341 2697 G(Q).
369 2659 651 2696 quantulocunque
669 2655 814 2696 profecta
840 2662 986 2688 carentes
1014 2660 1126 2698 utique
1144 2670 1174 2689 v.
1201 2669 1252 2698 qu.
1272 2663 1445 2698 praecepta
1473 2660 1518 2689 Eo
1542 2660 1619 2689 enim
1643 2661 1756 2698 utique
1782 2661 1846 2689 det.
1871 2670 1930 2690 non
1956 2661 2073 2691 erimus
2097 2664 2100 2709 j

237 2714 302 2744 afh.
365 2716 419 2755 16)
446 2715 497 2745 Ait
521 2716 629 2745 inanis
653 2715 723 2744 MR.
775 2716 830 2755 17)
857 2715 1096 2753 expiationibus
1122 2716 1228 2755 MQ).
1256 2717 1544 2755 exspectationibus
1570 2717 1603 2746 M
1628 2721 1743 2755 expect.
1769 2716 1858 2747 R2G.
1877 2719 2073 2756 praeceptio-
2096 2715 2099 2771 J

236 2774 330 2803 nibus
355 2772 442 2803 vafh.
509 2773 564 2812 18)
590 2782 684 2811 super
711 2773 811 2803 electo
836 2773 893 2802 lib.
920 2773 991 2802 MR.
1019 2780 1125 2812 super
1148 2775 1230 2805 lecto
1265 2775 1322 2804 lib.
1352 2775 1379 2803 2.
1406 2792 1447 2795 —
1473 2777 1560 2804 casto
1585 2775 1683 2804 tacite
1716 2775 1778 2804 inc.
1805 2774 1842 2810 Q.
1912 2775 1969 2813 22)
1995 2775 2073 2805 Ver·
2096 2774 2099 2787 ¹

239 2839 293 2859 sus
319 2830 435 2860 absunt
460 2830 499 2859 ab
525 2829 564 2859 A.
590 2834 671 2868 spat.
698 2839 766 2860 uac.
793 2831 832 2859 iis
859 2830 914 2859 rel.
942 2831 974 2859 in
994 2830 1052 2860 RQ.
1080 2826 1148 2873 Χρη
1167 2841 1272 2873 πενιην
1297 2831 1373 2867 M7v.
1391 2829 1429 2873 ἣν
1447 2828 1485 2873 δὴ
1503 2828 1567 2874 χρὴ
1586 2831 1643 2861 afh
1660 2831 1778 2870 Bergk.
1797 2827 1955 2874 φεύγοντα
1983 2831 2072 2862 vafh.
2095 2790 2099 2861 1

239 2895 410 2928 φευγοντας
434 2886 475 2916 Μ.
502 2882 690 2929 βαθυκητεα
707 2886 750 2917 M.
775 2896 977 2929 μεγασκητεα
1002 2898 1031 2917 v.
1058 2886 1241 2930 μεγακήτεα
1267 2887 1333 2917 afh.
1361 2897 1530 2929 μεγακιτεα
1557 2887 1596 2918 G.
1646 2888 1703 2928 23)
1730 2898 1851 2932 φευγειν
1868 2888 1912 2918 Μ.
1935 2883 2072 2919 Ἱίπτεῖν
2094 2906 2098 2918 v

239 2953 267 2974 a.
294 2939 407 2984 ῥίπτειν
432 2943 468 2972 fh
493 2943 612 2981 Bergk.
632 2941 740 2986 ριπυβν
765 2954 796 2976 v.
822 2939 956 2986 π6τρο1Ν
975 2944 1007 2973 M
1033 2943 1096 2982 (sic
1121 2948 1208 2974 reete
1233 2944 1340 2974 Halm.
1366 2954 1532 2983 perperam
1559 2944 1602 2979 Q:
1629 2946 1759 2988 πειρῶν)
1786 2945 1874 2975 vafh.
1902 2939 2073 2976 KYPHNle
2093 2920 2107 2977 i

239 2999 283 3029 M.
305 2995 400 3042 Κύρνε
417 3000 484 3030 afh.
506 2996 580 3042 Κρνε
598 2996 807 3042 κατεΗλιβα-ε.
826 3000 904 3040 (510)
924 3011 942 3030 v
961 3000 1142 3038 (perperam
1158 3002 1212 3038 Q).
1238 3011 1322 3043 κιρνε
1339 2998 1561 3044 κατιὶηβατων
1581 3001 1619 3031 G.
1670 3003 1727 3041 24)
1754 3006 1909 3032 ammonet
1936 3003 1962 3031 2.
2013 3002 2071 3042 26)
2093 2985 2096 3035 1

241 3058 417 3086 Lemmatis
444 3059 580 3095 priorem
607 3062 729 3096 partem
752 3058 776 3088 Ο
793 3058 848 3087 σία.
873 3076 903 3078 -
921 3062 961 3087 esc
986 3059 1055 3087 hab.
1084 3058 1209 3096 Max-a,
1236 3069 1294 3088 om.
1322 3060 1468 3094 alteram,
1495 3062 1605 3088 contra
1630 3058 1666 3088 fh
1692 3068 1752 3088 0111.
1781 3059 1928 3097 priorem,
1956 3038 2096 3088 lemma(

241 3113 300 3143 hoc
324 3117 448 3142 tantum
474 3118 645 3152 ponentes:
685 3115 767 3145 Haec
795 3116 884 3144 Ianus
908 3125 952 3144 su.
979 3114 1025 3144 ab.
1064 3114 1131 3144 imo.
1159 3114 1186 3150 Q
1212 3120 1282 3153 post
1313 3115 1336 3146 O
1354 3125 1407 3154 pr.
1434 3120 1477 3146 est
1499 3119 1623 3153 septem
1660 3120 1777 3153 puncta
1809 3117 1917 3153 posuit
1942 3116 2066 3145 dicens:
2091 3097 2095 3148 1

241 3170 366 3199 ‘lemma
391 3170 574 3201 addidimus
600 3173 730 3211 signata
754 3172 863 3202 lacuna
889 3181 930 3202 ex
956 3172 1037 3202 rell.'
1063 3171 1126 3202 Sed
1152 3172 1214 3202 mei
1239 3173 1314 3203 libri
1340 3173 1460 3203 nullam
1485 3172 1661 3203 ostendunt
1686 3173 1844 3202 lacunam.
2092 3158 2093 3163 ¹
