2148 3412
838 113 886 144 IN
912 112 1056 144 EPIST.
1083 113 1109 151 1,
1139 116 1165 144 1.
1834 102 1915 142 367

90 251 231 279 eorum
261 234 561 276 haereditatem
593 236 766 276 auferre.
826 238 865 277 in
901 237 1079 278 m'uarz'a.
1153 236 1203 277 Id
1234 248 1308 288 est,
1355 237 1551 279 conuiuia
1580 237 1648 279 uel
1679 237 1818 291 retia(,
1864 237 1919 278 ad

90 323 232 352 nassas
262 307 508 362 marinas?).

201 382 266 423 80.
299 381 449 422 occulto
483 382 622 422 crescit
654 396 718 421 res
748 383 920 435 foenore.
1002 382 1115 434 Quia
1147 383 1357 425 interdum
1398 384 1588 425 nesciunt
1619 385 1915 434 foeneratores,

90 462 186 512 quot
217 453 421 495 mensium
454 454 667 507 accepturi
699 454 782 494 sint
812 470 970 496 usuras.
1033 457 1200 498 occullo.
1232 457 1411 498 Inlicito.
1473 473 1548 499 res.
1594 457 1915 508 Patrimonium,

90 543 246 571 census.
308 542 463 568 uerum.
498 526 595 568 Sed.
630 525 788 569 Sensus
823 527 940 583 [est]:
974 529 1073 579 scio,
1111 529 1259 584 inquit,
1292 531 1403 584 quod
1426 546 1509 571 non
1541 531 1590 572 sit
1614 531 1800 572 omnium
1831 546 1914 572 una

89 600 303 650 sententia,
335 600 439 641 illud
470 615 552 642 non
586 600 803 642 tolerabile
837 601 951 658 [est]‚
985 602 1097 656 quod
1128 603 1344 657 proposita
1376 619 1449 644 sua
1481 611 1639 644 mutant
1671 604 1714 645 in
1745 605 1881 646 horas.

199 675 262 715 81.
296 674 405 715 Esto.
464 673 561 715 Hoc
592 681 673 715 est:
708 675 950 724 concedam,
995 683 1040 716 ut
1071 675 1239 717 diuersa
1270 677 1448 717 sentiant
1481 677 1683 728 homines,
1730 678 1803 720 sed
1834 694 1916 720 non

88 747 288 798 inuenies,
321 747 391 802 qui
423 747 466 788 in
497 747 712 802 proposito
743 757 984 803 perseueret
1015 750 1338 805 (perseuerent).

25 803 27 814 Ι
199 823 264 863 82.
296 821 407 862 Idem
439 822 571 862 eadem
594 830 780 877 possum.
839 821 1060 864 Homines.

190 895 422 951 probantes.
482 894 580 936 Hoc
610 895 925 950 interrogatiue.

197 969 262 1010 83.
286 968 509 1024 praelucet.
573 966 847 1023 Splendidior
878 976 951 1018 est,
984 969 1132 1010 melior
1162 980 1235 1020 est,
1268 970 1362 1025 plus
1393 971 1515 1013 lucet.

204 1044 268 1084 84.
301 1042 414 1084 lacus
446 1051 480 1083 et
510 1057 634 1083 mare.
706 1041 757 1082 Id
788 1051 866 1083 est:
915 1043 998 1083 iam
1030 1058 1145 1084 mare
1177 1052 1214 1085 et
1246 1044 1361 1086 lacus
1409 1045 1471 1101 [id
1518 1054 1590 1093 est,
1638 1046 1762 1087 etiam
1802 1046 1917 1088 lacus

89 1123 128 1159 et
155 1114 288 1172 mare]
324 1115 501 1156 diuitum
533 1115 739 1157 consentit
769 1116 998 1167 sententiis,
1046 1118 1144 1172 quia
1175 1133 1303 1173 supra
1334 1133 1449 1160 mare
1481 1125 1519 1160 et
1549 1119 1665 1161 lacus
1701 1126 1919 1162 exstruunt

89 1189 289 1233 aedificia.

196 1265 311 1306 sentit
341 1278 526 1305 amorem.
586 1262 706 1319 Erga
737 1277 780 1304 se
811 1263 934 1305 sentit
967 1264 1093 1304 etiam
1125 1279 1323 1306 amorem.

198 1339 262 1379 85.
297 1339 548 1379 Festinanti&
610 1336 678 1377 Ire
710 1336 794 1378 illo.

198 1413 268 1452 eri.
328 1410 519 1461 Domini,
556 1411 624 1452 uel
655 1411 811 1452 diuitis.

198 1486 263 1527 86.
295 1487 532 1542 azcspz'cz'um.
594 1484 734 1527 Omen
766 1484 1024 1527 transeundi.

198 1574 301 1601 cras.
363 1558 537 1601 Scilicet
566 1558 681 1600 dicit.

195 1634 455 1687 ferramenta.
514 1630 710 1673 Nauium.
748 1632 798 1673 Id
830 1639 909 1674 est:
943 1632 1104 1688 positus
1135 1633 1248 1688 apud
1279 1633 1421 1684 Baias,
1468 1634 1502 1676 si
1533 1635 1762 1677 delectatus
1792 1636 1919 1678 fuerit

87 1706 167 1748 alio
196 1706 301 1757 loco,
335 1706 531 1748 continuo
564 1706 701 1761 (mox)
724 1705 838 1747 iubet
859 1707 1114 1747 ferramenta
1135 1708 1353 1749 transferri
1374 1707 1428 1749 ad
1450 1709 1772 1764 conponentium
1795 1725 1918 1765 prae-

88 1779 247 1822 torium.

223 1931 255 1969 1)
281 1930 317 1960 Id
344 1936 393 1963 est
417 1940 509 1961 conu.
536 1931 587 1960 uel
613 1931 693 1960 retia
719 1931 747 1960 b.
774 1931 843 1960 rell.
871 1940 933 1962 om.
972 1940 1004 1972 γι
1033 1931 1074 1959 ad
1100 1932 1192 1960 retia.
1221 1932 1261 1961 ad
1287 1942 1379 1961 nasas
1403 1932 1480 1962 lanas
1505 1932 1593 1971 (sio).
1631 1943 1738 1964 nassas
1763 1934 1920 1965 marinas?

0 2012 3 2015 .
35 2004 37 2024 ς
89 1987 170 2018 conf.
195 1988 276 2021 Plin.
302 1988 391 2025 XXI,
421 1990 476 2018 18:
504 1998 580 2018 usus
619 1989 703 2018 iunci
741 1989 781 2018 ad
819 1998 931 2018 nassas
967 1989 1118 2017 marinas.
1146 1988 1278 2026 XXXII,
1305 1990 1341 2018 2:
1369 1999 1476 2019 scarus
1503 1990 1645 2020 inclusus
1670 1991 1786 2021 nassis.
1812 1992 1918 2022 Plaut.

36 2047 37 2082 j
89 2044 155 2075 Mil.
181 2044 223 2082 II,
250 2047 279 2083 6,
307 2047 366 2076 98;
395 2055 436 2075 ex
462 2046 520 2075 hac
544 2055 638 2075 nassa
666 2047 771 2076 cibum
796 2051 912 2084 petam.
942 2045 1007 2075 Cic.
1032 2046 1102 2076 Att.
1118 2045 1186 2081 XV,
1204 2046 1261 2075 20:
1289 2056 1330 2076 ex
1347 2047 1407 2076 hac
1432 2056 1526 2076 nassa
1552 2048 1641 2077 exire
1665 2049 1831 2085 constitui,
1857 2059 1919 2078 non

1 2135 5 2143 .
36 2107 39 2127 s
91 2101 130 2131 ad
155 2101 272 2140 fugam,
299 2103 355 2132 sed
381 2103 421 2131 ad
449 2112 538 2140 spem
563 2103 675 2133 mortis
701 2103 856 2132 melioris.
885 2101 926 2132 C:
955 2104 988 2132 in
1013 2112 1084 2132 suas
1109 2112 1232 2132 nassas.
1281 2104 1316 2142 4)
1345 2105 1508 2141 accepturi
1535 2109 1610 2134 sunt
1634 2114 1660 2146 γ,
1678 2104 1747 2133 rell.
1767 2104 1828 2134 sint
1856 2115 1919 2135 acc.

37 2150 40 2200 ἱ
93 2158 179 2188 schol
204 2168 262 2188 om.
290 2159 322 2196 b,
348 2160 402 2197 qui
428 2160 544 2189 habet:
573 2161 659 2198 ‘quia
685 2160 840 2197 paulatim
868 2160 984 2188 crescit
1009 2159 1102 2189 fenus
1127 2169 1190 2190 non
1216 2162 1432 2191 sencientibus
1471 2162 1670 2191 debitoribus
1708 2162 1759 2190 uel
1796 2161 1920 2191 fenera-

38 2235 40 2240 »
95 2216 237 2246 toribus.'
263 2215 377 2246 illicito
402 2216 470 2258 ·s‚C.
490 2217 560 2246 rell.
580 2227 640 2247 om.
691 2216 725 2255 5)
752 2216 815 2246 Sed
832 2218 881 2258 yb.
908 2217 977 2246 rell.
1005 2227 1066 2247 om.
1094 2218 1206 2255 inquid
1223 2226 1249 2257 γ.
1301 2218 1335 2255 6)
1361 2218 1562 2248 intolerabile
1580 2220 1609 2249 b.
1636 2223 1684 2248 est
1709 2228 1769 2248 om.
1787 2219 1834 2260 γΙ).
1886 2219 1919 2257 7)

4 2306 7 2308 ,
39 2309 41 2312 y
89 2272 152 2302 Hoc
170 2276 217 2302 est
236 2273 404 2303 concedam
420 2283 446 2315 γ,
473 2275 527 2312 qui
545 2274 641 2304 habet
660 2275 792 2312 insuper
809 2278 883 2312 post
907 2283 1035 2303 usuras:
1062 2274 1082 2302 l.
1110 2275 1131 2303 i.
1158 2274 1292 2303 concedo
1308 2292 1344 2294 Α
1362 2279 1570 2312 ρθιεθυθνθηί.
1597 2279 1664 2304 esto.
1698 2275 1865 2305 concedam
1890 2277 1919 2305 b.

89 2329 156 2359 rell.
182 2328 219 2358 Id
234 2333 283 2359 est
301 2330 447 2360 concedo.
498 2332 531 2369 9)
559 2330 715 2360 Homines
733 2340 759 2373 γ.
779 2331 829 2359 uel
850 2340 926 2359 num
945 2331 1091 2360 homines
1109 2331 1140 2360 b.
1160 2331 1229 2360 rell.
1249 2340 1310 2360 om.
1362 2332 1417 2370 10)
1444 2331 1512 2361 Hoc
1530 2332 1687 2370 interrog.
1702 2332 1750 2374 γΙ).
1770 2332 1838 2363 rell.
1857 2342 1917 2361 0111.

0 2412 7 2419 .
40 2375 41 2394 ³
94 2386 146 2426 11)
172 2385 378 2425 splendidior
403 2405 444 2408 —-
471 2389 554 2418 lucet
579 2398 605 2429 γ.
632 2388 701 2417 rell.
729 2397 789 2417 om.
816 2386 1020 2425 Splendidior
1047 2391 1094 2417 est
1119 2388 1139 2417 i.
1168 2387 1262 2428 mayz's
1287 2389 1371 2417 lucet
1398 2390 1428 2418 b.
1462 2389 1662 2426 splendidior
1692 2392 1741 2418 est
1775 2388 1810 2418 (J.
1862 2389 1917 2427 12)

39 2459 43 2484 ι,
90 2451 172 2473 mare
199 2448 230 2473 et
255 2445 343 2474 lacus
369 2445 418 2486 yb.
446 2445 516 2475 rell.
544 2445 631 2474 lacus
658 2449 687 2474 et
713 2454 810 2474 mare.
840 2462 878 2464 m
908 2445 938 2473 id
965 2449 1023 2480 est,
1052 2446 1150 2474 etiam
1175 2445 1216 2474 la.
1245 2449 1275 2474 et
1313 2455 1398 2475 mare
1434 2445 1509 2475 vaih
1547 2445 1753 2483 negligenter
1791 2446 1919 2475 iterant.

95 2500 147 2539 13)
174 2501 248 2539 quia
272 2503 320 2544 γΙ).
349 2503 418 2531 rell.
446 2503 506 2540 qui.
533 2512 624 2540 super
648 2511 684 2531 ea
711 2506 792 2531 extr.
819 2503 849 2532 b.
876 2518 920 2523 —
945 2505 1113 2532 eaestruunt
1138 2503 1188 2544 ⁴(b.
1219 2501 1344 2539 (extr)
1371 2508 1466 2532 recte.
1493 2503 1560 2532 rell.
1599 2506 1796 2531 construunt.
1835 2502 1919 2531 conf.

92 2556 164 2587 Aer.
190 2558 228 2587 ad
255 2557 290 2589 C.
315 2558 356 2596 II,
386 2559 435 2596 15,
464 2559 501 2588 2:
527 2560 558 2588 in
584 2559 792 2588 altitudinem
817 2563 1007 2589 struerentur
1032 2560 1228 2597 porrigendo
1252 2559 1399 2598 fastigia.
1428 2559 1626 2599 Porphyrion
1654 2559 1790 2589 ibidem:
1812 2559 1920 2597 porri-

89 2622 156 2652 9ere
179 2615 334 2645 aedificia.
382 2615 444 2644 Adi
473 2616 571 2645 etiam
595 2625 718 2654 argum.
750 2616 824 2644 Aer.
852 2620 883 2645 et
908 2616 1025 2654 Porph.
1053 2616 1092 2644 ad
1120 2615 1153 2645 C.
1179 2617 1238 2655 ΙΙΙ,
1265 2618 1317 2646 24.
1355 2616 1483 2647 Scholio
1509 2616 1659 2645 adiunxit
1696 2617 1715 2645 b
1752 2616 1848 2645 haec:
1887 2617 1919 2645 ⁴1.

93 2670 192 2707 primo
217 2671 396 2701 delectatus
422 2672 454 2701 in
480 2672 559 2701 mari
586 2672 736 2701 edificare
762 2681 836 2701 mox
862 2676 989 2701 mutata
1014 2673 1183 2702 uoluntate
1211 2678 1241 2703 et,
1266 2674 1298 2703 in
1325 2674 1571 2709 mediterraneo,
1611 2672 1695 2702 conf.
1722 2672 1764 2702 C:
1792 2672 1919 2702 ‘sensus

0 2753 8 2760 .
43 2755 46 2774 ἶ
95 2730 158 2757 est:
183 2728 318 2766 primum
344 2729 464 2767 gaudet
490 2729 662 2758 maritimis
688 2730 780 2765 locis,
820 2730 971 2759 continuo
996 2733 1080 2767 post,
1108 2730 1374 2760 mediterraneis!
1444 2730 1497 2769 15)
1524 2729 1613 2767 Erga
1642 2746 1678 2749 ἡ
1707 2738 1843 2759 amorem
1869 2729 1917 2770 γΙ).

94 2784 160 2813 rell.
179 2793 237 2815 om.
290 2786 344 2824 16)
370 2786 420 2814 Ire
447 2786 503 2815 illo
527 2787 576 2826 γΙ).
609 2786 680 2815 rell.
707 2796 766 2815 om.
822 2786 875 2824 17)
904 2786 952 2816 eri
974 2787 1005 2823 b,
1033 2790 1066 2816 ut
1084 2786 1196 2818 Ambr.
1225 2787 1309 2816 Med.
1336 2791 1407 2823 etc,
1435 2787 1464 2815 K
1491 2787 1523 2815 in
1550 2785 1585 2815 C.
1612 2786 1652 2821 11,
1683 2786 1734 2818 18.
1761 2787 1814 2823 32,
1840 2785 1919 2828 ΑγΗ

94 2840 125 2870 in
149 2840 179 2871 S.
205 2841 248 2879 II,
275 2843 305 2879 2,
335 2843 396 2873 129
425 2846 456 2872 θῖ
482 2843 593 2886 ΕΒφΒ
621 2844 653 2873 in
679 2841 768 2879 S.11‚
788 2844 818 2879 8,
838 2844 889 2872 43.
929 2844 961 2873 in
988 2844 1077 2873 codd.
1105 2844 1280 2880 nonnullis,
1320 2847 1352 2872 ut
1379 2842 1557 2879 Suecouat.‚
1595 2852 1734 2879 rasurae,
1773 2843 1805 2872 in
1832 2843 1918 2874 aliis.

94 2899 128 2926 ut
150 2897 242 2928 Bern.
269 2898 294 2929 C
320 2900 353 2929 in
379 2899 414 2929 E.
441 2900 466 2936 Ι,
497 2901 546 2937 16,
574 2901 591 2929 2
622 2910 692 2929 cum
719 2901 814 2938 signo
840 2900 914 2938 spir.
941 2910 1010 2939 asp.
1039 2898 1183 2939 (erum).
1212 2900 1293 2930 conf.
1320 2900 1469 2938 Wagner.
1495 2909 1524 2937 p.
1551 2900 1626 2928 433.
1652 2898 1787 2929 Ritschl.
1814 2899 1916 2929 Plaut.

94 2953 170 2990 prol.
196 2954 285 2985 Trin.
310 2955 457 2986 XCVIII.
485 2955 573 2986 Idem
599 2957 687 2986 ualet
713 2957 750 2986 de
775 2955 861 2986 erilis
887 2956 922 2986 C.
949 2957 1007 2994 ΙΙΙ,
1037 2958 1088 2995 27,
1117 2959 1166 2987 63.
1195 2957 1226 2987 S.
1251 2957 1291 2994 ΙΙ,
1322 2958 1348 2991 7,
1376 2957 1426 2987 60.
1455 2956 1490 2985 Ε.
1518 2954 1559 2992 ΙΙ,
1586 2957 1617 2991 2,
1644 2956 1673 2984 6.
1711 2955 1841 2986 Domini
1867 2956 1919 2986 uel

47 3049 48 3053 Ἰ
95 3009 205 3042 diuitis
228 3013 259 3042 b.
287 3013 397 3043 diuitis
421 3022 447 3055 γ.
473 3014 543 3043 rell.
572 3023 631 3043 om.
686 3014 741 3051 18)
770 3013 873 3044 Omen
899 3016 1092 3045 transeundi
1117 3024 1145 3057 γ.
1172 3014 1358 3044 transeundi
1386 3023 1409 3041 ε.
1429 3013 1545 3041 bonum
1571 3012 1600 3042 b.
1621 3012 1687 3041 rell.
1706 3022 1766 3042 om.
1792 3013 1919 3051 glossae

95 3066 127 3096 in
150 3068 184 3098 b:
221 3069 344 3100 uiciosa.
370 3080 458 3101 amor
483 3071 649 3109 pecuniae.
677 3070 775 3102 libido,
814 3071 865 3100 uel
891 3072 1020 3109 cupido.
1087 3072 1142 3110 19)
1171 3081 1194 3100 s.
1225 3071 1304 3100 dicit
1328 3070 1376 3111 Tb.
1403 3069 1471 3101 rell.
1498 3079 1557 3099 om.
1623 3069 1679 3108 20>
1705 3069 1845 3099 Nauium
1869 3070 1917 3110 ‘sb-

95 3123 164 3153 rell.
191 3134 252 3156 om.
279 3143 319 3147 m
348 3126 386 3156 Id
411 3130 459 3156 est
483 3136 510 3168 γ.
560 3125 617 3167 21)
642 3136 718 3157 mox
744 3127 774 3156 b.
800 3127 869 3157 rell.
897 3128 1060 3158 continuo.

1946 910 1983 941 10

1944 1278 1984 1309 15
