2148 3412
243 159 321 199 1:2ss
872 168 975 201 ΑΘΒ.
1001 169 1060 200 ET
1086 167 1251 200 PORPH.
1277 167 1425 200 COMM.

240 294 400 336 iocatur
430 293 481 335 do
512 293 590 334 hac
619 306 664 334 re
694 291 910 334 Horatius.
977 292 1079 334 Ideo
1109 291 1185 332 ait:
1223 296 1325 346 puto
1355 290 1573 347 Marsyam
1604 296 1787 332 erectam
1816 303 1943 331 unam
1972 303 2061 331 ma-

240 382 338 408 num
368 366 536 417 habere,
581 366 780 420 quoniam
810 366 977 408 illorum
1006 366 1288 406 feneratorum
1318 364 1609 419 inpudentiam
1646 379 1730 405 non
1766 369 1901 418 potest
1939 363 2062 405 susti-
2113 370 2115 385 ⁴

239 456 337 483 nore
348 458 357 490 3
390 440 541 482 deinde
572 441 685 495 quod
715 440 769 481 ad
800 446 977 481 statuam
1008 438 1207 493 Marsyae
1238 438 1527 480 uadimonium
1559 436 1828 480 statuebatur.
2089 447 2124 475 ι

352 516 444 555 122.
477 522 673 569 quartam.
735 512 907 554 Scilicet
935 513 1093 554 horam.
2112 508 2114 516 '

354 588 445 628 124.
477 588 693 642 fraudatis.
753 585 979 642 Expilatis,
1011 585 1236 627 euacuatis.

348 661 530 702 immund.
588 661 713 703 Natta
742 659 908 701 Nomen
936 658 1194 701 tenacissimi
1223 672 1354 712 usque
1386 657 1440 698 ad
1470 656 1777 699 inmunditiam.

353 735 445 775 125.
479 734 571 775 126.
601 735 764 788 sessum.
795 732 951 774 Rebus.
1011 733 1072 774 sol
1100 734 1248 774 acrior.
1310 729 1501 773 Calidior
1530 731 1634 772 hora
1664 730 1820 784 quinta.

351 807 503 848 rabiosi
529 814 706 863 tempora
736 808 852 860 siqm'.
910 804 1131 854 Aestuosi3
1167 805 1269 847 dicit
1299 812 1439 846 autem
1471 804 1560 846 dies
1591 803 1862 845 caniculares.

354 882 446 922 127.
480 881 664 922 Pransus
694 894 775 920 mm
804 879 931 920 (acide.
991 877 1148 919 Aestus
1179 893 1306 920 causa
1337 884 1496 919 tantum
1527 892 1719 932 pransus,
1751 882 1954 931 quantum
1997 891 2063 919 me

174 960 215 992 10
241 960 408 1009 separat
439 969 462 994 a
492 953 660 1003 ieiunio,
693 958 895 1006 quantum
926 957 1062 1006 potest
1092 951 1204 992 diem
1235 951 1388 993 durare
1419 952 1458 992 h.
1482 965 1515 993 e.
1546 966 1631 993 non
1660 950 1840 992 multum
1870 965 2062 1006 pransus.
2109 981 2119 1003 2,

174 595 192 625 05!

352 1027 586 1083 interpellet.
648 1024 876 1075 Sustineat,
909 1024 1143 1080 prohibeat,
1176 1025 1311 1066 distet.

356 1101 455 1143 Olz'o.
513 1114 633 1149 uaco,
665 1105 705 1139 et
734 1098 965 1139 notandum
997 1100 1097 1140 otior
1128 1098 1154 1139 i.
1172 1098 1215 1139 in
1245 1098 1369 1140 domo
1400 1098 1556 1140 otiosus
1588 1113 1683 1154 ago,
1714 1098 1858 1140 fictum
1873 1097 2061 1140 uerbum.

241 1175 503 1216 Domesn‘cus.
562 1171 704 1213 Domo
735 1175 993 1213 constitutus.

355 1248 449 1288 128.
480 1247 640 1287 domest.
686 1246 798 1286 otior.
876 1243 1026 1301 [Domi
1071 1244 1230 1286 otiosus
1274 1259 1444 1294 mane03
1489 1244 1719 1287 notandum
1765 1247 1878 1297 otior,
1922 1244 2064 1286 fictum
2106 1246 2121 1295 ᾗ

173 1327 213 1358 15
239 1320 450 1377 uerbum]

354 1395 447 1435 129.
478 1393 708 1435 solutorum.
768 1390 1021 1434 Alienorum
1051 1392 1205 1433 misera
1235 1391 1462 1433 ambitione
1495 1391 1714 1448 grauique.
1785 1389 1901 1445 Quia
1930 1391 2064 1435 omnis
2106 1402 2118 1450 *j

240 1468 448 1524 cupiditas
478 1482 612 1522 praua
642 1466 816 1508 miseros
847 1466 961 1516 facit,
990 1468 1198 1522 ‘qrauvz'qua
1260 1464 1376 1518 Quia
1406 1465 1595 1521 grauiter
1625 1465 1765 1506 afficit.

352 1543 423 1583 his.
482 1540 579 1582 Hac
608 1540 710 1590 uita,
742 1540 807 1581 his
838 1540 976 1582 rebus.

353 1616 446 1656 130.
478 1616 659 1656 suauitas.
721 1613 881 1655 Sensus
912 1620 1051 1655 autem
1081 1619 1161 1654 est:
1198 1612 1370 1654 suauius
1399 1611 1634 1653 humilitate
1666 1611 1833 1668 generis
1863 1619 1904 1654 et
1923 1611 2062 1669 digni·
2113 1639 2117 1645 -

172 1693 214 1725 20
239 1688 335 1730 tatis
364 1703 482 1730 meae
526 1688 729 1738 uicturus,
775 1702 903 1742 quam
947 1687 982 1729 si
1028 1702 1079 1728 ex
1122 1685 1331 1729 senatoria
1374 1685 1553 1736 familia,
1597 1692 1721 1741 atque
1764 1686 1855 1741 ipse
1899 1692 2064 1729 senator

240 1777 385 1804 essem.

353 1850 400 1877 ac
430 1836 475 1876 si.
534 1836 617 1877 Pro
648 1850 768 1891 quam
798 1838 843 1885 si,
884 1834 949 1890 [ut
980 1832 1049 1890 (A.
1081 1833 1161 1885 ΙΙΙ,
1193 1834 1314 1889 236)
1361 1834 1453 1877 Non
1497 1848 1610 1876 secus
1656 1849 1704 1876 ac
1748 1835 1849 1876 iussi
1886 1833 2060 1891 faciunt]

239 1908 399 1951 scilicet
430 1908 474 1950 in
503 1908 582 1950 hac
612 1908 859 1950 humilitate.

172 2061 213 2091 ος,
970 2037 1322 2081 PORPHYRION.

352 2132 444 2173 Non
475 2132 566 2186 quia
598 2131 775 2173 Maecen.
807 2129 905 2185 Lyd.
936 2129 1066 2184 qm'dq.
1100 2129 1261 2170 Etrusc.
1294 2129 1469 2171 Ineolue'c
1485 2129 1577 2185 finis
1598 2128 1833 2183 etreliqua.
1892 2128 2062 2171 Maece·
2108 2156 2111 2158 v

238 2211 377 2246 natem
409 2204 661 2258 adloquitur,
693 2203 918 2245 candorem
940 2202 1030 2244 eius
1052 2200 1181 2243 animi
1202 2216 1547 2252 commemorans,
1583 2202 1656 2256 qui
1685 2216 1912 2258 generosos
1939 2210 2062 2258 atque

238 2278 418 2319 humiles
449 2277 538 2319 sine
569 2276 811 2318 discrimine
842 2276 1035 2330 accipiat.
2097 2253 2101 2342 i

351 2352 557 2408 Lydorum
587 2351 778 2407 quidquid
804 2351 887 2391 Etr.
925 2349 1051 2391 Incol.
1085 2348 1190 2405 finis.
1248 2347 1364 2403 Lydi
1395 2348 1609 2402 quondam
1644 2349 1821 2404 profecti
1852 2348 2061 2391 incoluere
2096 2343 2111 2419 J·

356 2552 388 2590 1)
415 2555 511 2581 ercet.
530 2560 582 2580 un.
600 2548 741 2593 ‡(G‘?Q).
759 2550 827 2579 rell.
848 2560 898 2579 uu.
916 2552 1010 2579 erect.
1058 2549 1093 2588 4)
1120 2557 1144 2577 s.
1171 2550 1283 2579 horam
1299 2558 1326 2591 γ.
1345 2549 1416 2578 rell.
1435 2558 1495 2578 om.
1522 2549 1568 2588 (u.
1589 2548 1666 2588 123)
1692 2549 1812 2588 scripto.
1837 2557 1892 2587 pro
1917 2548 2061 2588 scriptito

238 2608 302 2649 -(,C.
330 2608 398 2637 rell.
426 2618 486 2637 om.
513 2607 641 2636 tacitum.
679 2607 763 2644 quod
789 2616 853 2636 non
880 2607 990 2636 recito.
1016 2615 1033 2647 γ
1056 2605 1125 2635 1·ΘΗ.
1153 2615 1213 2635 om.
1280 2606 1314 2644 6)
1341 2606 1567 2636 inmunditiam
1590 2615 1616 2647 γ.
1643 2606 1712 2635 rell.
1737 2605 1978 2635 immundiciam.
2028 2605 2060 2644 7)

238 2664 345 2693 Rebus
369 2674 394 2705 γ.
422 2664 490 2693 rell.
518 2673 577 2693 om.
641 2664 676 2702 8)
702 2662 863 2699 Aestuosi,
888 2664 968 2692 dicit
992 2666 1099 2692 autem
1125 2662 1169 2691 di.
1196 2671 1262 2691 can.
1288 2672 1314 2704 γ.
1341 2663 1410 2691 rell.
1436 2663 1598 2692 Aesluosus
1623 2663 1656 2692 di
1681 2671 1751 2692 can.
1803 2661 1858 2701 10)
1886 2666 2013 2700 separat
2032 2671 2059 2704 γ.
2093 2658 2105 2702 Ι
2142 2677 2146 2683 ·

239 2721 306 2749 roll.
334 2724 463 2757 separet.
489 2724 577 2757 potes
601 2729 627 2760 γ.
653 2720 722 2749 rell.
750 2722 855 2756 potest.
909 2720 962 2758 ll)
989 2719 1074 2750 discet
1096 2729 1123 2762 γ.
1155 2720 1222 2749 rell.
1249 2730 1309 2749 om.
1361 2718 1417 2759 12)
1444 2720 1520 2750 Otio
1538 2738 1580 2741 —
1598 2722 1795 2751 constitutus
1819 2730 1845 2763 γ.
1871 2721 1941 2750 rell.
1967 2719 2060 2750 Domi
2092 2721 2096 2765 J
2144 2740 2148 2746 »

241 2794 281 2796 ν-
307 2777 513 2806 constitutus.
576 2776 631 2815 16)
658 2776 741 2811 Quia
765 2776 866 2805 omnis
895 2792 931 2796 --
959 2776 1039 2806 facit.
1063 2785 1124 2818 γ,111
1149 2780 1181 2806 et
1207 2774 1326 2815 Q(G‘.>)‚
1365 2778 1418 2815 qui
1450 2787 1510 2807 om.
1551 2776 1638 2810 Quia.
1675 2777 1725 2806 Ab
1763 2777 1848 2806 omni
1885 2777 2060 2815 cupiditate

241 2841 348 2869 praua,
374 2842 453 2870 quae
478 2833 610 2862 miseros
636 2832 725 2869 facit,
755 2833 830 2870 quia
855 2842 902 2870 gr.
929 2831 981 2861 aff.
1012 2832 1077 2862 assi.
1143 2832 1198 2870 17)
1224 2831 1354 2862 Lemma
1375 2832 1522 2872 munique
1547 2833 1650 2871 posui.
1689 2838 1761 2871 post
1773 2833 1858 2872 facit
1882 2834 1953 2863 sine
1988 2833 2060 2863 lem.

242 2893 381 2926 pergunt
405 2888 559 2924 mvath.
628 2889 682 2928 19)
709 2888 830 2918 Sensus
858 2906 897 2909 m
926 2898 1027 2917 essem
1052 2898 1078 2930 γ.
1104 2888 1174 2919 rell.
1202 2897 1262 2918 om.
1326 2887 1384 2928 22)
1410 2890 1470 2919 loc.
1496 2889 1593 2928 Verg.
1619 2899 1679 2919 om.
1706 2899 1732 2931 γ.
1798 2889 1854 2928 23)
1881 2890 2006 2920 scilicet
2028 2889 2060 2919 in
2089 2889 2094 2975 z
2143 2903 2148 2906 >

242 2945 299 2973 ha(-
324 2946 398 2973 hum
423 2954 449 2986 γ.
476 2946 545 2975 rell.
572 2956 633 2975 om.

353 3001 506 3030 PORPH.
555 3001 673 3031 HAEC
700 3001 878 3031 EGLOGA
906 3001 1069 3032 ORDINE
1096 3000 1176 3031 SVO
1202 3001 1424 3037 SEQVITVR.
1451 3003 1494 3032 M.
1521 3002 1630 3032 Sermo
1656 3007 1769 3032 sextus
1796 3003 1824 3031 2.
2089 2978 2093 3030 i

354 3058 412 3096 26)
438 3057 568 3087 Lemma
593 3060 626 3087 in
651 3058 716 3099 TG:
753 3059 826 3088 Non
854 3076 892 3078 —
920 3058 988 3087 finis
1012 3057 1187 3096 etreliqua.
1214 3058 1302 3087 rell.:
1339 3059 1412 3089 Non
1444 3060 1520 3097 quia
1550 3058 1631 3088 ΜΘΘ.
1695 3059 1753 3097 27)
1779 3058 1883 3097 aclloq.
1909 3058 1951 3088 M.
2002 3055 2056 3095 29)
2087 3031 2092 3071 Δ

244 3113 318 3141 fines
341 3112 405 3142 MG
430 3114 460 3142 h.
488 3115 507 3143 l.
533 3119 565 3144 ut
593 3116 662 3144 rell.
688 3115 795 3154 Lydia
819 3114 883 3146 afh.
911 3114 1000 3154 Lydo
1024 3114 1134 3153 M(H).
1161 3114 1236 3153 lyri.
1261 3125 1291 3144 v.
1317 3116 1382 3144 rell.
1409 3114 1500 3155 Lydi.
