2148 3412
140 952 180 983 10

211 152 291 191 150
847 160 953 192 Aen.
978 160 1038 191 ET
1064 159 1230 191 Poni’n.
1257 159 1405 191 COMM.

208 292 413 339 poterant.
475 283 592 324 Solet
622 288 761 323 autem
792 283 969 338 priuatis
1000 282 1268 324 monimentis
1298 282 1488 333 inscribi,
1525 289 1623 337 quot
1654 282 1784 338 pedes
1815 283 1858 323 in
1888 283 2035 333 fronte,

208 366 307 412 quot
339 359 381 398 in
413 357 527 412 agris
559 355 752 397 habeant.
826 355 933 397 Item
965 355 1252 412 singularibus
1282 355 1531 410 plerumque
1561 356 1710 397 litteris
1755 355 1892 397 notari
1936 355 2038 397 solet

208 429 284 487 [H.
317 431 376 471 M.
407 430 465 470 H.
496 428 547 469 N.
582 427 672 486 S.]:
718 428 798 470 hoc
842 429 1144 470 monimentum
1176 428 1352 470 heredes
1382 443 1466 470 non
1497 436 1705 483 sequetur,
1745 427 1944 470 uidelicet
1986 443 2038 469 ne

206 504 278 558 qui
308 503 371 544 ius
402 503 554 544 habeat
585 503 794 544 inferendi
825 502 885 544 ibi
927 502 1127 557 reliquias
1175 501 1391 558 [aliorum]
1440 508 1711 543 mortuorum.
1770 501 1871 542 Fuit
1900 508 2037 543 autem

207 576 394 617 Manlius
424 591 555 617 uerna
585 582 700 617 trans
721 575 914 618 Tiberim
944 575 1141 631 ingenuis
1171 574 1417 630 parentibus
1447 584 1582 625 natus,
1615 575 1700 629 qui,
1733 574 1831 629 quia
1852 590 1877 616 a
1897 574 2038 616 multis

206 649 429 705 pecuniam
459 656 645 690 mutuam
678 648 893 705 erogabat,
939 648 1197 691 Pantolabos
1229 655 1290 689 est
1321 648 1653 704 cognominatus.
1715 646 1801 689 Sed
1847 647 2039 702 quamuis

206 723 364 777 aliquot
395 722 508 764 uitiis
539 730 763 773 teneretur,
810 730 949 763 tamen
980 730 1153 778 propter
1184 721 1479 763 scurrilitatem
1513 721 1786 777 conpluribus
1831 729 1921 763 erat
1964 721 2038 762 do-

206 797 402 837 mesticus
434 804 473 837 et
503 804 636 838 notus.
700 795 841 838 Cassii
871 803 1010 837 autem
1040 795 1297 837 Nomentani
1327 795 1464 846 huius,
1497 809 1621 850 quem
1652 802 1847 850 nepotem
1868 801 2040 850 propter

206 870 431 926 prodigam
462 870 593 911 uitam
624 870 868 926 appellauit,
901 884 1027 925 saepe
1058 868 1261 910 meminit.

322 945 385 984 14.
417 944 533 985 Nunc
565 945 653 985 licet
680 945 828 999 Esqm'l.
862 944 1040 985 habitare
1070 943 1314 984 salubribus.
1375 940 1548 983 Scilicet
1578 941 1678 996 quia
1708 948 1917 997 promotae
1948 941 2039 982 lon-

207 1016 302 1071 gius
332 1017 518 1058 ustrinae
550 1016 738 1058 salubres
769 1017 904 1058 factae
936 1023 1031 1058 sunt
1059 1015 1292 1071 Esquiliae.

320 1092 384 1131 16.
416 1090 529 1131 Albis
560 1092 772 1144 informem
803 1098 922 1146 spect.
954 1105 1028 1131 033.
1051 1104 1137 1144 αφ’.
1196 1089 1547 1130 Manifestissima
1579 1089 1778 1144 ἔκλειψις
1810 1089 2041 1145 spectabant

206 1163 319 1204 enim
351 1169 449 1205 ‘non
478 1163 622 1218 utique
654 1163 726 1204 alii
758 1177 885 1217 quam
914 1163 1118 1205 homines'
1150 1163 1495 1219 intellegendum.

319 1238 384 1278 21.
417 1238 481 1278 22.
514 1237 688 1278 sinmlac
717 1251 827 1292 παρα
859 1237 989 1278 Luna.
1063 1234 1181 1278 Bene
1211 1252 1333 1292 naqa,
1365 1236 1472 1278 sicut
1509 1237 1703 1291 Verqz'lz'us
1742 1235 1817 1292 (A.
1848 1235 1884 1286 I,
1918 1237 2038 1292 742):

206 1319 405 1352 errantem
441 1311 607 1352 Lunam.

318 1385 383 1424 23.
424 1385 514 1425 Vidi
557 1394 700 1439 eqomel
745 1385 863 1439 niqra
908 1398 1013 1425 succ.
1059 1399 1155 1426 urm.
1196 1385 1316 1440 palla
1366 1384 1588 1425 Canidiam.
1663 1382 1721 1424 Et
1751 1382 1853 1424 alibi
1886 1381 2039 1438 (Epod.

203 1456 284 1507 ΠΙ,
318 1458 362 1512 8)
395 1457 552 1499 dictum
585 1464 659 1507 est,
708 1455 950 1499 Gratidiam
981 1456 1150 1498 nomine
1180 1456 1308 1498 fuisse
1338 1456 1663 1512 Neapolitanam
1701 1456 2039 1512 unguentariam,

204 1546 331 1585 quam
354 1529 581 1572 Canidiam
611 1530 681 1572 hic
712 1530 901 1586 appellat
923 1538 962 1572 et
982 1537 1027 1572 ut
1056 1530 1287 1572 ueneficam
1320 1530 1456 1586 carpit
1486 1530 1669 1572 maxime
1699 1530 1743 1571 in
1763 1529 1917 1585 Epodo
1948 1544 2039 1571 car-

204 1604 317 1645 mine
350 1604 447 1659 (V).

318 1679 382 1719 25.
415 1692 506 1719 eum
538 1678 700 1733 Sayana
731 1680 885 1720 maiore
915 1679 1040 1720 uelul.
1117 1676 1313 1727 Memini,
1359 1692 1426 1718 me
1456 1677 1598 1733 legere
1628 1677 1744 1732 apud
1776 1677 1820 1718 H
1827 1677 2040 1719 elenium

204 1753 473 1799 Act-onem,
520 1752 724 1806 Saqanam
754 1752 923 1793 nomine
953 1751 1081 1793 fuisse
1112 1750 1282 1792 Horatii
1318 1750 1592 1806 temporibus,
1637 1750 1832 1792 libertam
1862 1749 2040 1805 Pompei

322 1977 354 2015 1)
381 1976 465 2015 quocl
488 1975 531 2005 Μ.
559 1976 591 2005 in
617 1975 702 2015 ayo-is
727 1974 932 2015 R(G?Q),va.
959 1976 992 2005 in
1019 1985 1113 2013 agros
1136 1975 1170 2004 M
1195 1974 1345 2014 (Halm.).
1386 1976 1417 2004 in
1443 1984 1519 2013 agro
1544 1975 1580 2004 fh
1606 1979 1636 2004 et
1664 1975 1761 2014 (teste
1787 1974 1829 2014 Q)
1857 1983 1901 2012 pr.
1928 1985 1968 2004 in.
1994 1973 2037 2004 M.

206 2034 239 2063 in
265 2033 382 2072 (myzdis
408 2034 438 2062 2.
488 2034 522 2071 ’2)
549 2034 736 2070 plerumque
762 2043 822 2062 om.
849 2032 917 2061 ath.
943 2033 1116 2070 plaerumq.
1142 2043 1171 2061 v.
1192 2050 1231 2053 ——
1252 2033 1366 2062 literae
1392 2032 1432 2061 H.
1458 2032 1502 2060 M.
1528 2031 1569 2060 H.
1595 2032 1635 2062 N.
1661 2031 1692 2061 S.
1719 2041 1779 2061 om.
1806 2030 1878 2060 MR.
1928 2031 1963 2070 3)
1991 2040 2038 2061 se-

206 2095 337 2129 quentur
361 2089 480 2119 MA2G
506 2089 540 2127 (l
567 2100 607 2119 m.
634 2090 674 2118 ad
700 2090 828 2128 marga).
855 2088 938 2118 conf.
964 2089 1016 2132 Βφ
1042 2090 1082 2118 ad
1108 2089 1183 2119 Acr.
1210 2092 1395 2128 sequeretur
1419 2088 1454 2117 P..
1483 2087 1629 2126 sequitur
1653 2087 1700 2118 fh.
1726 2088 1756 2117 h.
1783 2098 1823 2117 m.
1850 2088 1881 2116 h.
1908 2097 1932 2117 s.
1959 2086 2037 2126 (sic)

205 2147 283 2176 Ven.
310 2148 341 2176 h.
368 2157 407 2175 m.
435 2148 466 2175 h.
493 2156 523 2175 n.
544 2155 568 2175 s.
593 2146 668 2175 Asc.
695 2145 882 2183 Legendum
907 2150 1015 2175 autem
1040 2149 1106 2175 est:
1134 2146 1193 2176 hoc
1218 2147 1452 2176 monimentum
1477 2145 1627 2174 heredem
1651 2154 1715 2174 non
1741 2148 1898 2183 sequetur,
1924 2147 1960 2173 ut
1984 2153 2039 2181 po-

205 2205 264 2240 sui,
292 2213 361 2233 cum
379 2212 471 2241 perse
490 2206 586 2240 atque
613 2212 654 2231 ex
689 2202 758 2240 ipso
776 2202 909 2232 Horatio
934 2206 1056 2240 pateat,
1074 2202 1283 2232 monimentum
1299 2212 1364 2233 non
1388 2202 1609 2232 accusatiuum
1628 2210 1699 2230 esse
1717 2201 1773 2230 sed
1791 2201 2037 2230 nominatiuum.

205 2260 287 2290 conf.
314 2260 397 2289 Plin.
422 2259 478 2295 IX,
506 2260 564 2288 35:
604 2259 664 2288 hoc
689 2262 798 2288 tamen
823 2262 972 2288 aeternae
998 2260 1212 2297 possessionis
1239 2264 1304 2289 est:
1335 2257 1467 2297 sequitur
1491 2257 1637 2287 heredem.
1665 2256 1748 2287 Cato
1784 2266 1834 2295 ap.
1873 2257 1972 2286 Prisc.
1999 2257 2036 2286 4:

205 2319 273 2346 eius
298 2316 435 2346 heredem
460 2325 550 2345 sacra
573 2325 631 2344 non
655 2320 803 2345 secantur.
829 2315 934 2344 Aliter
959 2315 1063 2344 locum
1090 2316 1257 2345 intellexit
1284 2315 1321 2353 Q,
1348 2316 1402 2353 qui
1428 2318 1559 2353 propter
1583 2314 1810 2344 auctoritatem
1829 2314 1965 2344 iodicum
1989 2321 2037 2342 re-

204 2374 287 2411 cepit
315 2376 487 2411 sequentur,
516 2373 560 2401 ita
580 2381 654 2409 ergo
680 2376 714 2400 ut
739 2371 863 2400 lael-edes
887 2375 1048 2409 sequantur
1072 2371 1288 2409 monimentzmz,
1315 2372 1400 2410 quod
1426 2371 1503 2409 quid
1529 2371 1704 2409 significet,
1731 2380 1795 2401 non
1821 2371 2036 2408 adsequimur.

206 2440 245 2459 ne
270 2430 356 2467 ‘lacius
381 2430 497 2458 habeat
520 2429 563 2457 M.
590 2438 629 2457 ne
654 2427 719 2466 qais
743 2429 862 2457 habeat
882 2428 918 2459 R.
945 2437 984 2457 ne
1008 2427 1120 2467 quisuis
1144 2429 1261 2458 habeat
1281 2429 1309 2457 2.
1336 2437 1375 2457 ne
1400 2428 1515 2467 quisuis
1540 2428 1675 2457 habeant
1690 2438 1721 2457 v.
1752 2437 1792 2457 ne
1811 2437 1871 2466 pro
1895 2427 1957 2456 suis
1981 2428 2038 2456 ha-

203 2487 297 2515 beant
319 2486 384 2515 afh.
449 2486 484 2524 4)
511 2484 669 2514 inferendi
692 2484 749 2513 sibi
773 2484 914 2522 reliquiis
938 2488 1136 2515 mortuorum
1161 2485 1205 2514 M.
1234 2484 1408 2515 inferendis
1433 2485 1478 2514 ibi
1503 2485 1650 2523 reliquiis
1675 2484 1743 2514 ΒΑ.
1770 2483 1929 2514 inferendi
1953 2484 2037 2513 relli-
2058 2486 2061 2489 '

205 2543 295 2581 quitis
322 2543 350 2571 2.
379 2541 540 2571 inferendi
565 2540 711 2579 (reliquis
736 2542 771 2580 v)
799 2540 941 2578 reliquiis
966 2542 1006 2570 al.
1032 2551 1095 2570 niu.
1120 2541 1188 2570 vfh.
1216 2541 1391 2571 inferendis
1415 2542 1561 2579 reliquiis
1586 2551 1615 2570 α.
1640 2541 1732 2570 omisi
1758 2551 1828 2570 cuin
1853 2541 1887 2569 M
1911 2540 2039 2570 (diorum

204 2610 313 2629 uocem
338 2600 470 2628 minime
511 2598 737 2627 necessariam.
764 2615 805 2617 —
835 2598 971 2627 aliorum
1007 2598 1168 2627 multorum
1193 2598 1239 2628 fh.
1306 2597 1340 2637 5)
1366 2598 1485 2627 malins
1510 2598 1601 2635 R‚va.
1632 2598 1748 2627 malins
1774 2597 1816 2626 M.
1848 2597 1977 2626 Mallius
2002 2595 2038 2625 fh

206 2654 315 2694 (GUQ
357 2673 393 2676 —
423 2656 498 2693 quia
522 2655 635 2684 multis
660 2653 749 2683 vafh.
777 2654 833 2683 rell
875 2654 950 2692 quia
975 2663 993 2683 a
1017 2654 1138 2684 multis.
1200 2655 1235 2693 6)
1260 2655 1397 2693 rogabat
1421 2654 1509 2684 vafh.
1536 2663 1621 2692 erog.
1647 2653 1870 2693 MRA2G(Q).
1933 2653 1967 2692 7)
1991 2662 2036 2691 pr.

206 2722 302 2741 scurr.
330 2712 400 2743 MR.
428 2713 496 2741 rell.
524 2721 585 2741 om.
613 2721 684 2740 cum
710 2711 858 2748 pluribus
876 2709 1014 2749 MG(Q),
1040 2711 1251 2749 compluribus
1279 2711 1400 2749 27vafh.
1425 2711 1523 2740 multis
1540 2711 1577 2740 R.
1604 2710 1789 2740 domesticis
1812 2714 1896 2739 notus
1913 2708 2036 2739 MR2G.

207 2769 396 2797 domesticus
422 2773 449 2797 et
471 2772 567 2798 notus
594 2768 631 2802 Q.
659 2767 856 2796 domesticus.
883 2767 1039 2796 Horatius
1066 2771 1171 2797 autem
1198 2767 1303 2797 Cassii
1330 2769 1407 2797 vafh
1436 2768 1623 2806 (Horaticus
1649 2770 1754 2796 autem
1781 2766 1868 2796 Casii
1889 2766 1938 2804 v),
1976 2774 2036 2795 om.

206 2829 233 2852 et
257 2831 356 2853 notus.
423 2825 458 2865 8)
487 2825 579 2853 Cassi
605 2824 648 2852 M.
675 2824 813 2861 cuiusque
840 2833 910 2860 nep.
938 2823 978 2851 M.
1006 2823 1152 2862 huiusque
1176 2834 1246 2861 nep.
1272 2825 1308 2853 R.
1335 2825 1402 2853 rell.
1441 2825 1536 2853 huius
1562 2833 1654 2862 quem.
1720 2822 1755 2861 9)
1781 2823 1969 2861 prodiguam
1993 2820 2035 2850 M.

209 2882 265 2919 11»)
293 2882 365 2918 quia
392 2886 556 2918 promotae
582 2880 773 2918 MAQGQ).
801 2879 856 2917 qni
880 2883 1016 2917 promote
1041 2878 1076 2907 R.
1112 2879 1195 2914 Quia
1221 2890 1301 2918 quae
1327 2885 1400 2910 ante
1426 2880 1490 2917 ath,
1517 2889 1577 2909 om.
1633 2879 1762 2909 Scilicet
1788 2888 1812 2908 s.
1839 2879 1914 2916 quia
1932 2877 2038 2916 preiite

207 2946 235 2964 v.
291 2938 342 2974 11)
369 2938 484 2965 anti-ine
510 2938 546 2967 R.
572 2955 594 2957 w
619 2937 762 2975 esquilii<
788 2937 819 2965 in
848 2937 919 2964 lem.
948 2934 1095 2973 esquiliae
1119 2935 1162 2963 M.
1187 2936 1342 2974 esquiliae
1358 2937 1385 2965 R
1410 2936 1569 2974 (exquiliis
1595 2936 1626 2965 in
1651 2935 1741 2974 lem.)
1794 2935 1850 2974 12)
1877 2944 1914 2964 en
1939 2930 2037 2976 λιψεις

206 2991 238 3020 Μ
265 2992 353 3030 (sic).
382 2989 519 3034 ἔκλειψις
544 2993 590 3022 fh.
618 3003 679 3022 om.
705 2993 741 3021 R.
770 2992 897 3029 eclipsis
933 3001 983 3020 va.
1022 2991 1106 3020 conf.
1135 2991 1272 3026 Quintil.
1299 2992 1385 3029 VIII,
1413 2995 1441 3021 6.
1469 2993 1660 3030 spectabant
1686 2993 1771 3021 enim
1796 3001 1855 3021 om.
1882 2990 1927 3020 fh.
1981 2988 2034 3027 14)

208 3048 342 3076 simulac
368 3058 427 3077 om.
456 3049 502 3077 fh.
571 3047 626 3087 16)
655 3048 824 3078 Canidiam
851 3048 922 3077 lem.
951 3049 982 3077 in
1008 3048 1054 3077 fh.
1124 3048 1176 3086 18)
1205 3052 1234 3077 et
1262 3052 1288 3076 et
1311 3058 1383 3077 nen.
1411 3049 1515 3086 carpit
1540 3053 1573 3077 ut
1597 3058 1682 3077 max.
1709 3048 1752 3076 M.
1817 3047 1874 3085 20)
1899 3046 2037 3076 helenem

207 3113 336 3133 evonem
356 3104 396 3132 M.
424 3104 565 3133 helenum
591 3114 717 3134 cronem
743 3105 834 3142 R‚va.
863 3104 1026 3133 Helenium
1050 3103 1204 3133 Acronem
1230 3104 1340 3141 A2‚fh.
1366 3105 1564 3134 Praenomen
1589 3103 1741 3134 Helenius
1766 3103 1824 3142 (K.
1841 3103 1932 3132 Harl.
1952 3101 2034 3132 2725

209 3171 289 3191 saec.
318 3160 360 3198 X)
386 3162 490 3190 rarius
517 3167 565 3190 est
590 3171 684 3200 quam
710 3162 839 3191 Helenus
864 3162 896 3192 in
922 3162 1014 3192 codd.
1040 3161 1080 3190 ad
1106 3162 1209 3190 uitam
1222 3161 1252 3190 ΙΙ
1282 3161 1334 3199 (Q.
1360 3162 1436 3190 Hor.
1462 3161 1510 3190 Fl.
1536 3161 1690 3190 libertino
1713 3164 1804 3198 patre
1828 3162 1922 3189 natus
1947 3157 2035 3197 ete),
