2148 3412
121 577 138 606 5

122 942 163 974 10

122 1309 162 1340 15

122 1676 163 1708 20

189 138 270 179 540
792 144 899 177 Acss.
947 142 1007 176 ΕΤ
1032 141 1201 176 PORPH.
1227 141 1376 176 COMM.

294 272 458 327 pilenta..
520 268 687 322 Quibus
717 267 867 324 regina
898 275 1032 323 capta.

296 345 503 400 petorrita.
565 341 732 394 Quibus
762 340 947 382 familiae
979 354 1140 394 regum.

298 431 435 458 naues.
498 414 663 467 Quibus
695 414 751 464 hi,
783 413 856 468 qui
885 413 1027 454 nauali
1057 412 1168 453 bello
1199 411 1312 453 uicti.

301 491 392 531 193.
427 491 586 544 captiua
623 487 847 529 Corinthus.
922 485 1007 527 Aut
1055 484 1356 539 metonymicos
1388 481 1640 525 Corinthum
1671 496 1748 536 pro
1777 481 1890 522 uasis
1922 479 2007 524 Co-

187 562 366 612 rinthiis,
399 569 468 603 aut
500 562 598 617 quia
628 560 835 616 imagines
867 560 955 600 cius
986 558 1134 614 oppidi
1155 557 1427 606 fabricantur,
1457 556 1564 597 utin
1587 569 1744 610 pompa
1764 554 2008 610 triumphali

186 636 365 678 transire
395 635 568 690 possint.

302 710 394 750 194.
428 708 474 750 Si
498 709 604 763 foret
632 708 672 748 in
705 708 834 756 terris,
865 707 941 747 rid.
967 707 1148 746 Democr.
1212 701 1319 745 Cum
1363 701 1662 758 processissent
1706 701 1749 742 in
1794 700 2009 756 publicum

186 782 457 824 Democritus
488 788 527 822 et
558 779 814 829 Heraclitus,
846 779 1015 820 diuersa
1043 778 1267 820 faciebant.

303 855 471 912 [rideret
500 852 785 909 Democritus]
846 851 1118 893 Democritus
1148 866 1330 906 namque
1360 850 1529 901 rideret,
1571 850 1605 892 si
1638 857 1804 905 stupere
1835 848 2009 890 uidisset

187 929 390 985 populum
423 936 462 970 et
492 928 694 983 adspectu
724 925 954 982 pantherae
985 926 1181 967 confusae
1213 924 1384 967 camelo.

303 1004 394 1044 196.
426 1002 522 1043 Siue
552 1001 710 1057 elephas
741 1000 866 1041 albus.
938 998 1034 1040 Non
1064 1006 1148 1040 tam
1180 998 1290 1040 ludis
1320 997 1497 1039 scenicis
1530 996 1748 1054 [populus]
1781 997 2010 1038 delectare-

186 1085 266 1127 tur,
299 1091 424 1131 quam
454 1075 588 1130 ipsius
618 1073 766 1130 populi
796 1073 996 1123 uanitate,
1041 1072 1085 1113 in
1116 1087 1198 1127 qua
1233 1071 1348 1113 omni
1376 1070 1506 1112 mimo
1537 1078 1577 1111 et
1607 1069 1778 1111 suauius
1808 1076 1848 1111 et
1876 1069 2011 1111 maius

188 1150 268 1192 sibi
299 1148 585 1205 spectaculum
616 1147 863 1202 repperiret.

302 1224 393 1264 199.
428 1223 650 1278 Scriptores
681 1229 825 1262 autem.
884 1219 1038 1276 Magis,
1085 1219 1235 1274 inquit,
1282 1218 1438 1259 rideret
1481 1217 1753 1259 Democritus
1799 1217 1842 1273 [a
1872 1216 2009 1272 uultu]

188 1297 350 1339 uultum
382 1295 528 1351 populi
558 1310 668 1336 uana
698 1293 902 1343 mirantis,
949 1308 1042 1334 cum
1079 1292 1220 1334 oculos
1266 1291 1319 1332 ad
1363 1299 1529 1346 petasos
1574 1291 1762 1333 scenicos
1804 1290 2010 1340 uertisset,

189 1371 295 1426 (et?)
326 1367 635 1424 pronuntiantis
667 1366 926 1409 comoediam
959 1366 1078 1422 (ob?)
1110 1371 1378 1421 spectatores,
1425 1379 1601 1419 quorum
1632 1364 1771 1406 nullus
1800 1364 2011 1415 adtendat,

187 1451 232 1486 ut
263 1446 372 1499 (aut)
405 1442 560 1484 audiat.

299 1532 474 1559 narrare
501 1524 673 1573 putaret.
734 1513 890 1570 [Multa
921 1513 1044 1569 dixit]
1086 1512 1204 1554 Idem
1235 1511 1519 1553 Democritus.

302 1592 395 1632 199.
427 1591 520 1631 200.
553 1589 673 1630 asello
705 1588 909 1629 Fabellam
940 1588 1076 1629 surdo.
1147 1585 1205 1626 Et
1234 1586 1406 1628 surdum
1438 1585 1606 1641 (dicitP)
1637 1585 1875 1627 uincentem
1907 1591 2011 1626 stre-

187 1664 299 1720 pitus
329 1663 380 1705 de
411 1662 593 1704 iambico
622 1660 796 1716 tragico.

305 1847 337 1886 1)
363 1856 421 1886 qua
445 1846 571 1876 familia
594 1855 624 1874 v.
690 1845 724 1884 2)
751 1845 867 1882 quibus
893 1844 1020 1874 familia
1044 1844 1110 1873 afh.
1175 1844 1209 1882 3)
1235 1842 1267 1872 ln·
1289 1843 1340 1881 qui
1364 1852 1435 1872 nau.
1461 1843 1505 1873 Μ.
1531 1844 1577 1873 1111
1603 1853 1677 1873 nau.
1706 1845 1735 1873 2.
1761 1851 1929 1881 perperam
1953 1842 2010 1872 ref.

191 1903 234 1938 Q:
262 1904 389 1941 ‘quibus
414 1902 438 1931 iz·
462 1903 517 1941 qui
542 1901 672 1931 nauali.'
699 1901 768 1930 rell.
795 1901 910 1939 quibus
935 1900 966 1930 ia
991 1910 1065 1929 nau.
1115 1900 1150 1939 4)
1177 1899 1316 1936 ‘captiua
1340 1901 1502 1929 corinthos
1526 1897 1702 1941 μελοσυμια
1721 1899 1922 1930 Corinthum'
1951 1903 2011 1929 etc.

192 1958 325 1997 Captiua.
351 1955 557 2000 μελοστομία.
585 1956 761 1987 Corinthus
786 1967 842 1995 pro
867 1958 956 1986 uasis
983 1966 1044 1987 cor.
1070 1966 1089 1986 a
1115 1960 1146 1985 et
1170 1955 1217 1993 fh,
1244 1957 1299 1994 qui
1325 1956 1458 1986 alteram
1476 1961 1600 1994 partem
1619 1957 1665 1986 sic
1682 1957 1818 1986 habent:
1847 1955 2011 1986 Corinthus.

191 2014 384 2046 Corinthum
404 2015 500 2053 ponit.
526 2024 582 2052 pro
607 2014 694 2042 uasis
720 2012 791 2043 Cor.
807 2014 931 2043 &Aut
955 2016 1028 2042 met.
1052 2011 1179 2042 MA2G.
1231 2012 1265 2050 5)
1292 2016 1347 2042 aut
1371 2023 1430 2042 0111.
1456 2012 1551 2043 M2G.
1581 2013 1719 2052 imagini
1741 2012 1838 2043 M2G.
1865 2013 1932 2043 eius
1957 2022 2012 2051 op—

189 2073 332 2110 pidorum
356 2072 399 2100 M.
426 2089 461 2092 *
493 2070 730 2100 fabricabantur
755 2070 789 2098 M
815 2070 859 2108 (Q
885 2088 927 2090 -e-
954 2070 1109 2109 possent).
1137 2069 1206 2098 rell.
1233 2068 1444 2099 fabricantur.
1473 2088 1513 2090 ——
1540 2069 1659 2108 possint
1682 2069 1748 2099 M2.
1776 2071 1844 2099 rell.
1870 2072 2010 2108 possent.

191 2129 225 2167 7)
252 2129 409 2158 Lemmati
436 2128 468 2157 Si
493 2145 534 2147 ff*
560 2128 654 2157 terris
679 2127 818 2156 adiunxi
842 2126 902 2155 rid.
929 2127 1068 2155 Democr.
1107 2125 1134 2161 Q
1160 2130 1233 2164 post
1250 2125 1402 2163 publicam
1426 2127 1535 2164 posuit
1564 2130 1728 2164 punctum.
1794 2126 1828 2165 8)
1855 2125 2013 2156 fatiebant

188 2186 232 2215 M.
281 2187 316 2225 9)
342 2186 457 2215 lemma
481 2184 541 2214 rid.
567 2185 650 2214 Dem.
677 2185 814 2222 inter-po.
839 2182 917 2220 th,
944 2187 1116 2221 pergentes
1141 2186 1177 2212 ut
1201 2192 1258 2212 va:
1296 2183 1500 2212 Democritus
1525 2193 1661 2221 namque
1696 2183 1817 2212 rideret
1854 2184 1892 2213 si.
1930 2181 2011 2213 MG:

189 2243 393 2272 Democritus
420 2242 505 2280 quod
530 2242 589 2280 (z
607 2242 640 2281 2)
667 2242 787 2270 rideret
812 2250 882 2270 nam
905 2240 983 2278 quod
1009 2240 1052 2279 (si
1078 2240 1156 2278 quid
1177 2240 1211 2279 2)
1238 2244 1367 2278 stupere
1392 2241 1543 2278 populum
1560 2241 1699 2270 uidisset
1719 2240 1777 2278 (z
1796 2241 1825 2269 2.
1852 2240 1920 2268 rell.
1946 2239 2012 2268 uid.

188 2300 276 2338 pop.)
304 2304 334 2329 et
362 2299 420 2338 (M.
448 2299 517 2328 rell.
544 2298 622 2336 om.)
649 2307 682 2327 as
707 2302 802 2335 pectu
827 2298 985 2335 panthera
1010 2297 1131 2326 camelo
1156 2296 1266 2335 (aliter
1292 2296 1335 2332 Q:
1374 2297 1552 2334 pantherae
1577 2297 1728 2326 camelus.
1754 2295 1796 2325 G:
1834 2296 2012 2334 pantherae

189 2349 359 2394 cameliis.)
380 2355 454 2385 MG.
484 2356 657 2393 pantherae
689 2355 826 2384 camelus
844 2356 873 2383 2.
906 2364 936 2392 p.
957 2353 1100 2384 Camelos
1124 2364 1154 2384 v.
1173 2371 1213 2374 ——
1234 2355 1261 2383 si
1288 2358 1414 2392 stupere
1439 2354 1578 2383 uidisset
1601 2353 1752 2391 populum
1777 2357 1908 2390 aspectu
1934 2362 2011 2390 pan-

190 2413 302 2442 therae
327 2413 442 2442 cameli
467 2413 503 2441 fh
531 2411 705 2449 (panthera
730 2411 843 2440 cameli
870 2411 922 2448 Q).
959 2410 1048 2445 Quae
1073 2411 1310 2448 conpositiones
1335 2420 1390 2448 pro
1416 2411 1532 2448 quibus
1559 2409 1583 2439 C
1609 2410 1705 2439 habet
1732 2407 2010 2447 Camelopardalim,

189 2473 297 2499 notam
325 2479 365 2498 ex
390 2468 472 2498 Plin.
496 2468 583 2505 VIII,
614 2469 651 2497 18
678 2471 710 2497 et
735 2467 825 2497 Varr.
851 2467 886 2496 L.
914 2467 948 2497 L.
974 2467 1028 2496 IV.
1057 2468 1107 2503 20,
1134 2477 1205 2496 cum
1230 2476 1294 2496 non
1320 2467 1388 2496 sint
1414 2466 1558 2502 Latinae,
1585 2467 1684 2496 libros
1710 2470 1740 2495 et
1764 2465 1937 2495 Horatium
1962 2475 2011 2496 se-

190 2535 290 2563 quens
316 2525 447 2562 scripsi:
485 2528 515 2554 et
541 2525 696 2562 adspectu
732 2524 905 2561 pantherae
941 2523 1082 2563 confusae
1120 2525 1251 2553 camelo.
1314 2523 1369 2562 11)
1397 2522 1496 2553 elefas
1520 2523 1563 2551 Μ.
1589 2540 1629 2543 —
1657 2522 1792 2560 populus
1817 2532 1877 2552 om.
1913 2521 2011 2553 MQG.

190 2580 308 2611 Editor
331 2581 521 2619 Pragensis:
549 2581 624 2610 ‘Nos
649 2580 841 2610 Fabriciana
866 2581 989 2610 intacta
1015 2581 1202 2619 reliquimus
1222 2580 1260 2609 de
1279 2580 1477 2609 emendando
1495 2580 1607 2608 dubii.⁷
1660 2578 1714 2617 12)
1742 2578 1859 2608 omnino
1883 2589 1904 2608 v
1930 2577 2010 2618 (oio)

190 2646 208 2666 a
235 2637 337 2676 (cino)
363 2637 410 2666 fh.
462 2638 516 2677 13)
543 2638 717 2676 repperiret
741 2636 785 2666 M.
813 2646 872 2666 om.
901 2637 928 2665 2.
981 2638 1035 2676 14)
1061 2637 1167 2666 ridere
1190 2636 1233 2666 M.
1261 2637 1387 2666 uultum
1414 2635 1463 2665 2G
1490 2635 1538 2673 (111
1556 2635 1685 2673 marg).
1711 2635 1780 2664 rell.
1806 2645 1826 2664 a
1848 2635 1931 2664 uultu
1955 2645 2011 2674 po-

189 2694 255 2731 puli
273 2692 451 2733 MA2G<Q)
477 2694 547 2723 rell.
568 2703 628 2723 om.
648 2703 756 2732 paana
781 2692 869 2731 (proz
890 2694 1005 2731 populi
1031 2692 1153 2731 uana‘?)
1179 2703 1209 2723 v.
1262 2693 1317 2731 15)
1344 2701 1413 2722 eum
1431 2701 1491 2721 om.
1508 2690 1606 2720 M2G.
1623 2709 1660 2712 κ
1680 2700 1782 2721 scaen.
1800 2691 1844 2721 M.
1870 2701 2011 2730 pronun-

189 2750 299 2779 tiantis
315 2749 381 2779 MG
406 2750 432 2789 (i
450 2758 546 2788 supra
564 2750 605 2789 e),
631 2760 651 2779 v
678 2750 932 2788 (pronuntiantis
957 2751 1163 2779 cemoediam.
1190 2749 1325 2788 Spect.).
1352 2758 1384 2778 a:
1413 2749 1616 2785 comoediam,
1642 2747 1676 2776 ob
1701 2752 1799 2785 spect.
1815 2757 2009 2786 —pronun-

190 2807 302 2836 tianles
321 2807 349 2836 2.
375 2806 588 2844 pronuntiatis
613 2806 658 2836 fh.
684 2807 777 2845 posui
804 2810 830 2835 et
853 2806 1090 2844 pronuntiantis
1115 2816 1192 2835 com.
1219 2809 1327 2844 atque,
1352 2809 1527 2844 praeeunte
1544 2804 1715 2842 Aseensio,
1740 2805 1774 2834 ob
1799 2808 2008 2843 spectatores.

191 2863 229 2891 cf.
248 2863 281 2891 ob
298 2863 396 2893 oculos
422 2863 488 2893 Cic.
506 2863 584 2893 Rab.
603 2867 688 2902 post.
710 2863 759 2892 14.
786 2864 825 2893 ob
844 2862 962 2892 oculum
987 2863 1093 2892 Plaut.
1111 2863 1180 2892 Mil.
1198 2862 1236 2900 V,
1257 2863 1309 2892 37.
1360 2862 1416 2901 17)
1441 2866 1492 2891 aar:
1512 2862 1623 2891 audiat
1640 2863 1669 2890 2.
1721 2862 1775 2900 18)
1801 2861 1898 2891 M'alta
1924 2861 2011 2890 dixit
2051 2893 2054 2895 ‚
2079 2861 2082 2883 i

191 2918 278 2948 M2G
304 2921 341 2948 cf.
361 2930 390 2949 u.
410 2921 484 2950 206.
510 2921 579 2951 rell.
604 2920 694 2950 Nune
720 2920 816 2949 dixit.
843 2920 935 2949 Nunc
952 2918 1029 2948 dicit
1055 2919 1209 2949 Diintzer.
1224 2919 1276 2956 IV,
1293 2919 1368 2949 312.
1394 2918 1463 2961 Βφε
1490 2919 1575 2948 idem
1593 2918 1797 2947 democritus.
1825 2916 1866 2947 C:
1892 2917 2009 2947 Demo-

192 2976 301 3005 critus.
326 2975 411 3006 Fort.
439 2977 502 3006 sic:
527 2986 673 3006 narrare.
700 2976 812 3006 Multa.
832 2979 963 3014 putaret.
990 2975 1113 3005 Diceret
1136 2976 1347 3006 Democritus.
1373 2974 1455 3005 MG:
1480 2985 1542 3004 mu.
1569 2975 1638 3004 dix.
1664 2973 1816 3004 fabellam
1840 2978 1867 3004 et
1891 2973 1931 3012 (x
1956 2983 2008 3004 su-

191 3041 300 3070 prapo.
328 3031 370 3070 G)
395 3032 485 3062 asello
510 3037 541 3062 et
567 3033 696 3062 surdum
721 3033 809 3062 uinc.
836 3033 870 3061 2:
904 3032 1055 3061 fabellam
1081 3036 1107 3060 et
1129 3042 1149 3061 a
1171 3032 1272 3062 surdo.
1301 3032 1393 3062 Omn.
1420 3032 1495 3061 libri
1519 3031 1656 3060 habent:
1683 3030 1728 3059 Et
1753 3030 1838 3060 surd.
1864 3030 1948 3060 uine.
1967 3045 2008 3050 —-

191 3089 324 3125 tragico.
349 3087 528 3127 Interposui
553 3089 634 3120 dicit.
661 3089 689 3125 Q
714 3090 901 3120 confitetur:
929 3089 1042 3127 ‘neque
1065 3089 1143 3120 haec
1168 3098 1272 3129 neque
1296 3088 1396 3120 schol.
1423 3088 1463 3118 ad
1486 3096 1569 3118 uers.
1598 3088 1660 3118 199
1687 3095 1801 3117 sanare
1824 3085 2006 3125 potuimus.’

190 3143 283 3186 Βφ,()
309 3148 427 3175 tacent.
