2148 3412
146 1668 152 1678 ¹
211 1660 378 1700 fortuna
408 1659 492 1699 iam
522 1664 718 1713 praestet.
792 1657 912 1715 Ergo
944 1665 984 1700 et
1013 1658 1189 1713 perfecti
1218 1666 1367 1714 poetae
1398 1674 1559 1708 sumus3
1607 1659 1680 1700 sed
1723 1659 1803 1701 hoc
1845 1658 2033 1715 intellegi

216 132 297 174 528
842 141 948 174 ACR.
973 141 1034 174 ET
1057 127 1224 174 PORPH'.
1250 141 1398 175 COMM.

330 268 394 306 27.
428 267 577 306 Albano
608 266 751 307 Musas
780 266 821 305 in
852 273 992 306 monte.
1054 264 1142 306 Cur
1186 265 1228 305 in
1259 264 1430 307 Albano
1473 268 1640 308 monte?
1680 271 1817 307 utrum
1862 272 2034 322 propter

215 347 474 388 uetustatem,
507 337 618 392 quod
648 345 743 379 ante
773 337 951 379 Romam
983 337 1096 379 Alba
1127 339 1344 394 regnauit?

328 414 392 452 28.
425 412 479 460 Si,
513 413 605 467 quia
641 412 894 453 Graecorum
924 420 1027 452 mm.
1089 410 1210 452 Haec
1240 418 1326 453 tota
1356 413 1560 453 sententia
1589 426 1742 467 usque:
1780 413 2034 469 Miraturque

215 485 319 526 m'lu'l
348 486 429 525 m'se'
456 485 562 539 quod
594 485 763 526 Libitina
794 486 975 526 sacrauit
1005 485 1131 539 (uers.
1163 485 1251 539 49.)
1283 484 1394 526 hunc:
1425 500 1590 526 sensum
1622 485 1822 526 eontinet:
1861 484 1909 528 Si
1939 485 2034 527 ideo

216 557 403 599 carmina
433 557 724 612 antiquissima
755 572 944 612 quaeque
974 557 1210 607 laudantur,
1243 558 1341 612 quia
1363 558 1539 613 (quae?)
1570 558 1850 613 antiquissimi
1881 559 2035 613 quique

216 628 478 672 Graecorum
509 631 665 685 optime
697 630 966 686 seripserunt,
1017 646 1065 672 eo
1095 630 1203 672 redit
1234 645 1312 681 res,
1357 637 1402 672 ut
1432 631 1661 672 seeundum
1692 631 1868 673 eandem
1899 632 2035 674 aesti—

213 703 452 754 mationem,
498 704 541 744 in
573 719 656 759 qua
687 704 891 754 doctrina,
937 719 1020 746 non
1063 711 1228 759 tempus
1273 704 1498 758 quaeritur,
1544 703 1693 746 debeat
1738 711 1778 745 et
1820 704 2035 747 Romanus
2096 722 2100 765 j

214 784 336 832 poeta
358 777 496 818 statim
517 777 698 832 placere,
730 777 801 832 qui
833 777 965 818 bonus
996 784 1068 819 est.
1130 776 1257 829 Quod
1288 777 1323 818 si
1353 777 1423 827 ita,
1455 792 1538 819 non
1569 783 1642 827 est,
1675 777 1788 832 quod
1817 778 1947 819 multa
1972 778 2035 820 lo·
2094 772 2100 863 ἔ

214 864 389 905 quamur
411 865 504 891 eum
526 850 622 900 illis,
645 850 729 905 qui,
752 864 859 904 quae
880 851 1101 892 manifesta
1122 857 1229 901 sunt,
1251 857 1420 906 negant.
1460 849 1556 892 Non
1577 850 1709 892 solum
1731 850 1843 892 enim
1864 851 2036 893 secundi

214 923 403 966 doctrina
435 939 589 974 sumus,
635 939 781 965 uerum
811 924 936 965 etiam
968 922 1157 966 Graecos
1186 924 1376 966 uicimus.
1451 922 1529 965 Sin
1573 930 1712 965 autem
1757 931 1920 980 tempus
1952 923 2030 981 [et]
2092 869 2098 958 3

214 997 302 1039 siue
332 1004 515 1039 uetustas
545 998 588 1038 in
620 997 804 1039 camnine
834 1004 1047 1053 tamquam
1078 998 1121 1039 in
1141 997 1240 1039 uino
1262 997 1314 1038 sit
1334 997 1598 1051 inquirenda,
1629 997 1755 1039 uelim
1777 997 1897 1048 seire,
1929 1012 2034 1052 quo·
2090 962 2096 1111 ἰ

213 1078 278 1112 tus
308 1086 441 1112 annus
472 1070 651 1126 probum
682 1085 851 1112 carmen
881 1071 1045 1112 efficiat.
1107 1069 1203 1123 Quo
1225 1071 1316 1126 ipso
1337 1071 1460 1112 facile
1482 1071 2031 1122 demonstratum*stultitiae
2090 1114 2094 1150 ς

214 1159 316 1193 esse,
348 1144 391 1184 in
422 1144 541 1186 libris
572 1151 736 1199 tempus
768 1144 1046 1195 considerare,
1078 1160 1161 1186 non
1192 1145 1397 1186 meritum.

326 1219 390 1259 29.
423 1219 489 1259 30.
526 1219 663 1259 eadem
684 1219 910 1275 Scriptores
933 1220 1096 1260 trutina.
1154 1217 1319 1260 Eodem
1351 1218 1555 1269 examine,
1588 1218 1734 1260 eodem
1764 1218 1933 1269 iudicio,
1965 1232 2035 1260 ea·
2087 1158 2094 1266 3

214 1291 309 1332 dem
339 1291 638 1332 aestimatione.

325 1365 391 1406 31.
422 1366 493 1407 Ne'l
522 1366 629 1406 intra
652 1372 707 1405 est
727 1365 864 1406 oleam.
924 1363 1094 1420 Negant
1123 1365 1354 1407 manifesta.
1414 1364 1522 1407 Nam
1557 1372 1730 1416 constat,
1760 1365 1870 1406 intra
1900 1364 2033 1406 oleam

213 1445 253 1480 et
282 1445 400 1479 extra
429 1453 578 1480 nucem
609 1453 698 1480 esse
730 1438 939 1479 duritiam.

325 1513 390 1553 32.
431 1513 614 1554 Venimus
646 1513 699 1553 ad
729 1527 928 1553 summum
957 1513 1155 1566 fortunae.
1215 1511 1370 1554 Utrum
1404 1511 1485 1569 [in]
1518 1512 1709 1568 imperio,
1755 1527 1807 1553 an
1839 1523 1889 1553 ‘et
1929 1526 2033 1553 cae-

211 1585 311 1627 teris
345 1585 426 1642 [in]
459 1585 597 1636 rebus,
631 1600 734 1640 quas
765 1586 1005 1626 enumerat?
1077 1584 1174 1626 Non
1203 1585 1342 1635 habet,
1379 1585 1526 1640 inquit,
1560 1585 1671 1640 quod
1701 1585 1822 1627 nobis
1853 1585 2033 1641 amplius

212 1748 339 1788 quam
370 1731 453 1773 diei
486 1747 509 1772 a
540 1746 582 1773 se
613 1731 771 1772 maluit.

323 1807 390 1847 36.
423 1807 492 1861 qui
520 1806 673 1847 decidit.
736 1804 822 1857 Qui
854 1805 1074 1846 defunctus
1104 1812 1176 1846 est.
2099 1813 2101 1844 Ι

323 1880 389 1920 38.
422 1879 612 1920 excludat
648 1879 783 1933 {ur-qia
816 1879 922 1934 finis.
994 1877 1230 1934 Tamquam
1275 1886 1477 1920 tacentem
1521 1885 1673 1935 urguetv
1717 1879 1770 1919 ad
1813 1893 2032 1920 numerum
2094 1894 2104 1923 1

212 1968 415 1994 annorum
447 1952 784 2008 significandum.
845 1951 975 2002 Pone,
1008 1951 1156 2007 inquit,
1188 1953 1326 2003 finem,
1359 1959 1400 1993 et
1428 1953 1512 1993 iam
1543 1952 1657 1993 nulla
1688 1952 1897 1994 eontentio
1930 1959 2002 1994 est.

324 2027 390 2068 39.
428 2027 499 2067 Est
528 2035 642 2067 uetus
674 2034 790 2082 atque
814 2026 982 2082 probus.
1050 2024 1146 2067 Hoc
1177 2026 1296 2080 quasi
1328 2040 1378 2067 ex
1409 2026 1492 2067 alia
1521 2041 1700 2081 persona
1731 2026 1895 2068 dieitur.
2091 1974 2102 2080 ι

2092 2087 2098 2107 4

325 2237 356 2276 1)
382 2242 543 2276 unumque
560 2236 686 2267 MR2G.
738 2235 773 2275 3)
799 2236 831 2266 Si
858 2246 916 2275 qna
933 2236 1004 2265 MR.
1054 2237 1088 2276 4)
1116 2235 1202 2266 libita
1226 2236 1298 2269 MR.
1349 2238 1383 2277 5)
1411 2240 1551 2269 carmina
1574 2238 1748 2268 lacrimanti
1771 2238 1843 2277 (sic.
1868 2239 1936 2268 rell.
1954 2239 2030 2279 om.)

208 2295 307 2333 antiq.
334 2295 406 2324 MR.
433 2313 473 2315 --
501 2295 555 2333 qui
579 2299 644 2324 ant.
671 2294 740 2323 MR
791 2295 825 2331 6)
851 2304 891 2323 an
916 2303 1101 2331 graecorum
1126 2293 1196 2323 MR.
1225 2303 1276 2323 eos
1302 2295 1385 2324 redit
1411 2295 1495 2334 (MR.
1521 2295 1622 2325 reddit
1649 2294 1686 2325 G
1725 2305 1760 2325 eo
1800 2296 1885 2325 1edit
1911 2297 1956 2335 2.)
1992 2299 2028 2326 ut:
2068 2289 2072 2347 4

211 2353 384 2381 seeundum
410 2352 543 2381 eandem
569 2351 826 2380 aestimationem
854 2349 968 2388 (exist
998 2352 1044 2389 2.)
1070 2351 1101 2379 111
1127 2360 1188 2389 qua
1212 2352 1358 2381 doctrina
1383 2362 1444 2382 non
1469 2357 1594 2390 tempus
1619 2353 1781 2391 quaeiitur
1818 2353 1951 2382 eandem
1975 2353 2030 2382 de·
2068 2349 2071 2355 '

208 2410 281 2438 beat
306 2413 340 2438 ut
368 2418 517 2438 romanus
545 2413 637 2446 poeta
663 2409 775 2437 statim
800 2409 925 2445 placere
951 2409 1005 2445 qui
1030 2409 1133 2437 bonus
1160 2411 1218 2437 est.
1245 2410 1328 2446 quod
1353 2410 1378 2437 si
1404 2418 1467 2439 non
1492 2412 1538 2438 est
1565 2410 1649 2447 quod
1673 2409 1771 2438 multa
1796 2413 1904 2439 tamen
1931 2410 2028 2440 etiam

207 2470 241 2495 ut
269 2466 317 2495 illi
343 2467 396 2504 qui
422 2476 482 2503 que
508 2465 681 2495 manifesta
707 2469 781 2494 sunt
806 2469 938 2502 negant.
965 2465 1035 2494 Non
1062 2465 1163 2494 solum
1189 2466 1274 2494 enim
1300 2465 1457 2495 MRA.2G
1486 2474 1521 2495 eo
1546 2475 1596 2495 ies
1622 2465 1756 2501 JeditQ.
1781 2467 1872 2504 posui
1897 2475 1930 2495 eo
1953 2465 2032 2495 redit
2064 2460 2129 2538 ,3

206 2533 263 2554 res.
314 2524 347 2562 7)
375 2534 430 2562 pro
455 2527 486 2553 ut
509 2525 598 2562 posui
622 2528 657 2552 et.
686 2525 717 2552 in
742 2540 785 2544 —
811 2524 982 2561 quaeritur·
1000 2534 1059 2553 0111
1085 2523 1173 2552 vafh.
1200 2534 1235 2553 eo
1259 2523 1367 2552 rectius
1394 2526 1424 2552 et
1449 2522 1553 2552 111.εο
1576 2522 1654 2551 redit
1683 2523 1729 2551 ius
1764 2527 1795 2551 ut
1830 2532 1858 2551 a.
1896 2523 2027 2552 eandem
2064 2530 2067 2558 ῐ

206 2580 347 2610 trutanam
372 2580 457 2610 dehet
479 2580 537 2610 Ro
566 2583 661 2618 poet-1
683 2580 787 2609 saltem
810 2579 1068 2617 plaee1e.0uod
1095 2581 1121 2609 51
1148 2583 1296 2618 negatur,
1332 2589 1395 2608 non
1422 2583 1482 2615 est,
1521 2579 1605 2617 quod
1630 2579 1732 2608 multa
1757 2579 1932 2617 loquamur,
1958 2588 2028 2608 eum
2064 2583 2078 2595 ”

205 2641 372 2674 negentur,
400 2646 480 2675 quae
505 2637 678 2666 manifesta
703 2640 788 2665 sunt.
836 2637 907 2666 Non
935 2637 1019 2666 enim
1046 2638 1173 2666 secundi
1202 2655 1241 2657 >m
1268 2637 1427 2666 uicimus!
1454 2635 1517 2665 afh.
1555 2645 1603 2664 eos
1638 2634 1751 2664 reditus
1788 2640 1819 2665 et
1856 2636 2026 2665 secundum
2062 2598 2066 2665 3

207 2694 339 2722 eandem
366 2693 441 2731 (om.
469 2692 563 2731 aest.)
591 2693 700 2722 debeat
724 2697 757 2722 ut
784 2693 921 2722 romanis
946 2697 1040 2730 poeta
1053 2693 1165 2732 sastim
1189 2694 1313 2731 plaeere
1338 2693 1421 2731 quod
1447 2693 1473 2722 51
1500 2702 1561 2722 11011
1587 2695 1637 2721 est
1663 2692 1747 2731 quod
1784 2692 1885 2721 multa
1921 2696 2027 2721 tamen
2061 2689 2083 2719 3

206 2751 302 2779 etiam
330 2754 363 2779 ut
389 2751 437 2779 illi
463 2751 515 2788 qui
542 2759 623 2787 quae
649 2749 822 2779 manifesta
848 2753 922 2778 sunt
946 2749 1034 2788 (sio).
1071 2760 1132 2779 non
1159 2751 1242 2779 enirn
1268 2750 1396 2779 secundi
1421 2759 1451 2778 v.
1498 2749 1569 2779 Non
1596 2749 1698 2778 solum
1717 2749 1801 2778 enim
1825 2748 1867 2777 ad
1890 2748 2027 2778 secundo
2059 2737 2081 2785 {5¹
2131 2765 2145 2785 3¹

205 2805 274 2834 MR.
327 2806 380 2843 10)
406 2810 531 2844 tempus
558 2810 588 2835 et
614 2816 672 2835 om.
701 2807 730 2835 2.
760 2809 790 2835 et
816 2816 875 2836 om.
903 2805 972 2834 MR.
1034 2807 1089 2845 11)
1117 2810 1191 2836 sunt
1207 2806 1249 2834 M.
1269 2807 1336 2835 rell.
1354 2805 1392 2835 sit
1408 2807 1499 2843 posui
1517 2810 1642 2843 tempus
1659 2804 1721 2834 siue
1738 2809 1803 2834 uet.
1866 2805 1919 2844 13)
1947 2809 2026 2835 tem·
2060 2789 2079 2834 ¹3
2117 2819 2148 2843 :23

206 2871 264 2899 pus
291 2872 349 2890 om.
375 2861 533 2897 MRQG,v.
600 2862 656 2899 15)
685 2863 813 2891 exstim.
843 2862 880 2890 R.
910 2863 1053 2892 existim.
1081 2863 1109 2891 2.
1136 2880 1178 2884 -—
1204 2863 1441 2892 aestimatione.
1466 2862 1553 2892 Nihil
1575 2866 1650 2892 sunt
1675 2855 1897 2900 negant'spm.
1926 2862 2027 2891 mani·
2060 2871 2079 2901 a
2110 2874 2145 2895 :;.

206 2917 305 2955 fosta)
334 2928 405 2947 nam
430 2919 531 2948 MRG.
558 2919 686 2956 Negant
712 2919 882 2948 manifesta
907 2918 1013 2953 vath
1040 2918 1143 2955 (Man.
1171 2920 1314 2958 negant).
1342 2929 1402 2949 om.
1429 2920 1459 2950 2.
1487 2918 1594 2958 manif.
1622 2927 1663 2948 ex
1689 2919 1917 2956 superioribus.
1969 2918 2023 2957 17)
2068 2919 2077 2946 T
2125 2951 2145 2958 ,ἱ

206 2974 348 3002 duritiem
373 2975 430 3003 112.
497 2977 551 3013 19)
578 2976 610 3004 in
635 2985 693 3004 om.
720 2976 768 3004 bis
794 2975 855 3004 MR
881 2974 925 3012 (G
949 2976 998 3004 1115
1024 2976 1124 3013 add)
1151 2985 1189 3005 an
1214 2980 1307 3012 caet..
1345 2986 1405 3005 om.
1435 2979 1476 3011 et,
1507 2975 1611 3005 vcafh.
1675 2976 1731 3014 21)
1757 2975 1863 3004 dicere
1887 2974 1960 3004 mal.
1986 2974 2024 3004 R.
2069 2971 2077 3002 1
2118 2990 2128 2996 a

207 3030 263 3066 23)
291 3035 403 3065 urg-not
420 3031 485 3060 M2.
512 3032 578 3060 rell.
599 3036 693 3069 urget.
709 3049 747 3052 μ
776 3041 814 3060 an
841 3040 990 3060 numerus
1016 3040 1156 3061 amorum
1181 3033 1224 3062 sit
1250 3031 1418 3070 signandus
1442 3031 1496 3061 afh
1524 3031 1730 3069 (signandum
1753 3031 1800 3070 v).
1828 3040 1901 3060 ann.
1930 3030 2025 3069 (ami-
2053 3040 2077 3162 ³¹

2053 3220 2055 3237 l

208 3095 314 3115 corum
340 3086 382 3119 It>
421 3087 530 3123 signif.
558 3087 684 3116 MR2G.
711 3087 753 3116 αιῖ
777 3089 813 3122 Q.
881 3087 936 3125 24)
964 3088 1026 3116 iam
1052 3098 1111 3118 om.
1139 3090 1168 3118 2.
1218 3089 1274 3128 25)
1302 3089 1371 3119 Hoc
1396 3089 1493 3119 schol.
1521 3093 1552 3118 et
1577 3097 1711 3126 sequens
1736 3088 1778 3116 ad
1803 3097 1832 3116 u.
1859 3088 1900 3117 40
1926 3087 1960 3116 in
1984 3087 2023 3117 li·
2062 3085 2075 3114 21

205 3142 269 3172 bris
296 3143 500 3179 postponitur
525 3144 647 3174 duobus
673 3145 711 3174 ad
737 3154 765 3174 u.
793 3145 832 3175 41
860 3148 893 3175 et
915 3145 968 3175 42.
