2148 3412
848 124 891 155 n:
922 124 1057 156 sumi.
1086 124 1125 154 11.
1153 127 1182 156 3.
1852 116 1931 155 275

102 248 240 301 niores
260 260 350 289 esse
371 260 454 297 eos,
488 247 560 302 qui
581 246 719 288 insani
739 247 936 288 uidentur
957 248 1029 298 eis,
1063 262 1166 303 quos
1188 263 1312 290 sanos
1332 254 1540 304 putamus.
1600 247 1774 305 Dogma
1794 257 1931 291 autem

103 320 339 364 Stoicorum
361 319 574 375 quoddam
596 320 875 375 πραγματικὸν
900 327 1086 371 uocatur,
1116 336 1198 376 quo
1220 322 1468 373 continetur,
1490 337 1634 365 omnes
1656 323 1846 365 homines
1868 323 1930 364 in-

101 409 222 437 sanos
243 407 344 435 esse.
391 392 467 449 (H.
493 391 638 448 steph.
661 392 798 434 Diatr.
822 408 902 435 sec.
926 408 965 448 p.
993 395 1091 435 162:
1115 409 1258 436 omnes
1280 395 1425 437 stultos
1448 396 1644 438 insanire.
1664 397 1770 438 conf.
1787 412 1825 437 u.
1844 398 1930 450 43).

215 468 306 509 188.
339 467 428 508 Rex·
448 481 550 508 sum.
584 466 654 508 Nil
673 467 795 508 ultra.
859 466 942 507 Per
972 467 1050 507 hoc
1081 465 1185 508 illud
1217 469 1488 523 prouerbium
1520 470 1607 511 uult
1640 470 1929 526 interpretari:

101 540 238 596 Μωρῴ
262 541 328 581 ’καὶ
362 539 525 594 βασιλεῖ
561 539 685 593 νόμος
732 539 925 593 ἄγραφος.
987 538 1060 593 (A.
1094 537 1255 582 Schotti
1290 540 1467 596 Παροιμ.
1502 541 1611 585 Ἑλλ.
1645 542 1773 585 Antv.
1810 545 1929 585 1612.
1980 556 1997 583 ε)

100 630 139 671 p.
172 615 263 657 59⁶.
297 611 451 655 Strom.
485 628 521 654 u.
554 613 648 654 326.
681 611 737 653 H.
772 610 917 667 Steph.
950 610 1088 654 Diatr.
1122 628 1202 655 sec
1236 629 1275 669 p
1311 615 1424 667 159)

214 689 303 729 191.
344 687 398 728 Dz·
425 687 602 728 [ibidem
625 695 742 742 capta
766 686 883 727 class.
909 686 995 727 ded.
1022 687 1169 728 Irowl
1235 688 1495 730 Homerzcum
1517 699 1578 730 est
1600 689 1666 737 (Il.
1689 690 1723 740 1,
1749 692 1811 732 18.
1838 692 1928 746 19):

100 760 210 815 Ὑμῖν
245 761 315 815 μὲν
341 761 429 801 θεοὶ
452 761 578 809 δοῖεν,
613 758 814 814 Ολύμπια
849 758 1000 813 ὀΐοματ’
1035 758 1213 815 ἔχοντες,
1247 759 1467 817 Ἐκπέρσαι
1490 761 1693 817 Πριάμοιο
1717 764 1848 814 πόλιν,
1883 763 1928 805 εὖ

101 833 228 876 οἴκαδ’
259 834 433 875 ἱκέσθαι.

213 909 303 950 196.
338 909 416 950 Per
447 923 559 963 quem
592 916 646 948 lot
675 909 838 949 lurcones
864 916 950 963 pat.
984 921 1062 949 car.
1095 909 1293 964 sepulcro.
1354 908 1529 951 Troiani
1561 910 1732 952 scilicet.
1960 923 1997 953 io

212 981 323 1024 Mille
354 984 500 1022 ouium.
564 980 625 1022 Ut
656 981 734 1022 duo
766 982 876 1022 rm‘lz'a
908 980 1112 1022 hominum
1144 981 1335 1023 dicimus.

210 1056 302 1097 201.
338 1055 569 1106 Quorsum?
599 1055 776 1096 Insanus
807 1055 902 1110 quid
932 1056 1035 1095 enim
1067 1056 1187 1096 Aiax.
1248 1054 1362 1096 Inter
1394 1070 1511 1110 quos,
1559 1057 1707 1111 inquit,
1755 1058 1930 1100 insanus

98 1131 183 1172 est?
215 1137 351 1170 utrum
381 1128 490 1170 inter
522 1127 756 1170 luxuriosos
787 1136 826 1169 et
858 1142 1022 1178 auaros,
1055 1142 1109 1168 an
1140 1128 1247 1169 inter
1280 1128 1549 1171 ambitiosos?

209 1203 302 1243 204.
335 1210 406 1243 aut
435 1202 567 1258 {psum
596 1202 690 1243 uiol.
725 1202 881 1243 Ulixen.
943 1200 1088 1256 Ipsum
1120 1201 1394 1244 subaudimus
1426 1203 1643 1245 inimicum
1675 1219 1806 1245 suum.

209 1276 300 1318 208.
338 1268 421 1326 Oui
447 1276 592 1331 species
615 1276 716 1316 alias
736 1276 829 1316 ueri
847 1275 1091 1331 scelerisque.
1154 1273 1241 1327 Qui
1274 1276 1457 1332 concipit
1497 1277 1636 1319 animo
1668 1278 1928 1333 suspiciones
1956 1291 1995 1321 15

97 1349 233 1399 falsas,
265 1355 303 1390 et
334 1363 435 1390 uera
465 1363 548 1390 non
580 1348 707 1398 uidet,
742 1350 774 1390 is
807 1348 978 1390 demens
1010 1356 1082 1391 est.

208 1423 301 1464 212.
333 1423 378 1464 ob
412 1423 546 1464 titulos
577 1423 750 1464 admittis
782 1425 925 1464 inanis.
989 1420 1363 1465 Subaudienduni:
1402 1440 1485 1466 non
1517 1436 1576 1467 est
1609 1425 1792 1467 insanus.

207 1497 300 1536 217.
333 1496 541 1538 interdicto
573 1497 665 1538 lzuz'e
697 1511 797 1537 omn.
833 1497 952 1538 adim.
985 1498 1060 1538 ius.
1122 1497 1266 1539 Insani
1289 1498 1424 1540 solent
1455 1499 1648 1554 accipere
1680 1516 1703 1540 a
1734 1507 1927 1555 praetore

99 1576 307 1612 curatores
342 1568 547 1611 bonorum
594 1584 777 1620 suorum,
823 1570 880 1611 ita
912 1578 956 1611 ut
987 1569 1071 1612 illis
1104 1571 1163 1612 uti
1194 1587 1278 1613 non
1310 1571 1435 1614 liceat
1479 1573 1560 1614 nisi
1607 1574 1661 1614 ad
1708 1573 1927 1614 arbitrium

95 1643 289 1694 alienum,
322 1642 483 1685 scilicet
513 1658 565 1685 ne
597 1643 787 1700 perdant.
1954 1659 1995 1690 20

206 1719 299 1759 222.
332 1732 444 1773 quem
476 1720 573 1774 cepit
603 1719 736 1760 uitreo
766 1720 891 1772 suma.
954 1717 1042 1760 Aut
1073 1717 1252 1774 fragilis,
1285 1728 1355 1760 aut
1386 1719 1620 1774 splendida.

206 1792 299 1833 224.
332 1791 452 1835 Nunc
483 1806 553 1847 aqe
586 1792 797 1845 luxuriam
829 1801 863 1833 et
894 1792 1074 1835 Nomerzt.
1142 1791 1264 1833 Nunc
1312 1793 1500 1835 luxurios
1547 1793 1717 1835 insanos
1764 1794 1926 1849 probat,

96 1871 139 1906 ut
170 1879 296 1921 supra
327 1880 478 1907 auaros
509 1875 547 1907 et
579 1864 834 1907 ambitiosos.

232 1943 264 1980 1)
289 1941 349 1972 Itos.
376 1952 454 1982 quos
480 1942 524 1974 M.
553 1941 599 1971 his
623 1950 702 1981 quos
728 1941 816 1985 ΒΒφ.
843 1942 901 1972 hiis
927 1952 956 1981 q.
986 1943 1015 1972 2.
1042 1942 1114 1981 iisq.
1142 1942 1229 1972 vafh.
1255 1944 1300 1972 eis
1326 1952 1355 1981 q.
1384 1941 1504 1983 Q(G?).
1563 1944 1597 1982 2)
1623 1940 1842 1987 πραγματικὸν
1869 1954 1926 1973 oni.

94 1997 182 2038 vafh‚
207 2008 289 2039 quae
312 2000 449 2030 habent:
476 1997 596 2035 πάντας
620 1995 811 2041 ἀνθρώπους
835 1996 964 2041 μωροὺς
989 1995 1077 2030 εἶναι.
1107 2003 1239 2029 uocatur
1264 1998 1410 2043 ΒΑ2Βφ.
1438 2010 1497 2030 om.
1523 1999 1771 2041 M(G?Q)‚vafh.
1800 2020 1804 2021 γ
1834 2020 1838 2021 ⁷
1867 2011 1926 2039 qm·

95 2057 249 2087 contineat
271 2065 321 2086 va.
348 2066 409 2096 quo
435 2057 572 2087 continet
593 2055 639 2087 fh.
666 2065 727 2095 quo
753 2056 956 2086 continentur
982 2055 1024 2085 M.
1064 2065 1124 2094 quo
1149 2056 1323 2086 continetur
1348 2055 1524 2095 R2(G?Q).
1562 2057 1645 2096 quod
1670 2058 1841 2087 continetur
1865 2057 1924 2099 Βφ,

96 2112 131 2152 4)
154 2112 232 2143 nihil
253 2113 339 2143 ultra
365 2113 407 2142 M.
475 2113 509 2152 7)
537 2112 689 2143 deducere
713 2112 802 2150 Μ,κά
827 2112 907 2152 (d),
933 2121 995 2142 om.
1022 2112 1069 2149 fh,
1096 2112 1190 2142 lectio
1215 2113 1248 2142 in
1273 2115 1442 2152 perpaucis
1468 2115 1560 2144 codd.
1586 2114 1661 2145 Hor.
1688 2115 1795 2151 obuia,
1822 2121 1854 2144 ut
1882 2113 1926 2144 St.

97 2167 204 2200 Germ.
231 2174 262 2200 et
286 2169 377 2200 Harl.
404 2165 437 2209 θ,
463 2179 482 2200 a
506 2170 653 2209 plurimis
679 2174 787 2200 autem
814 2169 995 2199 editoribus
1022 2174 1163 2207 recepta,
1190 2171 1244 2209 qui
1261 2170 1413 2201 reducere
1439 2172 1590 2201 inmerito
1608 2176 1800 2209 respuerunt
1819 2171 1926 2209 (Orel-

96 2227 176 2258 lius:
214 2227 391 2265 ‘Reducere‚
418 2229 480 2258 etsi
506 2232 556 2259 ter
580 2230 663 2267 apud
689 2228 874 2258 Lucretium
900 2227 1033 2266 primam
1058 2227 1218 2265 producit,
1246 2237 1310 2258 non
1336 2229 1440 2257 ausim
1469 2228 1640 2258 obtrudere
1676 2228 1848 2266 Horatio').
1884 2228 1924 2256 Αι

96 2285 180 2315 enim
203 2294 280 2315 uero
305 2286 513 2316 scribendum
540 2290 588 2316 est
612 2285 793 2323 redducere,
820 2289 854 2314 ut-
878 2285 1003 2314 habent
1028 2283 1102 2314 EM.
1130 2284 1222 2314 Fran.
1250 2287 1280 2314 et
1304 2289 1368 2314 net.
1395 2284 1524 2315 Pithoei
1543 2285 1582 2314 ad
1601 2285 1684 2314 Med.
1706 2283 1759 2315 74.
1785 2284 1927 2322 Babing-

95 2345 151 2372 ton
176 2343 215 2372 ad
241 2343 289 2372 ed.
307 2341 460 2373 cantabr.
482 2344 577 2381 1699,
604 2352 686 2382 quae
702 2341 872 2372 redducere
891 2342 1044 2379 seruauit,
1071 2344 1105 2370 ut
1123 2340 1301 2371 Lambinus
1320 2341 1454 2380 aliique,
1480 2351 1521 2371 ex
1540 2351 1605 2371 uno
1622 2345 1747 2371 tantum
1767 2342 1820 2371 illo
1839 2341 1926 2371 Harl.

95 2398 240 2429 deducere
265 2400 449 2439 adscripsit.
500 2399 656 2429 Deducere
683 2400 781 2429 etiam
809 2408 848 2428 ex
875 2398 1013 2437 Apuleio
1038 2398 1077 2428 de
1101 2398 1171 2428 Deo
1197 2397 1282 2428 Socr.
1302 2408 1333 2437 p.
1357 2400 1417 2429 158
1452 2399 1499 2429 ed.
1527 2399 1603 2427 Ald.
1634 2400 1713 2429 1521
1742 2399 1927 2436 transgredi

94 2459 230 2494 poterat,
256 2457 310 2496 qui
336 2462 408 2495 post
436 2455 576 2487 Calchae
601 2456 838 2486 diuinationem
864 2456 960 2486 dicit:
989 2456 1034 2486 ‘et
1058 2458 1270 2493 tempestates
1296 2456 1400 2492 flexit,
1427 2459 1457 2485 et
1482 2455 1607 2485 classem
1625 2455 1747 2484 decluaez't
1771 2454 1826 2492 (ab
1846 2455 1926 2484 Asia

96 2513 128 2543 in
153 2512 330 2544 Graeciam.
356 2513 456 2553 ΒΕΑ),
483 2518 515 2543 et
540 2514 731 2544 decennium
757 2513 944 2551 praedixit.‘
970 2512 1124 2542 Reducere
1148 2512 1330 2555 -sssapFH-JO
1358 2512 1538 2551 (perperam
1563 2511 1713 2552 Pottier.)
1739 2512 1786 2540 Pk
1812 2511 1923 2540 Ainbr.

95 2567 186 2600 Barc.
211 2570 309 2609 Angl.
329 2571 348 2600 4
372 2571 488 2602 Bernn,
515 2570 610 2601 ACD.
663 2571 718 2610 11)
747 2570 906 2600 Lemmati
932 2569 1019 2599 Mille
1043 2570 1142 2599 ouium
1167 2570 1318 2608 (omnium
1342 2570 1378 2608 v)
1410 2569 1484 2599 add.
1509 2568 1543 2597 M
1566 2577 1668 2604 sanus,
1694 2570 1765 2603 νηί)
1792 2567 1925 2603 insanus,

97 2634 155 2656 om.
180 2625 226 2656 fh.
278 2625 333 2667 12)
357 2636 506 2666 quorsum.
534 2626 672 2663 Quorum
696 2625 855 2666 M(G‘?Q).
880 2636 1006 2666 quorum
1030 2636 1095 2656 sum
1119 2636 1149 2656 v.
1177 2627 1246 2656 rell.
1272 2644 1313 2648 —
1332 2626 1454 2665 Inquit,
1480 2626 1564 2655 inter
1589 2634 1664 2663 quos
1689 2624 1776 2654 vafh.
1804 2635 1865 2655 om.
1895 2626 1924 2654 2.

99 2681 154 2722 14)
177 2683 291 2713 ulixen
316 2683 349 2713 M
373 2684 483 2714 ulixes
507 2694 537 2714 v.
564 2684 683 2723 Vlymen
708 2682 776 2713 RG.
802 2682 943 2722 Ulyssem
972 2683 1040 2713 afh.
1109 2684 1165 2723 16)
1191 2683 1270 2713 uidit
1293 2684 1337 2713 fh.
1404 2683 1460 2722 17)
1488 2681 1661 2712 ‘committit
1697 2681 1800 2711 inanis
1836 2680 1928 2711 MRG

99 2738 151 2779 (Q.
177 2741 336 2780 com.),va.
375 2740 521 2771 admittis
546 2741 652 2770 inanes
677 2739 795 2777 Fabr.,’
836 2744 870 2770 ut
897 2740 1027 2778 plurimi
1052 2740 1144 2770 codd.
1169 2740 1308 2770 Horatii.
1334 2739 1455 2770 admisit
1478 2739 1574 2768 Bern.
1602 2739 1642 2769 D.
1669 2738 1838 2767 committis
1864 2738 1926 2767 Ba—

97 2796 231 2835 bington
256 2798 338 2828 eruit
363 2807 404 2828 ex
429 2797 482 2828 M²
511 2802 542 2828 et
566 2797 670 2828 Harll.
696 2794 738 2840 ηλ
763 2797 797 2836 (1
826 2797 894 2836 m.).
921 2804 1104 2827 BENTLEY:
1131 2797 1205 2827 ‘Pro
1229 2796 1359 2827 admittis
1385 2796 1563 2835 Cruquiani
1588 2796 1707 2833 plures,
1745 2804 1827 2824 unus
1852 2794 1926 2824 Pul-

97 2854 200 2883 manni
226 2857 258 2884 et
281 2854 339 2884 duo
364 2855 463 2885 nostri
490 2854 670 2884 committis
696 2853 744 2890 Id,
772 2854 885 2892 opinor
908 2858 1012 2884 ortum
1038 2859 1087 2884 est
1114 2864 1155 2884 ex
1181 2854 1274 2884 ueteri
1296 2853 1420 2884 lectione
1441 2851 1510 2883 Cum
1536 2869 1577 2873 ψ
1601 2852 1774 2882 admittis)
1802 2852 1925 2882 scilicet

97 2908 198 2942 Bentl.
223 2912 306 2941 coni.
336 2912 379 2941 Tu
403 2912 544 2950 prudens
562 2921 619 2950 pro
638 2910 714 2941 Cum
731 2911 880 2950 prudenS.
909 2910 1013 2940 inanis
1036 2910 1092 2940 BE
1121 2910 1232 2949 (corr.)
1259 2920 1317 2940 non
1342 2920 1401 2940 om.
1428 2908 1509 2947 afh.‚
1535 2918 1599 2938 non
1625 2913 1673 2938 cst
1699 2918 1760 2938 om.
1786 2918 1815 2937 v.
1868 2908 1922 2946 19)

99 2969 253 2998 curatores
278 2967 394 3011 MRsz
419 2972 451 2998 et
474 2968 569 2998 Auct.
598 2967 633 2998 C.
661 2978 691 3006 p.
718 2968 781 2997 692
808 2967 895 2998 vafh.
933 2970 1094 2997 curatores
1118 2978 1137 2997 α
1162 2967 1309 2997 Prceetore
1338 2967 1412 2996 bon.
1440 2967 1468 2995 2.
1494 2968 1668 2995 curatorem
1694 2963 1814 3004 (G?)Q.
1842 2965 1923 2995 conf.

100 3021 171 3053 Aer.
218 3024 274 3064 21)
301 3025 387 3063 cepit
410 3024 454 3065 M.
480 3025 580 3064 coepit
604 3025 696 3068 ΒφΕ.
724 3025 827 3063 caepit
852 3024 945 3054 Dare.
972 3024 1070 3054 Bern.
1096 3025 1134 3055 A.
1150 3024 1245 3064 sama
1270 3026 1321 3053 uel
1334 3022 1458 3062 forma.
1489 3026 1544 3052 aut
1570 3022 1654 3060 frag.
1691 3026 1747 3052 aut
1774 3022 1834 3061 spl.
1860 3022 1925 3065 Βφ.

100 3077 167 3110 lux.
191 3089 280 3110 sanos
302 3081 347 3111 M.
374 3091 490 3112 auaros
516 3080 562 3120 (Ῥ)
590 3081 628 3117 Q.
655 3082 725 3111 rell.
757 3082 897 3112 insanos.
923 3084 954 3110 uc
978 3090 1074 3120 supra
1097 3080 1144 3111 fh.
1171 3081 1239 3110 rell.
1267 3089 1326 3109 om.
1353 3083 1398 3109 ut.
1464 3077 1521 3117 23)
1549 3084 1580 3108 et
1605 3089 1666 3108 om.
1693 3078 1757 3122 Βφ.
1782 3083 1809 3109 et
1832 3078 1924 3108 ambl-

99 3133 178 3166 dosis
194 3147 253 3169 om.
278 3137 344 3169 afh.
364 3148 418 3170 cur
434 3138 600 3170 Fabricius
617 3138 693 3169 male
711 3148 777 3178 seq.
797 3138 897 3170 schol.
918 3137 1093 3176 addiderit,
1120 3142 1156 3169 ut·
1173 3137 1202 3174 Q
1218 3137 1308 3173 dicit,
1335 3136 1388 3175 qui
1407 3136 1492 3166 idem
1511 3135 1598 3174 feeit,
1626 3145 1688 3166 non
1707 3136 1922 3174 adsequimur.

1609 3201 1652 3225 ιε’-
