2148 3412
221 160 301 200 502
852 166 958 200 ACR.
983 166 1043 198 ET
1068 165 1235 198 PORPH.
1263 164 1410 198 COMM.

331 292 510 333 naribus.
572 289 727 332 Sannis
757 290 1097 345 uitupcrantium.

330 366 396 405 46.
429 374 463 406 et
495 366 680 406 luclcmte's
711 373 828 406 (termo
858 379 906 405 ne
928 378 1038 405 secer
1058 364 1197 417 unqw'.
1258 361 1342 402 Pcr
1372 361 1451 403 hoc
1482 361 1693 417 significat
1721 360 1870 401 multos
1900 373 2043 400 aemu-

218 439 279 480 los
310 438 464 479 omissa
495 446 595 487 arto,
628 439 678 478 dc
711 453 794 491 qua
826 443 1036 478 certamen
1068 442 1128 477 est
1159 435 1280 476 aliter
1310 435 1476 476 laedere
1507 450 1591 477 non
1623 442 1853 485 cauentem,
1897 439 1943 474 ut
1972 432 2044 488 qui
2077 446 2093 466 x

218 513 261 553 in
292 512 517 553 luctatione
548 526 732 566 unguem
764 510 953 566 inprimit
984 510 1038 550 ad
1069 509 1340 569 lacerandum
1372 509 1673 550 aduersarium.

153 597 169 625 5
332 588 396 626 47.
435 587 624 641 Displicet
655 588 724 626 isle
756 587 876 626 locus.
943 583 993 624 In
1025 598 1107 637 quo
1137 583 1277 638 palam
1309 583 1519 624 recitatur.

332 660 485 700 diludia
509 674 644 715 posco.
702 657 1061 699 Intcrmissioncm
1092 656 1300 705 ludorum,
1331 656 1399 697 uel
1430 656 1687 697 dilationem.

331 734 397 774 48.
435 733 571 774 Ludus
602 734 703 774 enim
732 734 878 787 {senuit-
938 730 1060 772 Haec
1092 744 1218 772 causa
1248 735 1322 780 est,
1355 744 1429 771 cur
1459 729 1620 770 diludia
1650 728 1842 784 postulet.

152 962 194 994 10
842 957 1219 1014 EPISTVLA
1259 958 1299 1026 1,
1343 961 1426 1012 20.

1040 1079 1228 1124 AGRON.

330 1173 403 1215 Ad
432 1173 587 1215 librum
618 1188 740 1214 suum
772 1171 968 1226 loquitur,
1000 1178 1214 1226 tamquam
1245 1171 1299 1212 ad
1329 1185 1506 1226 puerum
1536 1175 1830 1225 prostaturum.

330 1248 428 1289 Hac
458 1247 636 1302 epistula
667 1245 907 1300 adloquitur
937 1244 1091 1286 librum
1123 1260 1257 1294 suum,
1294 1243 1602 1299 metaphoricos
1633 1243 1753 1298 quasi
1774 1257 1862 1291 rem
1883 1242 2046 1284 anima-

152 1331 193 1362 15
220 1330 317 1373 tam,
350 1322 592 1377 significans
623 1320 740 1361 illum
771 1319 815 1359 in
845 1318 1062 1374 publicum
1092 1318 1200 1359 uelle
1221 1318 1464 1373 procedere,
1502 1317 1575 1359 sed
1596 1331 1639 1359 se
1660 1316 1899 1372 prohibere.
1961 1314 2048 1358 Sed

217 1396 344 1438 Multi
375 1394 687 1451 reprehendunt
717 1392 848 1443 illum,
895 1407 1024 1446 quare
1054 1391 1098 1432 in
1128 1392 1276 1433 ordine
1307 1391 1487 1432 aliarum
1523 1390 1799 1446 epistularum
1829 1390 1938 1432 hanc
1968 1405 2046 1446 po-

218 1469 359 1520 suerit,
392 1477 431 1510 et
460 1483 544 1510 non
574 1467 617 1508 in
647 1467 729 1507 fine
760 1473 831 1507 aut
860 1466 903 1506 in
935 1465 1083 1520 capite,
1122 1480 1218 1507 cum
1247 1479 1384 1519 neque
1415 1465 1469 1506 ad
1499 1464 1715 1506 absentem
1735 1479 1873 1519 neque
1895 1464 1949 1505 ad
1969 1463 2045 1506 ho-

217 1544 373 1585 minem
396 1542 553 1597 scripta
575 1541 638 1582 sit..
700 1540 892 1592 Quorum
913 1538 1183 1594 reprehensio
1205 1540 1419 1587 refutatur,
1443 1538 1541 1593 quia
1562 1544 1602 1579 et
1622 1538 1665 1579 in
1685 1538 1768 1579 fine
1788 1537 1887 1579 libri
1908 1537 2049 1594 posuit.

219 1617 348 1658 illam.
407 1615 675 1670 Principium
706 1614 817 1655 enim
849 1620 889 1654 et
918 1612 1012 1654 finis
1043 1612 1157 1653 nulla
1188 1612 1232 1653 in
1262 1612 1457 1655 omnibus
1487 1613 1608 1654 libris
1628 1612 1776 1668 regula
1799 1612 2046 1654 continetur.
2104 1647 2107 1652 .
2144 1644 2146 1646 ψ

148 1698 191 1730 20
332 1692 367 1731 1.
407 1691 738 1745 Verlmnnwnqae
768 1689 857 1729 Ian.
892 1688 955 1729 lib.
987 1702 1044 1743 sp.
1075 1687 1156 1728 uid.
1224 1687 1463 1728 Vertumnus
1503 1693 1543 1727 et
1574 1686 1700 1728 Ianus
1731 1685 1791 1726 dii
1831 1692 1938 1737 sunt,
1976 1685 2047 1741 qui

217 1772 417 1820 praesunt
446 1763 628 1820 negotiis
658 1761 885 1803 ementium
915 1769 955 1802 et
984 1760 1269 1809 uendentium,
1305 1767 1400 1801 ante
1422 1775 1601 1815 quorum
1622 1760 1779 1816 templa
1801 1766 1920 1801 erant
1939 1759 2045 1810 loca,
2105 1807 2108 1810 ,

216 1839 260 1879 in
291 1838 445 1892 quibus
477 1852 570 1878 cum
602 1835 777 1878 caeteris
808 1834 930 1876 rebus
968 1834 1132 1891 [etiam]
1155 1834 1253 1875 libri
1275 1834 1446 1876 uenales
1467 1842 1597 1876 erant.
1659 1834 1744 1875 Per
1774 1834 1874 1876 deos
1905 1839 2044 1874 autem

220 1910 549 1968 [μετωνυμικῶς]
582 1910 675 1951 loca
708 1908 929 1964 significat.
988 1907 1109 1949 Loca
1139 1914 1234 1949 sunt
1264 1907 1310 1948 in
1340 1907 1518 1956 Rostris,
1554 1907 1629 1950 ubi
1661 1905 1775 1949 Sosii
1804 1908 1954 1950 fratres
1983 1905 2041 1947 li-

216 1986 314 2027 bros
343 1984 596 2035 uendebant,
641 1989 685 2024 ut
721 1982 823 2024 alibi
854 1981 924 2037 (E.
956 1981 990 2032 I,
1025 1983 1063 2032 1,
1095 1983 1160 2024 54.
1191 1983 1284 2037 55):
1331 1983 1429 2025 llaec
1474 1983 1603 2025 Ianus
1648 1997 1827 2025 summus
1874 1981 1923 2022 ab
1967 1981 2046 2022 imo

154 2067 195 2098 25
224 2061 432 2102 Proclocet.
1390 2057 1393 2060 ⁴

333 2159 366 2197 1)
391 2157 490 2187 Sann.
518 2158 577 2187 uit.
604 2156 646 2186 M.
673 2156 814 2186 Naribus
840 2155 963 2185 caninis
989 2155 1037 2184 uit
1064 2154 1101 2184 R.
1127 2154 1262 2184 naribus.
1290 2154 1554 2193 Vituperantium
1580 2156 1608 2185 2.
1673 2155 1707 2194 2)
1734 2153 1929 2185 luctantibus
1952 2151 2046 2183 MRG

217 2214 249 2252 (1
278 2214 335 2253 m.)
362 2217 465 2244 ortum
492 2223 533 2243 ex
558 2213 704 2251 praeced.
730 2213 792 2242 abl.
842 2210 877 2251 3)
903 2215 971 2241 arte
996 2210 1171 2240 descendere
1197 2211 1228 2241 z'n
1251 2215 1410 2249 certamen,
1436 2215 1471 2242 ut
1497 2213 1550 2250 qui
1567 2211 1654 2242 vafh.
1688 2215 1759 2249 arte,
1785 2212 1822 2242 de
1844 2221 1903 2251 qua
1926 2228 1969 2232 —-
1994 2219 2046 2240 ca-

213 2275 327 2300 ventem
351 2270 569 2308 MRA2G(Q).
622 2270 656 2309 5)
683 2269 752 2300 Hoc
778 2269 876 2299 schol.
902 2269 936 2298 in
962 2269 1053 2297 libris
1079 2272 1206 2306 praeter
1230 2268 1263 2299 fh
1291 2278 1361 2298 cum
1387 2269 1593 2306 praecedenti
1618 2269 1725 2298 sedem
1749 2269 1899 2298 mutauit.
1926 2284 1967 2289 —
1992 2275 2042 2297 re-

214 2329 330 2358 citatur
352 2328 387 2357 M
413 2328 493 2367 (non
518 2328 635 2364 recitat,
666 2330 703 2356 ut
727 2327 782 2355 ref.
809 2326 853 2363 Q)
891 2324 1117 2364 R2G‚vath).
1155 2335 1216 2356 rec.
1255 2327 1362 2364 palam
1400 2325 1488 2355 vafh.
1554 2327 1588 2365 6)
1615 2325 1814 2363 dilationem,
1839 2334 1902 2355 non
1926 2324 2043 2354 dilata-

215 2385 344 2423 tionem,
371 2389 406 2414 ut
431 2384 489 2414 ref.
517 2384 552 2421 Q,
580 2385 677 2413 habet
700 2383 744 2420 M,
769 2382 900 2411 Halmio
926 2383 1021 2412 etiam
1046 2386 1140 2412 teste.
1192 2383 1225 2421 7)
1254 2393 1323 2413 cum
1347 2383 1403 2413 dil.
1420 2382 1457 2412 R.

326 2441 486 2471 ACRON.
534 2441 706 2479 Inscriptio
732 2441 763 2469 in
788 2440 825 2481 *sb
852 2439 963 2469 Ambr.
991 2443 1022 2469 et
1048 2449 1131 2470 omn.
1159 2439 1224 2469 fere
1262 2440 1354 2470 codd.
1392 2440 1470 2470 Hor.
1508 2442 1572 2469 est:
1610 2438 1671 2469 AD
1709 2438 1874 2469 LIBRVM
1914 2436 2041 2469 SVVM.

214 2498 309 2528 Fran.
336 2499 426 2528 addit
451 2508 536 2527 num.
562 2497 631 2526 XX.
657 2497 700 2526 R:
729 2497 767 2526 21
796 2496 876 2534 epla.
904 2497 943 2526 F:
970 2496 1028 2526 AD
1055 2496 1219 2526 LIBRVM
1252 2495 1366 2526 SVVM
1383 2495 1612 2532 LOQVITVR.
1660 2496 1762 2526 Notre
1786 2496 1907 2525 Dame:
1932 2494 1984 2525 Ad
2007 2494 2044 2524 li-

214 2556 305 2585 brum
323 2564 424 2584 51111111.
444 2565 576 2593 quorum
594 2553 766 2591 rephensio
785 2553 954 2583 refutatur.
982 2554 1063 2583 conf.
1091 2563 1121 2595 γ.
1149 2553 1190 2582 Ρ;
1218 2553 1303 2591 Epla
1329 2552 1434 2583 Oratii
1461 2552 1587 2592 (rubr).
1617 2551 1667 2582 Ad
1693 2553 1813 2582 librum
1830 2562 1922 2582 suum
1942 2548 2043 2591 (atr.)-

213 2611 344 2642 Plenior
368 2613 465 2641 inser.
491 2611 523 2640 in
548 2610 622 2640 Aer.
648 2619 680 2651 γε
718 2609 770 2639 Ad
807 2610 921 2639 librum
957 2619 1047 2639 51111111
1072 2610 1216 2648 loquitur
1240 2614 1405 2648 tamquam
1428 2619 1559 2648 puerum
1584 2613 1813 2648 prostaturum.
1840 2608 1922 2639 conf.
1947 2618 1978 2638 u.
2004 2608 2041 2637 2:

207 2672 334 2706 prostes.
360 2669 430 2697 rell.
455 2677 515 2698 om.
542 2667 622 2697 conf.
651 2665 691 2696 C:
732 2666 810 2695 ‘Hac
834 2675 882 2704 ep.
908 2667 1003 2705 alloq.
1029 2667 1263 2705 metaphoricos
1289 2667 1343 2696 lib.
1369 2676 1470 2704 suum,
1509 2676 1540 2705 q.
1568 2676 1594 2696 r.
1620 2667 1716 2696 anim.
1749 2675 1933 2705 puerumque
1964 2671 2041 2704 pro·
2085 2660 2089 2705 ξ
2139 2681 2148 2685 e

214 2725 398 2759 stituendmn.
425 2722 508 2763 sign'.
536 2734 600 2753 eum
624 2725 657 2753 in
682 2734 734 2761 pu.
761 2723 889 2762 quidem
914 2733 944 2752 u.
972 2733 1002 2761 p.
1028 2734 1052 2752 5.
1078 2733 1109 2752 11.
1137 2724 1331 2761 prohibere!
2084 2710 2088 2767 J
2144 2732 2148 2749 ῑ

331 2783 385 2821 14)
410 2781 480 2811 Hac
508 2799 545 2802 ἢ
572 2781 753 2811 continetur
777 2789 803 2821 γ.
830 2780 946 2809 Totum
972 2789 1040 2818 arg.
1068 2780 1170 2810 abest.
1197 2789 1215 2809 a
1238 2781 1269 2810 b.
1295 2780 1404 2816 vath,
1440 2780 1577 2810 habent:
1616 2779 1721 2809 ‘Hanc
1746 2779 1916 2818 epistolam
1939 2780 2040 2808 meta-

216 2838 344 2875 phorice
372 2839 536 2876 inscripsit
561 2837 619 2867 AD
647 2836 810 2866 LIBRVM
834 2835 959 2874 SVVM,
998 2837 1089 2875 quasi
1118 2836 1167 2876 [in
1191 2836 1286 2875 vafh]
1313 2846 1379 2867 rem
1405 2838 1515 2875 anim„
1556 2837 1640 2875 sign.
1670 2836 1804 2876 [librum
1829 2845 1921 2866 suum
1944 2823 2059 2873 vafh]³

217 2896 250 2923 in
275 2905 326 2932 pu.
354 2905 418 2924 cum
441 2905 472 2924 u.
498 2904 527 2933 p.
555 2904 588 2924 se
613 2904 688 2924 uero
713 2893 902 2932 prohiberc.⁷
955 2893 1010 2931 17)
1037 2903 1107 2923 cum
1122 2911 1163 2915 ——
1179 2894 1221 2923 sit
1246 2894 1364 2932 Porph.
1414 2893 1473 2932 20)
1499 2893 1664 2923 Vertumn.
1688 2894 1727 2935 γὶ)
1744 2893 1854 2923 Ambr.
1879 2892 2041 2922 Vortumn.

216 2951 328 2994 ΕΒφΟ
354 2952 446 2981 Fran.
474 2952 567 2981 Bcrn.
593 2951 633 2981 A.
668 2951 820 2980 Vertmm.
847 2950 943 2979 Bern-
969 2949 1007 2978 B.
1034 2967 1075 2970 —
1105 2951 1124 2980 b
1150 2949 1247 2980 habet
1272 2954 1398 2980 tantum
1423 2951 1560 2988 priorem
1586 2950 1699 2980 scholii
1725 2953 1866 2988 partem:
1910 2949 2040 2978 Vertum-

2109 2900 2113 2917 Ι

2102 2955 2114 2995 l,

216 3018 270 3036 mzs
297 3008 483 3037 (madentium
521 3012 551 3037 et
588 3008 684 3038 haec:
722 3007 917 3037 Vertumnus
943 3006 1047 3036 dictus
1073 3007 1126 3045 qui
1152 3008 1302 3037 humanis
1328 3008 1489 3037 mentibus
1513 3011 1640 3045 praeest
1665 3016 1684 3036 a
1707 3006 1863 3036 uertendo
1887 3006 1939 3035 hic
1964 3005 2041 3034 deus
2097 3005 2118 3088 ἱ

217 3064 377 3101 quondam
404 3074 488 3093 rome
515 3065 686 3094 colebatur.
713 3064 849 3102 Require
876 3063 942 3093 fere
967 3063 1000 3092 in
1025 3062 1088 3092 fin'c‘
1112 3064 1208 3093 huius
1234 3064 1309 3094 libri
1335 3065 1366 3094 in
1394 3065 1495 3094 satira
1518 3064 1609 3093 0111115
1635 3063 1768 3093 11110111111
1793 3063 1859 3092 tale
1885 3065 1949 3092 est:
1974 3060 2041 3091 Iam
2101 3097 2111 3144 ὅ
2140 3074 2144 3075 ’

218 3120 338 3149 dudum
363 3121 508 3150 ausculto
535 3121 594 3159 (II⁷
623 3122 667 3160 7).
696 3125 727 3150 ct
752 3122 797 3151 ibi
823 3121 938 3150 melius
963 3121 1114 3158 reperies.
1181 3121 1237 3160 22)
1265 3121 1360 3151 etiam
1385 3130 1446 3151 om.
1470 3129 1498 3162 γ.
1549 3119 1607 3159 23)
1633 3128 1792 3161 μετωνυμ.
1820 3129 1879 3149 om.
1904 3128 1932 3161 γ.
1959 3117 2042 3148 Loca

217 3179 294 3206 sunt
320 3193 359 3197 »-
386 3178 537 3214 prodocet
560 3178 608 3219 γῖ),
634 3178 704 3207 rell.
731 3187 792 3209 om.
820 3176 900 3208 conf.
921 3176 954 3207 O.

2081 3155 2084 3257 l

2080 3271 2083 3412 1
