2148 3412
198 957 236 988 10

192 1685 234 1718 20

193 2050 236 2081 25

261 160 316 200 40
890 164 995 197 Aen.
1021 164 1081 196 ET
1110 162 1274 195 PORPH.
1301 161 1448 194 COMM.

261 306 413 333 nomen
445 290 544 347 [illi]
577 289 680 330 Iliae
712 296 751 329 et
780 287 978 343 Egeriae,
1025 300 1131 341 quae
1175 284 1507 340 speciosissimae
1546 284 1725 326 fuerunt.
1793 283 1882 324 Ilia.
1941 281 2084 323 Mater

260 365 382 407 Remi
413 372 452 405 et
481 362 661 405 Romuli.
727 362 883 416 qure'a.
943 359 1142 414 Nympha
1172 372 1278 399 uxor
1306 356 1471 399 Numae
1501 356 1716 412 Pompilii.

375 439 466 478 127.
500 438 606 478 Dum
635 436 764 489 fatuo.
825 433 968 475 Facio,

375 512 465 551 129.
500 510 591 550 130.
623 523 700 549 uae
714 507 882 564 pallida.
943 505 1129 558 Quidam
1160 510 1306 559 putant
1327 503 1532 559 ‘zcepallz'da
1552 516 1679 543 unam
1700 507 1863 557 partem
1884 500 2084 542 orationis

261 597 362 633 esse,
409 581 616 638 quomodo
648 595 815 629 ηεεαηας
863 579 935 621 sed
980 578 1117 633 magis
1164 576 1438 618 diuidendum
1470 582 1544 625 est,
1588 582 1633 616 ut
1662 589 1739 616 uae
1768 574 2002 615 interiectio
2033 573 2086 615 sit
2147 590 2148 596 ¹

261 657 441 698 feminae
470 654 654 696 timentis
685 668 734 695 ac
764 652 1046 708 perturbatae.

374 729 532 770 desiliat
562 743 612 768 m.
672 726 784 767 Mire
815 725 1009 775 ostendit,
1042 723 1095 765 ab
1126 724 1219 778 ipso
1249 722 1356 764 lecto
1386 722 1531 777 fugam
1562 735 1651 763 esse
1682 720 1932 762 faciendam.

375 803 546 844 conscia.
605 799 778 840 Ancilla
809 797 1083 840 conciliatriX.

376 876 468 916 130.
501 875 598 916 lecto
634 873 798 914 Desilz‘at
826 873 923 912 mul.
983 868 1193 910 Adulterii
1224 867 1384 910 seilicet
1414 867 1490 910 sui.
1549 867 1712 910 lihcl‘e‘er.
1770 866 1871 922 Ipsa
1896 865 2058 907 mulier.

375 949 467 989 131.
502 948 685 989 eruribus
717 947 753 986 11.
784 960 834 987 m.
893 943 1074 997 Propter
1104 947 1323 984 tormenta.

373 1022 456 1062 dote·
483 1022 591 1075 depr.
652 1019 766 1072 Quia
796 1024 919 1059 antea
949 1015 1163 1057 adulterae
1194 1014 1335 1057 dotem
1365 1013 1655 1055 tantummodo
1686 1012 1931 1068 perdebant.

373 1095 466 1135 132.
499 1094 688 1135 discincta
718 1093 864 1133 tmn'ca.
925 1088 1038 1142 Quia
1068 1102 1212 1130 omnes
1244 1087 1358 1142 apud
1399 1086 1593 1141 antiquos
1634 1094 1734 1142 toga
1765 1100 1808 1127 se
1846 1085 2087 1142 cingebant,
2118 1138 2120 1140 v

260 1174 329 1207 aut
360 1166 457 1221 quia
479 1181 623 1208 omnes
644 1171 766 1206 antea
787 1162 1037 1212 militabant,
1070 1169 1140 1202 aut
1171 1162 1271 1216 quia
1303 1159 1530 1215 cingebant
1561 1173 1650 1200 sese
1673 1158 1902 1200 subarmali
1924 1157 2086 1215 [situm]

259 1246 298 1280 et
328 1239 385 1280 ita
415 1239 700 1294 procedebant
731 1251 889 1279 omnes.
950 1236 1212 1290 Fuyz'endum.
1275 1232 1324 1275 Si
1355 1233 1640 1288 deprehensus
1670 1233 1801 1283 fuero,
1832 1232 1937 1274 mire
1967 1231 2086 1282 dixit,
2146 1224 2148 1272 i

262 1311 456 1368 [ostendit
489 1312 541 1353 ab
572 1312 664 1366 ipso
694 1311 804 1352 lecto
836 1310 980 1365 fugam
1012 1322 1102 1349 esse
1132 1306 1406 1362 faciendam]

376 1386 467 1426 133.
500 1385 557 1426 Ne
594 1385 708 1425 numi
737 1390 914 1439 pereant.
974 1380 1237 1422 Redimendo
1273 1379 1491 1421 adulterio.
1568 1378 1756 1436 [Quibus
1801 1378 1979 1421 adulteri
2023 1393 2089 1420 re-

259 1458 475 1499 dimebant
506 1455 792 1511 adulterium.]

374 1532 465 1572 134.
498 1531 615 1572 Fabio
646 1530 713 1570 uel
744 1529 826 1570 iud.
861 1530 1030 1569 uincam.
1093 1527 1219 1568 Fabio.
1266 1525 1460 1568 Moecho.
1523 1524 1636 1568 Satis
1667 1525 1827 1567 urbane
1865 1525 2087 1581 significat,

258 1603 439 1645 Fabium
471 1618 546 1658 pro
578 1601 783 1643 adulterio
815 1600 1109 1649 iudicaturum,
1143 1599 1176 1640 si
1207 1599 1334 1640 iudex
1366 1600 1408 1640 in
1439 1600 1546 1641 hanc
1579 1614 1667 1641 rem
1699 1599 1985 1649 constituatur,
2018 1599 2090 1653 qui

260 1677 409 1718 harum
440 1691 579 1717 rerum
610 1682 649 1716 et
679 1675 770 1729 ipse
801 1680 981 1715 sectator
1011 1673 1076 1722 sit,
1123 1680 1261 1714 tamen
1306 1673 1506 1714 miserum
1551 1687 1641 1715 esse
1686 1672 1967 1728 deprehendi:
2009 1671 2086 1728 [et]

259 1750 389 1805 probe
423 1749 539 1806 [ait]3
572 1764 671 1789 nam
702 1748 737 1789 si
767 1747 905 1797 istum,
953 1746 1025 1802 qui
1056 1754 1115 1788 est
1146 1746 1322 1796 adulter,
1369 1746 1625 1802 interrogem
1657 1746 1709 1788 de
1740 1746 1939 1801 qualitate
1969 1745 2089 1786 adul—

258 1823 365 1873 terii,
397 1822 680 1876 respondebit,
713 1821 869 1862 malum
887 1834 990 1870 esse,
1023 1827 1062 1861 et
1092 1819 1273 1875 probare
1303 1819 1470 1875 poterit,
1503 1820 1615 1874 quod
1645 1834 1729 1861 non
1760 1819 1930 1874 expedit
1970 1818 2088 1860 adul-

258 1896 396 1938 terari.
458 1894 676 1950 Suspicari
708 1893 923 1944 debemus,
955 1893 1066 1935 hunc
1097 1892 1382 1934 adulterorum
1412 1893 1618 1934 fautorem
1648 1906 1738 1935 esse
1769 1892 1965 1948 potuisse.

993 2021 1355 2066 PORPHYRION.

375 2116 410 2155 1.
443 2116 480 2155 2.
512 2114 626 2155 Amb.
659 2114 747 2155 coll.
780 2113 1135 2168 pharmacopolae.
1208 2111 1382 2153 Marcus
1412 2110 1620 2167 Tigellius
1650 2110 1948 2167 Hermogenes
1986 2126 2085 2152 mu-

261 2187 371 2229 sicae
402 2186 503 2228 artis
534 2186 707 2228 scientia
752 2184 966 2240 praeditus
999 2182 1048 2226 C.
1082 2181 1260 2226 Caesari
1305 2183 1500 2225 dictatori
1543 2184 1621 2226 fuit
1664 2183 1899 2235 familiaris,
1944 2191 2090 2239 postea

377 2365 408 2402 l)
433 2364 493 2393 Ilia
508 2381 548 2383 —
563 2363 673 2393 romoli
687 2372 714 2404 γ.
730 2362 791 2392 Ilia
808 2361 986 2400 materfuit
1000 2361 1127 2392 Romuli
1145 2364 1177 2390 et
1193 2360 1306 2390 Rlzeini
1320 2360 1354 2390 G.
1373 2360 1486 2400 Eyeria
1502 2361 1633 2399 nimpha
1648 2361 1809 2400 Pompilii.
1827 2370 1853 2403 γ.
1872 2362 1933 2401 Eg.
1952 2372 2007 2402 ny.
2026 2362 2088 2392 Nu.

259 2419 420 2458 Pompilii,
447 2430 507 2449 0111,
535 2429 624 2448 uxor.
652 2418 686 2448 C.
712 2419 810 2448 Tacio
835 2428 861 2458 γ.
887 2419 955 2447 rell.
982 2428 1042 2447 om.
1092 2417 1126 2456 6)
1152 2426 1189 2446 ac
1214 2426 1239 2458 γ.
1257 2421 1310 2446 aut
1324 2416 1373 2446 fh.
1391 2420 1418 2445 ec
1433 2417 1533 2446 tacite
1551 2418 1663 2447 inculc.
1683 2417 1721 2453 Q.
1740 2422 1775 2448 ut
1793 2427 1852 2448 uae
1871 2418 1967 2457 (uaelt
1984 2419 2018 2458 a)
2045 2420 2089 2449 sit

260 2476 442 2505 interiectio
459 2485 541 2512 mva,
561 2485 620 2504 om.
639 2474 712 2504 fem.
731 2476 800 2504 tim.
819 2484 854 2504 ac
872 2478 953 2512 pert.
1004 2474 1038 2512 9)
1057 2473 1221 2502 Adult.-
1236 2473 1349 2502 mulier
1365 2483 1392 2515 γ.
1414 2474 1482 2502 rell.
1502 2483 1562 2503 om.
1615 2474 1669 2512 13)
1691 2475 1748 2504 sub
1766 2484 1854 2504 arma
1869 2474 1957 2504 situm
1973 2474 2018 2504 fh.
2036 2475 2089 2504 sub

259 2531 375 2559 armale
398 2531 485 2560 sitam
509 2540 590 2560 mva.
616 2540 685 2560 sese
709 2531 771 2560 siue
805 2531 862 2559 sub
887 2530 1004 2559 armale
1030 2531 1089 2559 sui-1
1113 2538 1139 2570 γ.
1166 2530 1344 2559 subarmale
1368 2539 1453 2559 swam
1477 2529 1546 2566 GQ.
1574 2530 1691 2560 Locum
1716 2532 1868 2561 uitiatum
1898 2541 1967 2561 esse
1985 2535 2086 2569 patet.

259 2587 431 2616 Ablatiuus
455 2588 616 2625 ponendus
643 2591 702 2623 est,
728 2590 763 2615 ut
788 2586 873 2615 Plin.
891 2585 1038 2621 XXVIII,
1057 2587 1087 2614 4.
1137 2585 1198 2615 Pro
1224 2586 1399 2615 subarinccle
1422 2586 1510 2616 situm
1535 2588 1586 2617 uel
1609 2597 1693 2617 saum
1717 2589 1898 2626 scripserim
1924 2589 2087 2618 subarma-

258 2642 342 2672 libus.
370 2643 475 2672 Schol.
504 2642 793 2681 ›Si—faciendam.
818 2651 844 2683 γ.
895 2642 950 2680 16)
977 2641 1054 2670 Red.
1081 2642 1181 2671 adult.
1219 2641 1274 2683 ⁴(C.
1307 2643 1377 2672 rell.
1405 2653 1464 2673 om.
1491 2643 1615 2679 Quibus
1641 2662 1682 2665 „-
1708 2645 1902 2674 adulterium
1937 2655 1997 2675 om.
2033 2643 2087 2686 γΟ.

264 2698 318 2736 18)
345 2698 451 2728 Mecho
476 2709 502 2740 γ.
530 2699 598 2728 rell¹
627 2700 695 2736 ipse
721 2709 780 2728 om.
807 2697 853 2727 th.
905 2698 961 2736 20)
986 2701 1029 2727 est
1053 2698 1142 2735 depr.
1167 2708 1195 2740 γ.
1221 2698 1289 2727 rell.
1316 2708 1386 2728 esse.
1414 2704 1445 2729 et
1470 2709 1528 2729 om.
1561 2710 1588 2742 γ.
1619 2700 1665 2730 ait
1697 2710 1757 2730 0111.
1781 2710 1809 2742 γ.
1874 2701 1932 2740 22)
1957 2701 2088 2738 probare

259 2762 287 2794 γ.
311 2754 379 2782 rell.
408 2754 543 2791 probari.
570 2754 637 2797 Βφε
654 2754 757 2792 fabio.
797 2754 954 2792 Loquitur
991 2754 1081 2791 quasi
1119 2754 1152 2783 in
1190 2755 1349 2785 adulterio
1374 2756 1603 2794 deprehensus.
1631 2760 1662 2786 et
1688 2757 1714 2786 si
1740 2766 1802 2786 non
1828 2757 1924 2786 aliter
1958 2758 2087 2787 uincam

260 2814 460 2838 accusatores
486 2814 593 2839 tamen
619 2811 704 2839 fabio
730 2810 833 2839 iudice
859 2811 880 2840 i.
906 2810 1059 2848 quamdiu
1085 2810 1139 2838 ille
1165 2811 1264 2839 iudex
1290 2811 1389 2841 fuerit
1414 2813 1539 2842 uincam
1565 2822 1623 2851 ego
1649 2813 1725 2851 quia
1749 2813 1805 2842 ille
1838 2813 1992 2843 adulterii
2019 2822 2086 2844 sec-

260 2869 342 2893 tator
368 2870 426 2893 est.
454 2869 483 2893 et
510 2875 615 2894 amare
640 2866 761 2895 fabium
788 2866 932 2896 denotat.
980 2866 1048 2895 Hoc
1074 2866 1171 2896 schol.
1198 2869 1352 2897 tractauit
1378 2869 1411 2898 in
1428 2869 1510 2898 Mus.
1529 2869 1631 2899 Rhen.
1655 2870 1736 2898 1845
1755 2879 1784 2907 p.
1806 2870 1868 2898 147
1895 2868 2085 2901 Grotefend.

261 2921 314 2956 qui
341 2930 525 2957 comparans
560 2922 690 2952 Stoicum
715 2923 863 2961 loquacem
896 2921 944 2960 (S.
970 2922 996 2958 I,
1025 2924 1051 2959 1,
1084 2923 1137 2961 14)
1170 2927 1294 2953 ueteres
1327 2924 1519 2962 interpretes
1553 2925 1752 2955 adlusionem
1783 2935 1848 2955 non
1880 2925 2086 2955 intellexisse

261 2975 351 3004 dicit.
380 2994 419 2995 a*

376 3031 526 3060 PORPII.
576 3032 684 3064 Sermo
712 3035 870 3063 secundus
898 3035 937 3063 ad
964 3034 1161 3064 Met-enatem
1189 3036 1217 3064 2.

375 3087 432 3124 26)
460 3088 554 3117 Ami).
588 3090 657 3117 coll.
679 3089 925 3128 fiirmacopulae
957 3090 990 3118 M
1022 3090 1303 3128 (pharmacopulae
1332 3093 1345 3121 1
1375 3103 1416 3121 111.
1449 3093 1494 3133 γ).
1530 3093 1656 3122 Marcus
1689 3091 1899 3133 MA2(G·?Q).
1932 3094 1976 3124 Μ.
2009 3095 2083 3133 Tig.

262 3141 340 3171 vaC.
368 3153 427 3172 om.
456 3143 501 3172 fh.
528 3144 682 3182 Tigellius
708 3144 930 3184 MlvaffliQ).
957 3146 1098 3184 Tigellzcs
1125 3146 1170 3177 fh.
1189 3147 1328 3186 'sigillus
1346 3148 1414 3178 RD.
1464 3149 1521 3188 27)
1549 3149 1703 3179 scientiae
1724 3150 1890 3187 praeditus
1907 3150 1950 3180 M.
1976 3151 2082 3182 Halm.

2136 2884 2144 3235 l

2136 3342 2148 3412 1¹
