2148 3412
818 127 868 160 IN
893 127 1040 160 EPIST.
1068 127 1095 165 Ι,
1124 130 1174 159 11.
1833 115 1913 155 431

82 251 171 294 Alii
201 257 340 293 autem
370 257 519 307 putant
548 251 704 293 dictam
735 266 760 292 a
792 252 892 307 Leqe
923 251 1090 301 Satura,
1137 265 1245 305 quae
1290 266 1375 292 uno
1420 257 1570 305 rogatu
1616 249 1747 291 multa
1793 249 1916 290 simul

83 324 327 381 conprobat,
372 325 485 379 quod
522 324 681 367 scilicet
712 331 752 366 et
809 325 854 365 in
903 324 1110 366 eiusmodi
1146 324 1332 366 carmine
1377 324 1508 365 multa
1553 323 1678 365 simul
1722 331 1917 379 poemata

82 397 488 453 conprehendantur.

195 619 259 660 13.
291 619 437 673 furnos
469 626 505 660 et
535 618 677 660 balnea
710 617 820 659 laud.
883 617 1054 666 Furnos,
1100 616 1180 658 hoc
1211 623 1285 667 est,
1330 617 1490 674 nigros,
1538 633 1562 659 a
1606 618 1730 675 nigro
1778 618 1917 661 colore

80 692 258 734 dicimus
288 699 463 747 propter
493 691 715 748 fuliginem
745 690 814 732 uel
844 689 1155 740 obscuritatem,
1187 705 1313 745 quam
1344 692 1455 733 intus
1486 692 1655 734 habent.

194 767 258 808 15.
290 766 374 809 Nec
404 766 441 806 εἰ
469 773 502 806 te
534 765 608 807 uel.
639 766 732 806 z'act.
770 766 930 805 Auster.
993 762 1152 806 Sensus
1182 764 1251 806 hic
1282 772 1363 806 est:
1395 764 1506 815 Non,
1543 766 1693 821 inquit,
1726 780 1775 808 ea
1807 766 1917 808 bona

80 838 274 881 ducenda
305 846 412 888 sunt,
445 852 553 892 quae
583 837 832 880 necessitate
865 836 1096 892 diligimus,
1128 837 1195 879 uel
1228 839 1529 893 conparatione
1565 839 1723 894 peiora..

193 913 258 953 17.
294 912 415 953 Incol.
435 913 500 953 mi.
560 910 612 952 Id
643 918 722 953 est:
759 910 866 952 nihil
897 907 954 952 de>
981 917 1089 953 statu
1120 926 1195 953 suo
1226 912 1471 967 requirenti,
1503 920 1543 954 et
1574 912 1640 954 cui
1671 912 1777 954 nihil
1809 912 1917 954 desit
1945 920 1984 951 10

79 985 133 1027 ad
163 991 323 1027 uotum.

193 1061 258 1101 18.
290 1060 477 1101 Paenula
508 1059 685 1102 solstitio.
755 1057 965 1114 Apparet,
1013 1067 1047 1100 et
1072 1059 1286 1115 paenulam
1317 1060 1479 1102 solstitio
1525 1067 1564 1102 et
1609 1067 1775 1103 caetera
1820 1059 1917 1111 alia,

81 1147 190 1189 quae
223 1147 301 1188 per
331 1133 522 1175 ordinem
553 1132 668 1184 dicit,
715 1132 883 1174 diuerso
920 1139 1108 1188 tempore
1140 1147 1404 1188 superuacua
1435 1149 1513 1190 pro
1544 1134 1628 1177 illis
1659 1142 1760 1177 tunc
1788 1134 1918 1177 mori-

78 1207 155 1249 bus
185 1206 330 1249 fuisse.

193 1282 257 1322 19.
291 1283 370 1323 Per
402 1281 589 1322 brumam
623 1281 788 1322 Tiberis.
849 1279 958 1332 Quis
989 1279 1102 1321 enim
1133 1286 1232 1322 tunc
1263 1281 1452 1322 nataret?
1946 1291 1986 1323 15

190 1356 329 1397 sextili
355 1369 499 1396 mense.
557 1353 768 1411 Augusto.

191 1429 257 1470 26.
318 1429 410 1471 Non
442 1429 554 1470 locus
586 1428 705 1484 effusi
733 1429 811 1470 late
843 1429 970 1469 muris
1000 1428 1158 1469 arbiter.
1236 1428 1465 1470 Arbitrium
1496 1444 1573 1484 pro
1621 1428 1770 1486 [Noto]
1804 1437 1920 1472 motu

78 1501 230 1555 posuit,
261 1508 307 1543 ut
339 1503 515 1544 arbitros
545 1503 749 1544 remoueri
777 1501 822 1553 (l.
846 1516 892 1542 re
922 1500 1104 1557 moueri)
1138 1501 1318 1544 dicimus
1352 1502 1450 1559 [hoc
1481 1510 1563 1545 est:
1596 1503 1758 1546 alienus
1789 1519 1813 1545 a
1843 1519 1917 1545 ne-

82 1575 231 1632 gotio}
282 1577 413 1619 Maris
447 1575 560 1632 [cst]
584 1577 734 1617 arbiter
756 1582 816 1617 est
846 1575 976 1626 locus,
1017 1574 1128 1632 [qui]
1162 1582 1278 1618 trans
1309 1591 1424 1619 mare
1455 1577 1582 1634 longe
1612 1578 1774 1633 positus
1797 1586 1920 1633 atque

80 1649 284 1692 discretus
318 1648 432 1706 [est]
493 1649 640 1691 Potest
672 1650 823 1691 arbiter
854 1658 889 1691 et
919 1650 1072 1691 medius
1102 1649 1305 1706 intellegi.
1946 1663 1987 1695 20

193 1776 227 1816 3)
255 1777 577 1816 conpraehendantur
593 1777 628 1807 M
655 1777 837 1817 (perperam
863 1778 1009 1816 conpreh.
1038 1777 1090 1816 Q).
1142 1778 1176 1816 6)
1203 1779 1312 1817 nigros
1340 1789 1399 1809 om.
1414 1778 1455 1809 M.
1482 1780 1543 1810 hoc
1569 1784 1618 1811 est
1635 1781 1747 1819 nigros
1765 1791 1826 1810 om.
1853 1780 1919 1811 ath.

81 1833 115 1873 7)
140 1833 293 1874 fulyinem
317 1845 349 1865 v.
400 1836 435 1875 8)
463 1836 569 1874 inquit
595 1844 656 1864 om.
684 1834 750 1865 afh.
781 1835 852 1865 Non
880 1844 915 1864 ea
934 1836 1000 1873 inq.
1019 1845 1050 1864 v.
1100 1836 1134 1874 9)
1163 1834 1298 1865 dicenda
1322 1836 1410 1866 vafh.
1433 1837 1521 1874 peior
1546 1836 1666 1876 (peiori
1679 1837 1723 1876 Q)
1739 1837 1812 1867 MR.
1865 1839 1920 1878 10)

79 1893 281 1931 conquerenti
306 1892 402 1923 Auet.
427 1892 464 1922 Id
485 1911 521 1914 -—
543 1893 720 1931 requirenti
747 1903 807 1923 om.
833 1891 920 1922 vafh.
946 1892 983 1922 Id
1007 1892 1081 1922 mihi
1107 1893 1203 1931 (corr.
1230 1892 1272 1922 A:
1300 1892 1337 1922 Id
1365 1893 1530 1932 estnihil)
1558 1895 1597 1923 de
1622 1898 1710 1925 statu
1735 1905 1792 1925 suo
1817 1896 1922 1934 requi-

79 1948 183 1979 reneis.
204 1950 264 1988 (z
281 1949 341 1988 M.)
357 1949 451 1980 Alter
467 1953 533 1979 uet.
553 1950 621 1979 cod.
642 1949 674 1978 id
694 1953 742 1979 est
758 1949 832 1979 mihi
849 1947 903 1989 (de
922 1952 1009 1979 statu
1027 1958 1083 1978 suo
1103 1950 1278 1988 requirenti
1293 1960 1338 1974 r:
1354 1947 1418 1991 R2)
1436 1954 1466 1980 et
1484 1952 1535 1980 eui
1553 1951 1593 1981 A.
1646 1952 1701 1991 12)
1720 1952 1860 1982 Paenula
1877 1952 1922 1984 M.

79 2007 148 2036 rell.
168 2015 240 2045 pen.
258 2024 295 2026 ——
315 2010 347 2036 et
364 2016 394 2044 p.
414 2007 507 2036 solst.
528 2011 560 2037 et
577 2017 602 2036 c.
621 2007 750 2036 aliaom.
778 2007 807 2036 2.
860 2006 915 2045 13)
944 2007 1035 2044 ponit
1060 2006 1140 2036 dicit
1159 2006 1236 2046 (sic)
1257 2007 1285 2036 2.
1302 2025 1339 2027 >—
1356 2017 1413 2045 pro
1438 2007 1496 2037 tuis
1520 2007 1556 2036 R.
1610 2009 1665 2048 15)
1685 2008 1773 2044 Quid
1789 2010 1873 2039 enim
1893 2010 1921 2039 2.

83 2063 138 2103 16)
163 2072 275 2092 mense
301 2073 360 2093 orn.
387 2062 454 2092 afh.
507 2063 562 2102 17)
612 2063 781 2093 arbitrium
795 2062 942 2101 M(11eg1.
962 2062 1015 2102 Q.)
1041 2063 1122 2100 R,va
1147 2067 1243 2093 recte.
1271 2073 1345 2094 nam
1370 2065 1409 2093 de
1434 2065 1553 2094 arbitro
1576 2065 1711 2095 inferius
1737 2066 1834 2096 dixit.
1879 2066 1923 2096 Et

79 2123 184 2150 motus
201 2123 303 2150 terrae
322 2119 390 2150 Cic.
409 2120 486 2150 Diu.
515 2119 540 2158 1,
556 2121 608 2150 35.
637 2119 723 2150 Curt.
737 2119 791 2157 IV,
809 2121 826 2150 3
846 2124 878 2150 et
902 2124 997 2149 motus
1023 2120 1119 2150 maris
1145 2121 1272 2150 dicitur.
1293 2121 1332 2151 cf.
1351 2121 1445 2160 Prop.
1470 2122 1528 2160 III,
1547 2124 1585 2152 13
1601 2123 1688 2161 (15),
1709 2124 1748 2152 31
1764 2134 1770 2153 :
1789 2132 1922 2162 magnos

81 2186 150 2207 cum
167 2182 291 2215 ponunt
308 2186 448 2216 aequora
464 2181 580 2206 motus.
624 2176 677 2207 Sic
694 2177 788 2206 animi
804 2181 910 2207 motus
928 2177 1045 2217 (plur.)
1063 2176 1127 2207 Cic.
1148 2177 1211 2207 Off.
1230 2178 1254 2216 Ι,
1275 2178 1326 2207 38.
1344 2178 1386 2216 ΙΙ,
1407 2179 1457 2211 25,
1486 2179 1526 2209 ad
1543 2179 1620 2209 Diu.
1638 2179 1664 2217 I,
1684 2181 1712 2209 9.
1734 2180 1826 2210 Orat.
1845 2179 1869 2216 I,
1890 2180 1920 2209 5.

83 2233 183 2265 Totus
209 2238 316 2264 autem
333 2234 421 2264 loeus
439 2242 571 2272 prorsus
596 2234 770 2264 mendosus
797 2238 854 2264 est.
892 2234 965 2272 Ego
989 2236 1155 2272 remoueri,
1182 2245 1223 2265 ex
1249 2246 1311 2274 quo
1335 2237 1432 2266 uerba
1458 2236 1572 2266 alienus
1596 2247 1616 2266 a
1639 2236 1754 2276 neqotio
1779 2240 1851 2267 orta
1875 2237 1922 2266 ui-

81 2291 209 2328 dentur,
234 2292 359 2321 mutaui
385 2292 419 2321 in
444 2300 477 2321 re
502 2290 625 2329 moueri,
652 2291 734 2321 conf.
762 2292 902 2320 iudicem
928 2301 1056 2321 mouere
1085 2292 1222 2327 Quintil.
1248 2292 1305 2329 XI,
1335 2295 1362 2331 1,
1391 2295 1408 2323 6
1436 2298 1467 2323 et
1490 2293 1547 2331 VI,
1567 2294 1596 2331 2,
1620 2295 1654 2323 1:
1684 2295 1810 2323 animos
1837 2294 1923 2323 iudi-

81 2357 160 2378 cum.
201 2347 335 2378 Arbiter
361 2349 448 2378 enim
474 2349 514 2377 ad
540 2349 750 2386 aequitatem,
779 2349 880 2377 iudex
906 2348 945 2377 ad
971 2349 1074 2387 legem
1101 2349 1258 2385 iudicium
1284 2350 1400 2381 reddit.
1429 2350 1467 2380 cf.
1489 2350 1552 2380 Cic.
1579 2351 1672 2381 Rosc.
1701 2350 1842 2380 Com.4:
1870 2351 1921 2380 ‘ab

81 2405 204 2435 arbitro
231 2405 273 2435 ad
298 2404 439 2434 iudicem
464 2405 596 2434 uenire.'
659 2405 701 2434 Hi
727 2405 841 2435 arbitri
868 2414 944 2443 ergo
968 2415 1002 2435 ‘re
1027 2407 1048 2435 i.
1075 2415 1102 2436 e.
1127 2415 1160 2436 re
1186 2408 1219 2436 in
1244 2409 1468 2438 controuersia
1492 2408 1581 2438 Varr.
1609 2407 1645 2438 L.
1672 2408 1708 2438 L.
1735 2408 1791 2447 VI,
1819 2410 1836 2438 5
1863 2418 1921 2438 mo-

81 2467 198 2492 uentur.
247 2462 393 2501 Apparet
419 2466 538 2499 autem,
566 2464 600 2492 in
625 2463 682 2492 hoc
708 2463 830 2493 scholio
858 2464 989 2492 diuersa
1015 2473 1086 2494 esse
1112 2465 1246 2494 nomina
1271 2469 1368 2503 atque
1395 2465 1541 2494 diuersas
1567 2466 1769 2503 acceptiones
1806 2467 1921 2496 uerbo-

81 2529 147 2550 rum
174 2521 235 2550 sibi
261 2521 417 2559 adnean,
451 2525 486 2550 ut
512 2525 618 2550 motus
644 2521 737 2550 maris
765 2524 796 2550 et
822 2521 953 2557 arbiter,
980 2522 1033 2559 qui
1060 2531 1093 2551 re
1118 2522 1204 2552 mala
1230 2522 1323 2560 (Sall.
1353 2521 1425 2552 Cat.
1455 2521 1513 2561 20)
1539 2523 1660 2552 moueri
1686 2523 1813 2552 dicitur.
1840 2522 1921 2552 Con-

83 2580 147 2607 stat
171 2578 283 2616 utique
309 2578 393 2607 inter
417 2577 499 2607 alias
526 2578 686 2607 dictiones
713 2578 810 2607 haee:
849 2577 969 2607 remotis
993 2578 1119 2608 arbitris
1144 2579 1216 2609 Liu.
1243 2579 1285 2617 ΙΙ,
1312 2580 1342 2609 4.
1375 2578 1442 2609 Cic.
1470 2579 1533 2609 Off.
1559 2579 1618 2616 ΙΙΙ,
1646 2580 1697 2615 31,
1725 2579 1781 2609 sed
1807 2580 1845 2609 de
1871 2580 1921 2609 his

81 2643 142 2664 non
166 2643 269 2665 sermo
294 2635 348 2664 hic
374 2638 435 2671 est,
471 2639 502 2664 et
528 2643 680 2673 peruersa
703 2634 833 2664 uidetur
859 2644 964 2664 eorum
990 2635 1149 2666 editorum
1175 2637 1266 2673 ratio,
1294 2637 1348 2675 qui
1374 2645 1482 2666 omnes
1508 2636 1574 2666 fere
1593 2636 1688 2665 huius
1707 2636 1821 2666 scholii
1848 2646 1921 2674 par-

82 2695 131 2722 tes
156 2693 190 2722 in
214 2701 309 2722 unam
335 2692 533 2722 sententiam
558 2692 706 2730 redigere
731 2696 763 2722 et
788 2692 878 2730 quasi
904 2701 1018 2730 cogere
1044 2695 1152 2723 conati
1179 2697 1267 2731 sunt,
1305 2703 1340 2722 ac
1366 2694 1392 2722 si
1418 2694 1456 2722 de
1486 2692 1560 2722 ‘loco
1584 2692 1622 2722 ab
1646 2692 1770 2722 arbitris
1794 2694 1917 2723 remoto’

83 2747 165 2786 (Cic.
190 2748 282 2778 Verr.
309 2749 347 2786 V,
375 2749 433 2787 31)
460 2753 621 2787 ageretur.
669 2748 799 2778 Etenim
826 2757 929 2786 neque
955 2753 1067 2780 nostro
1092 2751 1172 2788 loco,
1212 2759 1314 2788 neque
1339 2751 1371 2779 in
1397 2749 1616 2785 Carminibus,
1644 2759 1669 2781 e.
1696 2759 1727 2788 g.
1754 2750 1778 2787 I,
1807 2751 1837 2787 3,
1870 2752 1920 2780 14.

86 2805 136 2842 15,
162 2815 203 2835 ex
229 2815 289 2844 quo
315 2806 412 2835 lectio
433 2815 493 2844 pro
518 2805 596 2835 Noto
621 2805 777 2843 originem
804 2805 918 2835 ducere
944 2807 1060 2844 potuit,
1086 2807 1199 2837 arbiter
1225 2811 1275 2837 est
1300 2812 1442 2837 remotus
1468 2807 1521 2836 uel
1547 2816 1565 2836 a
1589 2807 1721 2845 negotio
1747 2807 1874 2837 alienus
1900 2808 1922 2838 i.

83 2870 108 2890 e.
135 2863 269 2900 otiosus,
297 2863 353 2892 sed
377 2866 413 2891 ut
438 2862 642 2902 Porphyrion
668 2863 715 2892 ibi
736 2863 887 2901 exponit:
919 2863 1033 2893 ‘rector
1059 2865 1225 2893 extollens
1252 2864 1375 2893 Adriae
1400 2863 1518 2893 fluctus
1546 2867 1577 2892 et
1602 2863 1762 2901 placans’,
1789 2868 1855 2901 aut,
1882 2868 1919 2894 ut

85 2917 280 2949 S.Obbarius
305 2929 336 2957 p.
366 2919 428 2948 115
455 2922 602 2949 nostrum
627 2919 733 2948 locum
759 2920 922 2957 explicat:
950 2919 1075 2949 ‘arbiter
1101 2921 1121 2950 i.
1149 2930 1174 2950 e.
1203 2922 1256 2959 qui
1283 2921 1362 2950 mari
1389 2920 1481 2958 quasi
1508 2921 1702 2957 dominatur,
1728 2921 1781 2950 uel
1806 2931 1825 2951 a
1850 2931 1921 2960 pro-

84 2979 194 3012 spectu
216 2976 268 3006 uel
293 2984 311 3004 a
337 2975 532 3007 securitate)
560 2974 644 3005 conf.
672 2975 800 3005 Acron:
829 2976 988 3006 ‘dominus
1015 2978 1113 3007 maris
1139 2981 1172 3007 et
1195 2978 1228 3007 in
1254 2981 1323 3007 tuto
1348 2976 1493 3015 positus.'
1521 2982 1664 3014 promoto
1689 2977 1734 3008 M.
1765 2988 1820 3016 pro
1846 2983 1921 3008 moto

86 3030 115 3060 2.
141 3032 344 3069 promotorR,
369 3041 439 3062 uoc.
466 3042 532 3063 non
550 3032 633 3070 Lat.,
658 3035 752 3061 motor
777 3036 885 3062 autem
911 3034 1280 3064 rarissimum.Martial.
1295 3033 1349 3071 XI,
1365 3033 1417 3070 40,
1436 3034 1463 3062 1.
1481 3043 1536 3071 pro
1561 3038 1683 3064 remoto
1702 3034 1739 3070 Q.
1766 3044 1820 3073 pro
1846 3039 1920 3065 noto

84 3086 160 3116 vafh
185 3092 217 3118 et
242 3088 337 3118 Auet.
366 3099 395 3127 p.
423 3089 499 3119 693.
526 3090 619 3128 posui
645 3099 701 3128 pro
726 3093 812 3119 motu.
864 3090 920 3129 18)
946 3090 1015 3120 aliis
1040 3100 1058 3120 a
1082 3100 1156 3129 neg.
1184 3089 1339 3120 MRA2G.
1366 3090 1485 3119 alienus
1509 3089 1574 3119 afh.
1602 3100 1663 3120 om.
1689 3101 1720 3128 v,
1752 3101 1834 3130 quae
1861 3093 1917 3121 ha-

84 3143 154 3174 bet:
180 3144 317 3175 dicimus
343 3154 361 3175 a
385 3146 517 3184 negotio
541 3147 638 3176 maris
666 3149 714 3177 est
739 3147 859 3177 arbiter
884 3148 1036 3186 abiciens,
1074 3147 1128 3178 hoc
1153 3151 1196 3177 est
1220 3147 1349 3179 alienus.
1377 3164 1418 3167 ——
1444 3156 1462 3176 a
1487 3147 1617 3186 negotio
1645 3149 1743 3178 maris
1783 3152 1832 3178 est
1870 3158 1919 3178 ar-
