2148 3412
780 154 829 186 IN
855 154 1133 193 EPIST.1‚14.
1793 144 1875 185 439

668 358 1043 414 EPISTVLA
1086 361 1125 427 1,
1170 362 1245 413 14.

861 469 1051 514 AGRON.

161 572 276 613 Vilice
297 572 509 614 siluarum.
572 570 766 627 Castigat
796 571 971 613 uilicum
1003 587 1137 621 suum,
1170 572 1282 627 quod
1313 572 1374 613 illi
1406 587 1509 628 ager
1540 573 1720 623 sordeat,
1754 588 1878 628 quem

43 645 227 700 quinque
258 645 486 699 aliquando
519 645 782 700 possederint
820 652 1043 686 senatores.

154 720 352 760 reddentis*
381 720 509 774 aqellz'.
571 718 798 772 Quoniam,
831 734 926 760 eum
958 725 1189 760 secesserat
1219 734 1303 769 rus,
1337 719 1418 761 sibi
1448 720 1640 761 uacabat.

154 794 191 833 2.
224 795 396 849 quinque
426 794 538 847 focis.
599 792 697 835 Hoe
728 801 801 843 est,
835 792 1021 847 quinque
1052 792 1234 834 dominis
1267 800 1338 834 aut
1368 792 1576 835 domibus.

154 867 192 907 3.
231 867 389 908 Variam
422 868 558 909 [leuitt.
584 876 737 924 patres.
799 866 1022 922 Oppidum
1053 867 1096 908 in
1120 865 1293 909 Sabinis
1324 867 1438 917 olim,
1471 882 1582 909 nune
1603 867 1722 908 uieus
1754 867 1880 908 inmi-

42 954 144 981 nens
175 939 334 981 Anieni
365 941 419 981 ad
450 948 643 982 octauum
675 941 860 996 lapidem
901 941 1011 981 ultra
1042 940 1190 991 Tibur,
1236 941 1307 982 uia
1351 940 1536 983 Valeria.
1611 940 1882 982 Valerienses

43 1028 143 1071 ergo
174 1021 387 1056 senatores
418 1015 602 1071 agellum
636 1030 756 1056 suum
788 1015 1024 1070 possedisse
1056 1015 1278 1070 signifieat.

153 1090 193 1129 4.
230 1089 440 1131 Certemus.
503 1087 682 1131 Sensus:
716 1089 954 1139 uideamus,
985 1095 1124 1130 utrum
1146 1096 1188 1130 tu
1212 1104 1375 1145 agrum,
1408 1104 1461 1130 an
1484 1103 1563 1145 ego
1584 1088 1771 1129 animum
1793 1102 1882 1129 me-

44 1162 122 1204 lius
154 1162 302 1204 colam.

155 1238 190 1278 5.
224 1252 277 1278 an
308 1251 380 1278 res.
442 1236 616 1279 Scilicet
646 1237 817 1279 Horatii
850 1237 875 1278 i.
909 1252 941 1278 e.
977 1235 1224 1278 substantia.

154 1311 191 1351 6.
225 1312 289 1354 Me
312 1312 510 1366 quamuis.
572 1310 608 1351 F
612 1311 794 1353 estinare
828 1326 871 1353 se
904 1311 964 1352 ait
994 1326 1080 1361 rus,
1114 1317 1154 1351 et
1183 1309 1385 1352 uelociter
1415 1309 1607 1351 difficilia
1638 1310 1780 1352 onmia
1811 1310 1879 1351 iti-

42 1385 153 1426 neris
183 1384 292 1426 uelle
323 1385 515 1427 transire.

155 1461 192 1500 7.
223 1460 407 1514 fratrem.
445 1457 591 1501 Suum.

153 1535 191 1575 8.
224 1534 506 1575 Insolabz'mer.
565 1533 628 1575 Ut
658 1532 821 1574 nullum
855 1532 1053 1574 solatium
1085 1531 1291 1573 admittat.

157 1607 241 1663 [11.
280 1608 504 1664 Cm'placet
527 1609 707 1649 alterius.
755 1606 806 1647 Id
838 1613 917 1648 est:
951 1606 1068 1656 mihi,
1101 1607 1172 1661 qui
1203 1607 1301 1649 uolo
1331 1606 1523 1648 habitare
1554 1621 1664 1658 rure,
1696 1607 1793 1649 odio
1825 1614 1886 1648 est

42 1680 231 1722 habitare
263 1681 307 1722 in
337 1681 463 1723 urbe:
497 1689 536 1723 et
567 1681 657 1731 tibi,
692 1681 762 1736 qui
793 1681 858 1722 uis
888 1681 1080 1722 habitare
1110 1681 1154 1722 in
1185 1681 1303 1731 urbe,
1336 1681 1434 1723 odio
1465 1688 1525 1723 est
1558 1697 1640 1723 rus.

157 1757 221 1796 12.
254 1764 432 1813 uterque.
464 1755 680 1799 Nostrum.
743 1756 885 1798 locum.
921 1753 1173 1810 Culpandus
1196 1762 1258 1798 est
1288 1756 1467 1807 animus,
1501 1756 1573 1811 qui
1604 1756 1780 1797 uitiosus
1811 1762 1884 1806 est,

43 1843 125 1870 non
154 1829 283 1872 loeus.

157 1904 221 1944 14.
254 1905 528 1946 v'zede'astz'nus.
589 1903 686 1945 Hoe
718 1910 780 1945 est
809 1903 852 1944 in
894 1903 1063 1945 ciuitate
1109 1911 1147 1945 et
1194 1903 1237 1944 in
1269 1904 1409 1945 media
1440 1904 1544 1946 urbe
1575 1904 1746 1952 uiuens3
1794 1911 1885 1945 astu

44 1978 154 2019 enim
186 1978 340 2019 dieitur
371 1978 531 2019 ciuitas.
595 1977 724 2019 Unde
756 1984 793 2018 et
842 1979 993 2019 Terem.
1024 1976 1134 2019 Eun.
1169 1977 1222 2027 V,
1256 1980 1293 2028 5,
1328 1980 1377 2018 17
1412 1978 1548 2031 (987).
1611 1981 1673 2020 An
1711 1979 1753 2019 in
1795 1986 1885 2019 astu

44 2055 183 2095 uenit?
238 2051 359 2108 Ergo
391 2052 451 2093 sie
482 2052 828 2108 intellegendum,
860 2067 944 2093 non
976 2058 1021 2092 ut.
1050 2050 1236 2104 Quidam
1271 2051 1392 2106 quasi
1425 2051 1663 2093 ministrum
1695 2051 1887 2106 obsequii
1939 2060 1950 2071 ⁷

45 2132 84 2167 et
112 2126 253 2177 officii,
285 2125 544 2182 intellegitur
573 2125 834 2168 balnearum.

158 2201 223 2242 16.
256 2202 321 2244 Me
353 2209 550 2243 constare.
612 2199 793 2256 Semper
824 2200 866 2240 in
899 2214 993 2241 meo
1025 2200 1243 2255 proposito
1274 2214 1460 2241 manere.

156 2379 314 2410 ACRON.
364 2380 424 2410 AD
451 2379 634 2410 VILICVM
651 2389 668 2421 γ
685 2379 796 2411 Ambr.
846 2379 895 2408 Ad
923 2378 1107 2408 VILICVM
1125 2379 1242 2409 SVVM
1259 2380 1318 2408 DE
1339 2378 1587 2409 VARIETATF.
1606 2378 1750 2408 STVDII
1770 2378 1886 2421 EBeH

46 2436 140 2467 Bern.
167 2437 203 2467 O.
231 2437 320 2467 Sorb.
347 2447 407 2467 om.
444 2437 538 2467 studii
562 2441 593 2467 et
619 2441 655 2466 ut
680 2437 737 2466 alii
762 2437 958 2466 recentiores
983 2436 1059 2465 libri
1084 2437 1185 2466 habet
1210 2436 1270 2465 AD
1297 2435 1517 2465 VILLICVM.
1565 2435 1632 2464 Alii
1664 2436 1888 2465 inconstantes

47 2495 107 2524 sibi
133 2498 219 2532 sunt,
244 2498 279 2524 ut
304 2494 377 2524 vat.
406 2495 492 2524 3257
519 2504 601 2523 saec.
627 2493 681 2531 XI,
709 2495 763 2533 qui
788 2493 886 2523 habet
912 2492 971 2522 AD
998 2492 1211 2523 VILLIOVM
1236 2498 1267 2523 et
1291 2493 1395 2530 uilice⁷
1422 2493 1506 2532 quod
1532 2493 1659 2531 plurimi
1686 2496 1766 2521 uett.
1794 2493 1886 2522 codd.

47 2554 187 2581 tuentur.
212 2552 296 2581 Vide
322 2561 402 2590 quae
428 2551 515 2581 infra
540 2552 655 2590 scripsi
681 2551 721 2580 ad
746 2551 863 2589 Porph.

159 2609 194 2648 G)
220 2608 424 2646 possederint
451 2619 479 2651 γ.
509 2608 592 2638 conf.
620 2608 662 2637 C:
702 2617 795 2646 quem
822 2608 965 2646 quinque
1002 2611 1097 2636 tamen
1136 2611 1302 2637 senatores
1340 2607 1517 2645 aliquando
1554 2606 1775 2644 possederant.
1815 2606 1886 2635 rell.

47 2664 262 2702 possederunt.
289 2669 320 2695 et
347 2666 416 2695 eod.
443 2665 625 2696 Theuenot.
653 2675 703 2703 ap.
730 2665 898 2703 Suringar.
926 2673 955 2702 p.
986 2665 1059 2700 169,
1097 2664 1180 2693 liber
1205 2665 1297 2702 parui
1335 2665 1428 2702 pretii
1467 2668 1499 2694 et.
1536 2663 1723 2692 recentioris
1760 2663 1888 2692 aetatis.

50 2722 83 2761 7)
108 2722 265 2758 Quoniam
287 2740 326 2743 ——
344 2723 484 2752 uacabat
506 2732 532 2764 γ.
559 2723 629 2752 rell.
656 2731 717 2751 om.
768 2722 802 2760 8)
829 2721 899 2751 Hoc
916 2739 956 2742 μ
977 2721 1126 2751 domibus
1151 2731 1178 2763 γ.
1205 2722 1274 2750 rell.
1303 2731 1364 2750 om.
1415 2720 1450 2759 9)
1481 2720 1645 2758 Oppidum
1664 2737 1705 2740 k
1726 2720 1890 2757 significat

48 2778 114 2820 γ,Ο.
139 2780 210 2808 rell.
237 2789 298 2809 om.
367 2780 421 2817 12)
449 2778 570 2808 Sensus
597 2796 639 2799 μ
665 2779 766 2809 colam
791 2778 856 2819 ⁴170·
882 2779 953 2808 rell.
981 2787 1042 2807 om.
1068 2777 1184 2807 fortius
1210 2779 1306 2807 anim.
1327 2777 1350 2807 C
1392 2777 1516 2815 (Hor),
1554 2786 1612 2806 om.
1652 2776 1777 2805 melius.
1830 2776 1886 2814 14)

51 2843 74 2864 s.
99 2835 175 2866 Hor.
202 2835 220 2865 i.
249 2837 351 2866 subst.
378 2835 471 2874 (ager
497 2835 538 2874 C)
565 2835 631 2877 ·s,C.
659 2837 727 2865 rell.
755 2845 817 2865 om.
869 2835 925 2873 15)
951 2835 1120 2864 Festi-nare
1147 2843 1180 2863 se
1205 2834 1248 2863 ait
1274 2833 1360 2872 (rell.
1387 2833 1473 2871 (licit)
1494 2850 1535 2854 „‚‚
1552 2833 1693 2862 transire
1718 2832 1888 2874 ·(,veath.

49 2901 106 2921 om.
134 2892 168 2922 C.
221 2893 276 2931 17)
306 2903 396 2922 suum
422 2892 487 2934 320.
515 2894 584 2922 rell.
610 2903 670 2923 om.
722 2893 778 2932 18)
803 2896 891 2921 ut—
909 2892 994 2922 adm.
1020 2890 1087 2932 ·s‚C.
1114 2891 1184 2920 rell.
1212 2900 1272 2921 om.
1325 2890 1380 2929 19)
1411 2888 1463 2919 Cui
1483 2890 1706 2928 placet—rus
1733 2899 1795 2918 om.
1822 2888 1887 2931 320.

52 2949 108 2988 21)
134 2949 286 2979 Nostrum
304 2949 372 2991 ·s‚C.
392 2950 461 2979 rell.
481 2959 540 2979 om.
570 2967 609 2971 w
637 2948 826 2988 Culpandus
853 2966 893 2969 —
920 2949 1009 2977 loeus
1035 2957 1061 2989 γ.
1080 2948 1150 2977 rell.
1169 2958 1228 2977 om.
1280 2947 1336 2984 23)
1364 2947 1433 2976 Hoc
1460 2950 1508 2975 est
1522 2964 1562 2967 -*
1577 2947 1667 2975 uenit
1693 2945 1888 2986 *(,Cveath.

51 3004 134 3044 Ergo
163 3024 201 3027 ——
226 3007 415 3036 balnearum
439 3017 457 3048 γ
481 3011 512 3036 et
529 3007 562 3043 C,
590 3007 644 3044 qui
671 3016 732 3035 om.
759 3007 843 3045 Eryo
868 3010 900 3035 et
925 3006 1037 3035 habet:
1066 3014 1130 3034 non
1156 3009 1191 3034 ut
1219 3005 1350 3042 quidam
1375 3003 1542 3042 intelligswtzt
1564 3003 1771 3032 mediastinum
1796 3004 1888 3042 quasi

51 3063 126 3092 min.
143 3064 209 3093 obs.
229 3068 261 3094 et.
277 3063 375 3094 officii
391 3064 599 3094 balnearum!
649 3064 706 3103 24)
733 3066 805 3102 asty
830 3073 856 3104 γ.
884 3063 917 3093 in
942 3064 1009 3093 loeo
1026 3062 1100 3092 Ter.
1129 3065 1199 3091 astu
1216 3065 1251 3090 ut
1270 3061 1338 3089 rell.
1364 3060 1554 3090 uocabulum
1581 3059 1733 3089 Latinum
1758 3061 1887 3090 factum.

51 3118 126 3149 Aee.
153 3129 203 3159 ap.
229 3121 371 3151 Nonium
397 3121 427 3152 4.
454 3131 485 3150 n.
513 3121 588 3150 330.
615 3119 680 3150 Cic.
707 3119 784 3158 Leg.
809 3119 852 3157 II,
880 3120 909 3148 2.
947 3119 1025 3157 Nep.
1052 3118 1157 3148 Aleib.
1186 3119 1215 3147 6.
1241 3118 1353 3147 Them.
1370 3118 1399 3147 4.
1425 3117 1553 3148 Vitruu.
1580 3115 1717 3153 V111‚3.
1755 3118 1802 3146 An
1827 3126 1887 3146 om.

52 3174 86 3205 C.
134 3177 191 3217 27)
216 3176 347 3216 Semper
376 3195 412 3199 -
440 3187 570 3207 manere
595 3187 621 3220 γ.
647 3177 730 3207 conf.
757 3175 798 3206 O:
827 3177 976 3207 stabilem
1003 3184 1143 3206 manere.
1170 3175 1238 3204 rell.
1267 3185 1328 3204 0111.

1912 948 1949 978 10
