<?xml version="1.0" encoding="UTF-8"?>
<!DOCTYPE html PUBLIC "-//W3C//DTD XHTML 1.0 Transitional//EN"
    "http://www.w3.org/TR/xhtml1/DTD/xhtml1-transitional.dtd">
<html xmlns="http://www.w3.org/1999/xhtml" xml:lang="en" lang="en">
 <head>
  <title>
</title>
<meta http-equiv="Content-Type" content="text/html;charset=utf-8" />
  <meta name='ocr-system' content='tesseract 3.04.00' />
  <meta name='ocr-capabilities' content='ocr_page ocr_carea ocr_par ocr_line ocrx_word'/>
</head>
<body>
  <div class='ocr_page' id='page_1' title='image "acronisetporphyr02pseuuoft_0321.png"; bbox 0 0 2148 3412; ppageno 0'>
   <div class='ocr_carea' id='block_1_1' title="bbox 840 141 1923 188">
    <p class='ocr_par' dir='ltr' id='par_1_1' title="bbox 840 141 1923 188">
     <span class='ocr_line' id='line_1_1' title="bbox 840 141 1923 188; baseline 0 -7"><span class='ocrx_word' id='word_1_1' title='bbox 840 150 887 181; x_wconf 81' lang='lat' dir='ltr'>IN</span> <span class='ocrx_word' id='word_1_2' title='bbox 913 150 1047 182; x_wconf 71' lang='lat' dir='ltr'>sumu.</span> <span class='ocrx_word' id='word_1_3' title='bbox 1074 151 1117 188; x_wconf 82' lang='lat'>11,</span> <span class='ocrx_word' id='word_1_4' title='bbox 1144 155 1174 183; x_wconf 73' lang='lat' dir='ltr'>e.</span> <span class='ocrx_word' id='word_1_5' title='bbox 1841 141 1923 182; x_wconf 86' lang='lat'>313</span> 
     </span>
    </p>
   </div>
   <div class='ocr_carea' id='block_1_2' title="bbox 202 270 1924 403">
    <p class='ocr_par' dir='ltr' id='par_1_2' title="bbox 202 270 1924 403">
     <span class='ocr_line' id='line_1_2' title="bbox 203 270 1924 331; baseline 0.002 -18"><span class='ocrx_word' id='word_1_6' title='bbox 203 273 268 313; x_wconf 86' lang='lat'>34.</span> <span class='ocrx_word' id='word_1_7' title='bbox 301 280 392 313; x_wconf 76' lang='lat' dir='ltr'>ante</span> <span class='ocrx_word' id='word_1_8' title='bbox 412 272 640 314; x_wconf 72' lang='lat' dir='ltr'>secundam.</span> <span class='ocrx_word' id='word_1_9' title='bbox 674 272 726 313; x_wconf 91' lang='lat' dir='ltr'>Id</span> <span class='ocrx_word' id='word_1_10' title='bbox 748 279 821 323; x_wconf 84' lang='lat' dir='ltr'>est,</span> <span class='ocrx_word' id='word_1_11' title='bbox 845 273 1003 314; x_wconf 86' lang='lat' dir='ltr'>horam.</span> <span class='ocrx_word' id='word_1_12' title='bbox 1062 273 1135 316; x_wconf 85' lang='lat' dir='ltr'>Sic</span> <span class='ocrx_word' id='word_1_13' title='bbox 1157 274 1314 315; x_wconf 88' lang='lat' dir='ltr'>dicunt.</span> <span class='ocrx_word' id='word_1_14' title='bbox 1337 276 1352 328; x_wconf 78' lang='grc' dir='ltr'>Η</span> <span class='ocrx_word' id='word_1_15' title='bbox 1375 274 1472 316; x_wconf 92' lang='lat' dir='ltr'>Hoc</span> <span class='ocrx_word' id='word_1_16' title='bbox 1493 275 1595 315; x_wconf 90' lang='lat' dir='ltr'>dicit</span> <span class='ocrx_word' id='word_1_17' title='bbox 1619 270 1734 331; x_wconf 83' lang='lat' dir='ltr'>[tibi]</span> <span class='ocrx_word' id='word_1_18' title='bbox 1759 275 1924 330; x_wconf 88' lang='lat' dir='ltr'>aliquis.</span> 
     </span>
     <span class='ocr_line' id='line_1_3' title="bbox 202 345 1924 403; baseline 0.002 -17"><span class='ocrx_word' id='word_1_19' title='bbox 202 346 267 387; x_wconf 85' lang='lat'>35.</span> <span class='ocrx_word' id='word_1_20' title='bbox 300 346 353 386; x_wconf 79' lang='lat' dir='ltr'>ad</span> <span class='ocrx_word' id='word_1_21' title='bbox 388 345 539 386; x_wconf 75' lang='lat' dir='ltr'>Puteal.</span> <span class='ocrx_word' id='word_1_22' title='bbox 598 345 740 401; x_wconf 89' lang='lat' dir='ltr'>Prope</span> <span class='ocrx_word' id='word_1_23' title='bbox 771 345 934 387; x_wconf 86' lang='lat' dir='ltr'>Puteal.</span> <span class='ocrx_word' id='word_1_24' title='bbox 994 347 1136 389; x_wconf 89' lang='lat' dir='ltr'>Locus</span> <span class='ocrx_word' id='word_1_25' title='bbox 1158 347 1332 398; x_wconf 74' lang='lat' dir='ltr'>Romae,</span> <span class='ocrx_word' id='word_1_26' title='bbox 1365 348 1419 389; x_wconf 89' lang='lat' dir='ltr'>ad</span> <span class='ocrx_word' id='word_1_27' title='bbox 1441 363 1565 403; x_wconf 90' lang='lat' dir='ltr'>quem</span> <span class='ocrx_word' id='word_1_28' title='bbox 1586 348 1814 390; x_wconf 85' lang='lat' dir='ltr'>ueniebant</span> <span class='ocrx_word' id='word_1_29' title='bbox 1834 350 1924 391; x_wconf 84' lang='lat' dir='ltr'>foe-</span> 
     </span>
    </p>
   </div>
   <div class='ocr_carea' id='block_1_3' title="bbox 91 417 1924 534">
    <p class='ocr_par' dir='ltr' id='par_1_3' title="bbox 91 417 1924 534">
     <span class='ocr_line' id='line_1_4' title="bbox 91 417 1924 474; baseline 0.002 -13"><span class='ocrx_word' id='word_1_30' title='bbox 91 426 314 461; x_wconf 86' lang='lat' dir='ltr'>neratores.</span> <span class='ocrx_word' id='word_1_31' title='bbox 373 417 489 461; x_wconf 89' lang='lat' dir='ltr'>Alii</span> <span class='ocrx_word' id='word_1_32' title='bbox 520 419 684 461; x_wconf 86' lang='lat' dir='ltr'>dicunt:</span> <span class='ocrx_word' id='word_1_33' title='bbox 718 420 761 460; x_wconf 89' lang='lat' dir='ltr'>in</span> <span class='ocrx_word' id='word_1_34' title='bbox 783 435 866 474; x_wconf 93' lang='lat' dir='ltr'>quo</span> <span class='ocrx_word' id='word_1_35' title='bbox 889 420 1074 461; x_wconf 86' lang='lat' dir='ltr'>tribunal</span> <span class='ocrx_word' id='word_1_36' title='bbox 1096 421 1257 463; x_wconf 84' lang='lat' dir='ltr'>solebat</span> <span class='ocrx_word' id='word_1_37' title='bbox 1278 436 1367 463; x_wconf 89' lang='lat' dir='ltr'>csse</span> <span class='ocrx_word' id='word_1_38' title='bbox 1388 421 1629 472; x_wconf 79' lang='lat' dir='ltr'>Praetoris3</span> <span class='ocrx_word' id='word_1_39' title='bbox 1666 429 1753 464; x_wconf 86' lang='lat' dir='ltr'>erat</span> <span class='ocrx_word' id='word_1_40' title='bbox 1785 431 1924 464; x_wconf 85' lang='lat' dir='ltr'>autem</span> 
     </span>
     <span class='ocr_line' id='line_1_5' title="bbox 92 491 340 534; baseline -0.008 0"><span class='ocrx_word' id='word_1_41' title='bbox 92 494 134 534; x_wconf 92' lang='lat' dir='ltr'>in</span> <span class='ocrx_word' id='word_1_42' title='bbox 164 491 340 533; x_wconf 78' lang='lat' dir='ltr'><strong>Rostris.</strong></span> 
     </span>
    </p>
   </div>
   <div class='ocr_carea' id='block_1_4' title="bbox 88 566 1986 773">
    <p class='ocr_par' dir='ltr' id='par_1_4' title="bbox 88 566 1986 773">
     <span class='ocr_line' id='line_1_6' title="bbox 200 566 1986 627; baseline 0.004 -21"><span class='ocrx_word' id='word_1_43' title='bbox 200 566 266 606; x_wconf 81' lang='lat'>36.</span> <span class='ocrx_word' id='word_1_44' title='bbox 304 566 363 606; x_wconf 82' lang='lat' dir='ltr'>De</span> <span class='ocrx_word' id='word_1_45' title='bbox 392 580 436 607; x_wconf 76' lang='lat' dir='ltr'>re</span> <span class='ocrx_word' id='word_1_46' title='bbox 468 568 671 608; x_wconf 76' lang='lat' dir='ltr'>communi</span> <span class='ocrx_word' id='word_1_47' title='bbox 690 568 846 608; x_wconf 70' lang='lat' dir='ltr'>scribae</span> <span class='ocrx_word' id='word_1_48' title='bbox 869 582 1014 621; x_wconf 72' lang='lat' dir='ltr'>maqna</span> <span class='ocrx_word' id='word_1_49' title='bbox 1036 577 1151 624; x_wconf 79' lang='lat' dir='ltr'>atque</span> <span class='ocrx_word' id='word_1_50' title='bbox 1172 583 1281 610; x_wconf 68' lang='lat' dir='ltr'>noua</span> <span class='ocrx_word' id='word_1_51' title='bbox 1305 577 1349 610; x_wconf 84' lang='lat' dir='ltr'>te.</span> <span class='ocrx_word' id='word_1_52' title='bbox 1372 571 1389 623; x_wconf 81' lang='grc' dir='ltr'>Η</span> <span class='ocrx_word' id='word_1_53' title='bbox 1413 569 1590 610; x_wconf 83' lang='lat' dir='ltr'>Scribae</span> <span class='ocrx_word' id='word_1_54' title='bbox 1624 569 1683 625; x_wconf 88' lang='lat' dir='ltr'>[et</span> <span class='ocrx_word' id='word_1_55' title='bbox 1713 570 1920 627; x_wconf 57' lang='lat' dir='ltr'>nouenae}</span> <span class='ocrx_word' id='word_1_56' title='bbox 1975 579 1986 594; x_wconf 65' lang='lat'>&#39;⁷</span> 
     </span>
     <span class='ocr_line' id='line_1_7' title="bbox 91 638 1924 696; baseline 0.002 -16"><span class='ocrx_word' id='word_1_57' title='bbox 91 638 240 695; x_wconf 90' lang='lat' dir='ltr'>quibus</span> <span class='ocrx_word' id='word_1_58' title='bbox 271 639 596 694; x_wconf 77' lang='lat' dir='ltr'>spoponderant.</span> <span class='ocrx_word' id='word_1_59' title='bbox 660 640 877 696; x_wconf 74' lang='lat' dir='ltr'>[Nouatae]</span> <span class='ocrx_word' id='word_1_60' title='bbox 912 641 1042 682; x_wconf 77' lang='lat' dir='ltr'>Noua.</span> <span class='ocrx_word' id='word_1_61' title='bbox 1105 639 1219 692; x_wconf 81' lang='lat' dir='ltr'>Quia.</span> <span class='ocrx_word' id='word_1_62' title='bbox 1244 640 1518 683; x_wconf 77' lang='lat' dir='ltr'>‘nouauerant</span> <span class='ocrx_word' id='word_1_63' title='bbox 1555 643 1766 690; x_wconf 79' lang='lat' dir='ltr'>debitum3</span> <span class='ocrx_word' id='word_1_64' title='bbox 1812 644 1924 685; x_wconf 90' lang='lat' dir='ltr'>unde</span> 
     </span>
     <span class='ocr_line' id='line_1_8' title="bbox 88 713 1924 773; baseline 0.002 -18"><span class='ocrx_word' id='word_1_65' title='bbox 88 714 262 762; x_wconf 74' lang='lat' dir='ltr'>nouatio,</span> <span class='ocrx_word' id='word_1_66' title='bbox 295 727 389 754; x_wconf 90' lang='lat' dir='ltr'>cum</span> <span class='ocrx_word' id='word_1_67' title='bbox 421 713 567 768; x_wconf 83' lang='lat' dir='ltr'>(causa</span> <span class='ocrx_word' id='word_1_68' title='bbox 580 714 617 768; x_wconf 62' lang='grc' dir='ltr'>ἓ)</span> <span class='ocrx_word' id='word_1_69' title='bbox 655 714 802 754; x_wconf 89' lang='lat' dir='ltr'>eodem</span> <span class='ocrx_word' id='word_1_70' title='bbox 835 720 1064 764; x_wconf 84' lang='lat' dir='ltr'>contractu,</span> <span class='ocrx_word' id='word_1_71' title='bbox 1112 721 1182 755; x_wconf 83' lang='lat' dir='ltr'>aut</span> <span class='ocrx_word' id='word_1_72' title='bbox 1214 715 1435 757; x_wconf 80' lang='lat' dir='ltr'>creditoris</span> <span class='ocrx_word' id='word_1_73' title='bbox 1467 730 1648 770; x_wconf 85' lang='lat' dir='ltr'>persona</span> <span class='ocrx_word' id='word_1_74' title='bbox 1677 723 1876 758; x_wconf 88' lang='lat' dir='ltr'>mutatur.</span> <span class='ocrx_word' id='word_1_75' title='bbox 1910 717 1924 773; x_wconf 68' lang='grc' dir='ltr'>Η</span> 
     </span>
    </p>
   </div>
   <div class='ocr_carea' id='block_1_5' title="bbox 82 891 1925 3197">
    <p class='ocr_par' dir='ltr' id='par_1_5' title="bbox 87 891 1922 1048">
     <span class='ocr_line' id='line_1_9' title="bbox 88 891 1922 933; baseline 0.002 -11"><span class='ocrx_word' id='word_1_76' title='bbox 88 901 159 931; x_wconf 88' lang='lat' dir='ltr'>pon.</span> <span class='ocrx_word' id='word_1_77' title='bbox 183 901 231 933; x_wconf 50' lang='lat' dir='ltr'>*ha</span> <span class='ocrx_word' id='word_1_78' title='bbox 257 891 339 931; x_wconf 62' lang='lat' dir='ltr'>(an).</span> <span class='ocrx_word' id='word_1_79' title='bbox 375 908 409 911; x_wconf 34' lang='grc' dir='ltr'>ψ</span> <span class='ocrx_word' id='word_1_80' title='bbox 435 892 553 922; x_wconf 85' lang='lat' dir='ltr'>mortui</span> <span class='ocrx_word' id='word_1_81' title='bbox 579 895 669 921; x_wconf 76' lang='lat' dir='ltr'>antea</span> <span class='ocrx_word' id='word_1_82' title='bbox 694 902 756 922; x_wconf 88' lang='lat' dir='ltr'>mv.</span> <span class='ocrx_word' id='word_1_83' title='bbox 785 897 882 922; x_wconf 80' lang='lat' dir='ltr'>antea</span> <span class='ocrx_word' id='word_1_84' title='bbox 907 894 1023 922; x_wconf 87' lang='lat' dir='ltr'>mortui</span> <span class='ocrx_word' id='word_1_85' title='bbox 1060 891 1180 933; x_wconf 70' lang='lat' dir='ltr'>(G?)Q.</span> <span class='ocrx_word' id='word_1_86' title='bbox 1218 894 1381 932; x_wconf 73' lang='lat' dir='ltr'><em>Esquilias.</em></span> <span class='ocrx_word' id='word_1_87' title='bbox 1420 895 1587 933; x_wconf 78' lang='lat' dir='ltr'>Esquiliae</span> <span class='ocrx_word' id='word_1_88' title='bbox 1625 895 1713 925; x_wconf 90' lang='lat' dir='ltr'>locus</span> <span class='ocrx_word' id='word_1_89' title='bbox 1752 900 1829 933; x_wconf 84' lang='lat' dir='ltr'>erat,</span> <span class='ocrx_word' id='word_1_90' title='bbox 1868 897 1922 925; x_wconf 90' lang='lat' dir='ltr'>ubi</span> 
     </span>
     <span class='ocr_line' id='line_1_10' title="bbox 87 948 1921 990; baseline 0.002 -13"><span class='ocrx_word' id='word_1_91' title='bbox 87 949 248 988; x_wconf 82' lang='lat' dir='ltr'>peregrini</span> <span class='ocrx_word' id='word_1_92' title='bbox 276 952 307 978; x_wconf 88' lang='lat' dir='ltr'>et</span> <span class='ocrx_word' id='word_1_93' title='bbox 331 957 487 986; x_wconf 84' lang='lat' dir='ltr'>pauperes</span> <span class='ocrx_word' id='word_1_94' title='bbox 513 948 773 986; x_wconf 87' lang='lat' dir='ltr'>sepeliebantur:</span> <span class='ocrx_word' id='word_1_95' title='bbox 801 954 907 987; x_wconf 69' lang='lat' dir='ltr'>postea</span> <span class='ocrx_word' id='word_1_96' title='bbox 932 950 1016 980; x_wconf 90' lang='lat' dir='ltr'>horti</span> <span class='ocrx_word' id='word_1_97' title='bbox 1034 950 1231 980; x_wconf 71' lang='lat' dir='ltr'>Maecenatis</span> <span class='ocrx_word' id='word_1_98' title='bbox 1251 950 1288 989; x_wconf 81' lang='lat' dir='ltr'>C,</span> <span class='ocrx_word' id='word_1_99' title='bbox 1314 961 1374 981; x_wconf 90' lang='lat' dir='ltr'>om.</span> <span class='ocrx_word' id='word_1_100' title='bbox 1403 956 1504 981; x_wconf 87' lang='lat' dir='ltr'>erant.</span> <span class='ocrx_word' id='word_1_101' title='bbox 1532 956 1645 989; x_wconf 84' lang='lat' dir='ltr'>postea</span> <span class='ocrx_word' id='word_1_102' title='bbox 1671 956 1761 981; x_wconf 76' lang='lat' dir='ltr'>erant</span> <span class='ocrx_word' id='word_1_103' title='bbox 1784 951 1822 987; x_wconf 85' lang='lat' dir='ltr'>Q.</span> <span class='ocrx_word' id='word_1_104' title='bbox 1850 957 1921 990; x_wconf 84' lang='lat' dir='ltr'>post</span> 
     </span>
     <span class='ocr_line' id='line_1_11' title="bbox 88 1004 936 1048; baseline 0.001 -13"><span class='ocrx_word' id='word_1_105' title='bbox 88 1015 160 1046; x_wconf 77' lang='lat' dir='ltr'>quas</span> <span class='ocrx_word' id='word_1_106' title='bbox 184 1009 276 1034; x_wconf 84' lang='lat' dir='ltr'>erant</span> <span class='ocrx_word' id='word_1_107' title='bbox 301 1005 333 1034; x_wconf 92' lang='lat' dir='ltr'>h.</span> <span class='ocrx_word' id='word_1_108' title='bbox 360 1004 440 1033; x_wconf 86' lang='lat' dir='ltr'>Mec.</span> <span class='ocrx_word' id='word_1_109' title='bbox 467 1004 590 1034; x_wconf 82' lang='lat' dir='ltr'>mvafh.</span> <span class='ocrx_word' id='word_1_110' title='bbox 611 1009 682 1043; x_wconf 75' lang='lat' dir='ltr'>post</span> <span class='ocrx_word' id='word_1_111' title='bbox 704 1005 755 1035; x_wconf 91' lang='lat' dir='ltr'>ho.</span> <span class='ocrx_word' id='word_1_112' title='bbox 784 1016 882 1035; x_wconf 80' lang='lat' dir='ltr'>maec.</span> <span class='ocrx_word' id='word_1_113' title='bbox 908 1016 936 1048; x_wconf 84' lang='grc' dir='ltr'>γ.</span> 
     </span>
    </p>

    <p class='ocr_par' dir='ltr' id='par_1_6' title="bbox 82 1061 1925 3197">
     <span class='ocr_line' id='line_1_12' title="bbox 202 1061 1925 1107; baseline 0.002 -17"><span class='ocrx_word' id='word_1_114' title='bbox 202 1061 234 1100; x_wconf 84' lang='grc'>1)</span> <span class='ocrx_word' id='word_1_115' title='bbox 259 1062 296 1091; x_wconf 89' lang='lat' dir='ltr'>Id</span> <span class='ocrx_word' id='word_1_116' title='bbox 314 1064 364 1091; x_wconf 85' lang='lat' dir='ltr'>est</span> <span class='ocrx_word' id='word_1_117' title='bbox 390 1062 420 1090; x_wconf 93' lang='lat' dir='ltr'>h.</span> <span class='ocrx_word' id='word_1_118' title='bbox 440 1071 463 1091; x_wconf 79' lang='lat' dir='ltr'>S.</span> <span class='ocrx_word' id='word_1_119' title='bbox 483 1062 513 1091; x_wconf 89' lang='lat' dir='ltr'>d.</span> <span class='ocrx_word' id='word_1_120' title='bbox 546 1062 615 1092; x_wconf 88' lang='lat' dir='ltr'>Hoc</span> <span class='ocrx_word' id='word_1_121' title='bbox 634 1066 656 1092; x_wconf 89' lang='lat' dir='ltr'>t.</span> <span class='ocrx_word' id='word_1_122' title='bbox 676 1063 807 1101; x_wconf 83' lang='lat' dir='ltr'>aliquis,</span> <span class='ocrx_word' id='word_1_123' title='bbox 835 1064 976 1093; x_wconf 77' lang='lat' dir='ltr'>addens:</span> <span class='ocrx_word' id='word_1_124' title='bbox 1005 1065 1176 1094; x_wconf 84' lang='lat' dir='ltr'>secundam</span> <span class='ocrx_word' id='word_1_125' title='bbox 1195 1065 1309 1094; x_wconf 73' lang='lat' dir='ltr'>scilicet</span> <span class='ocrx_word' id='word_1_126' title='bbox 1325 1066 1442 1094; x_wconf 84' lang='lat' dir='ltr'>horam.</span> <span class='ocrx_word' id='word_1_127' title='bbox 1462 1075 1487 1107; x_wconf 67' lang='grc' dir='ltr'>γ.</span> <span class='ocrx_word' id='word_1_128' title='bbox 1508 1064 1550 1094; x_wconf 92' lang='lat' dir='ltr'>C:</span> <span class='ocrx_word' id='word_1_129' title='bbox 1577 1069 1643 1095; x_wconf 63' lang='lat' dir='ltr'>(ente</span> <span class='ocrx_word' id='word_1_130' title='bbox 1659 1075 1756 1095; x_wconf 74' lang='lat' dir='ltr'>secan.</span> <span class='ocrx_word' id='word_1_131' title='bbox 1778 1066 1823 1095; x_wconf 88' lang='lat' dir='ltr'>sic</span> <span class='ocrx_word' id='word_1_132' title='bbox 1842 1066 1925 1095; x_wconf 74' lang='lat' dir='ltr'>aiunt</span> 
     </span>
     <span class='ocr_line' id='line_1_13' title="bbox 89 1118 1922 1162; baseline 0.002 -13"><span class='ocrx_word' id='word_1_133' title='bbox 89 1124 121 1150; x_wconf 82' lang='lat' dir='ltr'>et</span> <span class='ocrx_word' id='word_1_134' title='bbox 145 1123 282 1149; x_wconf 85' lang='lat' dir='ltr'>monent.</span> <span class='ocrx_word' id='word_1_135' title='bbox 308 1119 378 1148; x_wconf 87' lang='lat' dir='ltr'>rell.</span> <span class='ocrx_word' id='word_1_136' title='bbox 397 1128 457 1148; x_wconf 80' lang='lat' dir='ltr'>om.</span> <span class='ocrx_word' id='word_1_137' title='bbox 508 1118 542 1157; x_wconf 79' lang='lat'>2&gt;</span> <span class='ocrx_word' id='word_1_138' title='bbox 568 1129 665 1157; x_wconf 88' lang='lat' dir='ltr'>prope</span> <span class='ocrx_word' id='word_1_139' title='bbox 684 1121 794 1158; x_wconf 85' lang='lat' dir='ltr'>puteal</span> <span class='ocrx_word' id='word_1_140' title='bbox 812 1131 838 1162; x_wconf 80' lang='grc' dir='ltr'>γ.</span> <span class='ocrx_word' id='word_1_141' title='bbox 865 1125 972 1158; x_wconf 85' lang='lat' dir='ltr'>potest</span> <span class='ocrx_word' id='word_1_142' title='bbox 990 1122 1086 1151; x_wconf 87' lang='lat' dir='ltr'>etiam</span> <span class='ocrx_word' id='word_1_143' title='bbox 1105 1123 1219 1151; x_wconf 87' lang='lat' dir='ltr'>scribi:</span> <span class='ocrx_word' id='word_1_144' title='bbox 1247 1132 1354 1159; x_wconf 84' lang='lat' dir='ltr'>prope.</span> <span class='ocrx_word' id='word_1_145' title='bbox 1375 1123 1483 1160; x_wconf 79' lang='lat' dir='ltr'>puteal</span> <span class='ocrx_word' id='word_1_146' title='bbox 1502 1126 1560 1151; x_wconf 88' lang='lat' dir='ltr'>etc.</span> <span class='ocrx_word' id='word_1_147' title='bbox 1588 1132 1658 1151; x_wconf 90' lang='lat' dir='ltr'>cum</span> <span class='ocrx_word' id='word_1_148' title='bbox 1674 1121 1710 1159; x_wconf 79' lang='lat' dir='ltr'>C,</span> <span class='ocrx_word' id='word_1_149' title='bbox 1737 1123 1791 1160; x_wconf 88' lang='lat' dir='ltr'>qui</span> <span class='ocrx_word' id='word_1_150' title='bbox 1809 1123 1922 1152; x_wconf 87' lang='lat' dir='ltr'>habet:</span> 
     </span>
     <span class='ocr_line' id='line_1_14' title="bbox 88 1175 1923 1215; baseline 0.001 -9"><span class='ocrx_word' id='word_1_151' title='bbox 88 1176 130 1206; x_wconf 88' lang='lat' dir='ltr'>ad</span> <span class='ocrx_word' id='word_1_152' title='bbox 147 1179 210 1214; x_wconf 78' lang='lat' dir='ltr'>put.</span> <span class='ocrx_word' id='word_1_153' title='bbox 237 1184 343 1213; x_wconf 81' lang='lat' dir='ltr'>prope.</span> <span class='ocrx_word' id='word_1_154' title='bbox 369 1176 478 1213; x_wconf 86' lang='lat' dir='ltr'>puteal</span> <span class='ocrx_word' id='word_1_155' title='bbox 505 1175 592 1205; x_wconf 86' lang='lat' dir='ltr'>locus</span> <span class='ocrx_word' id='word_1_156' title='bbox 618 1180 685 1205; x_wconf 73' lang='lat' dir='ltr'>erat</span> <span class='ocrx_word' id='word_1_157' title='bbox 708 1176 839 1215; x_wconf 64' lang='lat' dir='ltr'>infor-o,</span> <span class='ocrx_word' id='word_1_158' title='bbox 866 1178 906 1206; x_wconf 83' lang='lat' dir='ltr'>ad</span> <span class='ocrx_word' id='word_1_159' title='bbox 932 1188 1025 1215; x_wconf 87' lang='lat' dir='ltr'>quem</span> <span class='ocrx_word' id='word_1_160' title='bbox 1051 1180 1280 1208; x_wconf 78' lang='lat' dir='ltr'>conueniebant</span> <span class='ocrx_word' id='word_1_161' title='bbox 1305 1183 1488 1208; x_wconf 74' lang='lat' dir='ltr'>mercatores</span> <span class='ocrx_word' id='word_1_162' title='bbox 1505 1183 1534 1208; x_wconf 81' lang='lat' dir='ltr'>et</span> <span class='ocrx_word' id='word_1_163' title='bbox 1549 1179 1776 1215; x_wconf 84' lang='lat' dir='ltr'>foeneratores,</span> <span class='ocrx_word' id='word_1_164' title='bbox 1803 1179 1843 1208; x_wconf 78' lang='lat' dir='ltr'>w]</span> <span class='ocrx_word' id='word_1_165' title='bbox 1860 1183 1923 1208; x_wconf 76' lang='lat' dir='ltr'>tra-</span> 
     </span>
     <span class='ocr_line' id='line_1_15' title="bbox 87 1231 1924 1274; baseline 0.001 -12"><span class='ocrx_word' id='word_1_166' title='bbox 87 1232 211 1262; x_wconf 76' lang='lat' dir='ltr'>dendum</span> <span class='ocrx_word' id='word_1_167' title='bbox 228 1236 255 1261; x_wconf 76' lang='lat' dir='ltr'>et</span> <span class='ocrx_word' id='word_1_168' title='bbox 270 1231 475 1270; x_wconf 74' lang='lat' dir='ltr'>recipiendum</span> <span class='ocrx_word' id='word_1_169' title='bbox 499 1233 558 1261; x_wconf 88' lang='lat' dir='ltr'>alii</span> <span class='ocrx_word' id='word_1_170' title='bbox 577 1233 687 1262; x_wconf 85' lang='lat' dir='ltr'>dicunt</span> <span class='ocrx_word' id='word_1_171' title='bbox 700 1232 795 1269; x_wconf 60' lang='lat' dir='ltr'>sitisse</span> <span class='ocrx_word' id='word_1_172' title='bbox 807 1244 868 1272; x_wconf 71' lang='lat' dir='ltr'>pro</span> <span class='ocrx_word' id='word_1_173' title='bbox 885 1235 1004 1271; x_wconf 72' lang='lat' dir='ltr'>rostris,</span> <span class='ocrx_word' id='word_1_174' title='bbox 1031 1235 1084 1264; x_wconf 88' lang='lat' dir='ltr'>ubi</span> <span class='ocrx_word' id='word_1_175' title='bbox 1102 1236 1246 1264; x_wconf 74' lang='lat' dir='ltr'>tribunal</span> <span class='ocrx_word' id='word_1_176' title='bbox 1266 1240 1333 1264; x_wconf 84' lang='lat' dir='ltr'>erat</span> <span class='ocrx_word' id='word_1_177' title='bbox 1352 1237 1522 1273; x_wconf 87' lang='lat' dir='ltr'>praetoris.</span> <span class='ocrx_word' id='word_1_178' title='bbox 1542 1236 1609 1264; x_wconf 89' lang='lat' dir='ltr'>rell.</span> <span class='ocrx_word' id='word_1_179' title='bbox 1629 1245 1689 1265; x_wconf 87' lang='lat' dir='ltr'>om.</span> <span class='ocrx_word' id='word_1_180' title='bbox 1717 1237 1814 1265; x_wconf 82' lang='lat' dir='ltr'>uerba</span> <span class='ocrx_word' id='word_1_181' title='bbox 1826 1245 1924 1274; x_wconf 81' lang='lat' dir='ltr'>prope</span> 
     </span>
     <span class='ocr_line' id='line_1_16' title="bbox 82 1288 1920 1331; baseline 0.002 -13"><span class='ocrx_word' id='word_1_182' title='bbox 82 1288 192 1328; x_wconf 80' lang='lat' dir='ltr'>puteal.</span> <span class='ocrx_word' id='word_1_183' title='bbox 219 1294 287 1318; x_wconf 86' lang='lat' dir='ltr'>erat</span> <span class='ocrx_word' id='word_1_184' title='bbox 312 1293 419 1318; x_wconf 88' lang='lat' dir='ltr'>autem</span> <span class='ocrx_word' id='word_1_185' title='bbox 447 1290 480 1318; x_wconf 86' lang='lat' dir='ltr'>in</span> <span class='ocrx_word' id='word_1_186' title='bbox 505 1289 630 1319; x_wconf 78' lang='lat' dir='ltr'>Rostris</span> <span class='ocrx_word' id='word_1_187' title='bbox 655 1299 681 1330; x_wconf 78' lang='grc' dir='ltr'>γ.</span> <span class='ocrx_word' id='word_1_188' title='bbox 709 1290 776 1318; x_wconf 89' lang='lat' dir='ltr'>rell.</span> <span class='ocrx_word' id='word_1_189' title='bbox 803 1300 863 1320; x_wconf 88' lang='lat' dir='ltr'>om.</span> <span class='ocrx_word' id='word_1_190' title='bbox 914 1291 966 1320; x_wconf 88' lang='lat' dir='ltr'>Ad</span> <span class='ocrx_word' id='word_1_191' title='bbox 992 1292 1099 1321; x_wconf 73' lang='lat' dir='ltr'>Puteal</span> <span class='ocrx_word' id='word_1_192' title='bbox 1124 1293 1203 1321; x_wconf 89' lang='lat' dir='ltr'>conf.</span> <span class='ocrx_word' id='word_1_193' title='bbox 1224 1293 1373 1331; x_wconf 74' lang='lat' dir='ltr'>Dezobry</span> <span class='ocrx_word' id='word_1_194' title='bbox 1392 1292 1599 1330; x_wconf 77' lang='lat' dir='ltr'>Descriptiou</span> <span class='ocrx_word' id='word_1_195' title='bbox 1620 1293 1658 1321; x_wconf 90' lang='lat' dir='ltr'>dc</span> <span class='ocrx_word' id='word_1_196' title='bbox 1676 1292 1823 1321; x_wconf 84' lang='lat' dir='ltr'>Romen.</span> <span class='ocrx_word' id='word_1_197' title='bbox 1848 1293 1920 1325; x_wconf 75' lang='lat'>128,</span> 
     </span>
     <span class='ocr_line' id='line_1_17' title="bbox 89 1345 1924 1384; baseline 0.001 -9"><span class='ocrx_word' id='word_1_198' title='bbox 89 1345 122 1384; x_wconf 86' lang='lat'>5)</span> <span class='ocrx_word' id='word_1_199' title='bbox 147 1345 207 1374; x_wconf 94' lang='lat' dir='ltr'>Hic</span> <span class='ocrx_word' id='word_1_200' title='bbox 232 1345 318 1375; x_wconf 89' lang='lat' dir='ltr'>locus</span> <span class='ocrx_word' id='word_1_201' title='bbox 344 1346 377 1375; x_wconf 88' lang='lat' dir='ltr'>in</span> <span class='ocrx_word' id='word_1_202' title='bbox 405 1355 513 1375; x_wconf 90' lang='lat' dir='ltr'>eorum</span> <span class='ocrx_word' id='word_1_203' title='bbox 540 1355 670 1375; x_wconf 88' lang='lat' dir='ltr'>numero</span> <span class='ocrx_word' id='word_1_204' title='bbox 698 1351 756 1382; x_wconf 83' lang='lat' dir='ltr'>est,</span> <span class='ocrx_word' id='word_1_205' title='bbox 782 1347 834 1384; x_wconf 81' lang='lat' dir='ltr'>qui</span> <span class='ocrx_word' id='word_1_206' title='bbox 863 1347 956 1384; x_wconf 82' lang='lat' dir='ltr'>plane</span> <span class='ocrx_word' id='word_1_207' title='bbox 984 1349 1100 1377; x_wconf 85' lang='lat' dir='ltr'>insana</span> <span class='ocrx_word' id='word_1_208' title='bbox 1126 1358 1143 1377; x_wconf 84' lang='lat' dir='ltr'>a</span> <span class='ocrx_word' id='word_1_209' title='bbox 1169 1349 1359 1377; x_wconf 81' lang='lat' dir='ltr'>uecordibus</span> <span class='ocrx_word' id='word_1_210' title='bbox 1386 1349 1481 1377; x_wconf 89' lang='lat' dir='ltr'>medii</span> <span class='ocrx_word' id='word_1_211' title='bbox 1508 1350 1580 1378; x_wconf 81' lang='lat' dir='ltr'>aeui</span> <span class='ocrx_word' id='word_1_212' title='bbox 1607 1349 1772 1378; x_wconf 82' lang='lat' dir='ltr'>monachis</span> <span class='ocrx_word' id='word_1_213' title='bbox 1792 1350 1924 1378; x_wconf 86' lang='lat' dir='ltr'>inuenta</span> 
     </span>
     <span class='ocr_line' id='line_1_18' title="bbox 87 1403 1923 1443; baseline 0.002 -13"><span class='ocrx_word' id='word_1_214' title='bbox 87 1406 181 1440; x_wconf 85' lang='lat' dir='ltr'>atque</span> <span class='ocrx_word' id='word_1_215' title='bbox 206 1411 223 1430; x_wconf 85' lang='lat' dir='ltr'>a</span> <span class='ocrx_word' id='word_1_216' title='bbox 248 1403 490 1432; x_wconf 85' lang='lat' dir='ltr'>uecordioribus</span> <span class='ocrx_word' id='word_1_217' title='bbox 518 1403 694 1432; x_wconf 84' lang='lat' dir='ltr'>editoribus</span> <span class='ocrx_word' id='word_1_218' title='bbox 722 1407 753 1432; x_wconf 89' lang='lat' dir='ltr'>et</span> <span class='ocrx_word' id='word_1_219' title='bbox 778 1403 907 1433; x_wconf 79' lang='lat' dir='ltr'>Horatii</span> <span class='ocrx_word' id='word_1_220' title='bbox 935 1408 965 1433; x_wconf 82' lang='lat' dir='ltr'>et</span> <span class='ocrx_word' id='word_1_221' title='bbox 992 1404 1130 1434; x_wconf 89' lang='lat' dir='ltr'>Acronis</span> <span class='ocrx_word' id='word_1_222' title='bbox 1157 1408 1322 1442; x_wconf 79' lang='lat' dir='ltr'>tamquam</span> <span class='ocrx_word' id='word_1_223' title='bbox 1349 1414 1426 1433; x_wconf 80' lang='lat' dir='ltr'>sana</span> <span class='ocrx_word' id='word_1_224' title='bbox 1451 1406 1617 1442; x_wconf 85' lang='lat' dir='ltr'>proposita</span> <span class='ocrx_word' id='word_1_225' title='bbox 1643 1415 1679 1434; x_wconf 80' lang='lat' dir='ltr'>ac</span> <span class='ocrx_word' id='word_1_226' title='bbox 1705 1406 1856 1443; x_wconf 80' lang='lat' dir='ltr'>deinceps</span> <span class='ocrx_word' id='word_1_227' title='bbox 1883 1406 1923 1434; x_wconf 87' lang='lat' dir='ltr'>ad</span> 
     </span>
     <span class='ocr_line' id='line_1_19' title="bbox 87 1460 1923 1500; baseline 0.002 -12"><span class='ocrx_word' id='word_1_228' title='bbox 87 1463 225 1488; x_wconf 61' lang='lat' dir='ltr'>nostram</span> <span class='ocrx_word' id='word_1_229' title='bbox 251 1463 390 1488; x_wconf 84' lang='lat' dir='ltr'>aetatem</span> <span class='ocrx_word' id='word_1_230' title='bbox 416 1469 517 1497; x_wconf 86' lang='lat' dir='ltr'>usque</span> <span class='ocrx_word' id='word_1_231' title='bbox 543 1464 722 1498; x_wconf 75' lang='lat' dir='ltr'>propagata</span> <span class='ocrx_word' id='word_1_232' title='bbox 748 1461 936 1490; x_wconf 87' lang='lat' dir='ltr'>ostendunt.</span> <span class='ocrx_word' id='word_1_233' title='bbox 964 1461 1008 1490; x_wconf 88' lang='lat' dir='ltr'>Ut</span> <span class='ocrx_word' id='word_1_234' title='bbox 1034 1471 1131 1499; x_wconf 84' lang='lat' dir='ltr'>supra</span> <span class='ocrx_word' id='word_1_235' title='bbox 1151 1460 1312 1498; x_wconf 74' lang='lat' dir='ltr'>C.111‚4‚</span> <span class='ocrx_word' id='word_1_236' title='bbox 1337 1463 1372 1490; x_wconf 79' lang='lat'>10</span> <span class='ocrx_word' id='word_1_237' title='bbox 1400 1460 1524 1490; x_wconf 65' lang='lat' dir='ltr'>Alo-icis</span> <span class='ocrx_word' id='word_1_238' title='bbox 1550 1465 1642 1490; x_wconf 80' lang='lat' dir='ltr'>extra</span> <span class='ocrx_word' id='word_1_239' title='bbox 1671 1462 1769 1491; x_wconf 88' lang='lat' dir='ltr'>limen</span> <span class='ocrx_word' id='word_1_240' title='bbox 1795 1462 1923 1500; x_wconf 67' lang='lat' dir='ltr'>Apuliae</span> 
     </span>
     <span class='ocr_line' id='line_1_20' title="bbox 87 1515 1923 1554; baseline 0.001 -10"><span class='ocrx_word' id='word_1_241' title='bbox 87 1515 266 1553; x_wconf 78' lang='lat' dir='ltr'>expulimus</span> <span class='ocrx_word' id='word_1_242' title='bbox 294 1517 450 1545; x_wconf 87' lang='lat' dir='ltr'>nutricem</span> <span class='ocrx_word' id='word_1_243' title='bbox 476 1516 682 1553; x_wconf 82' lang='lat' dir='ltr'>PVLLIAM,</span> <span class='ocrx_word' id='word_1_244' title='bbox 711 1526 802 1554; x_wconf 81' lang='lat' dir='ltr'>porro</span> <span class='ocrx_word' id='word_1_245' title='bbox 828 1521 862 1546; x_wconf 85' lang='lat' dir='ltr'>ut</span> <span class='ocrx_word' id='word_1_246' title='bbox 888 1516 972 1546; x_wconf 79' lang='lat' dir='ltr'>iufra</span> <span class='ocrx_word' id='word_1_247' title='bbox 998 1517 1034 1545; x_wconf 82' lang='grc' dir='ltr'>Ε.</span> <span class='ocrx_word' id='word_1_248' title='bbox 1061 1517 1102 1554; x_wconf 90' lang='lat' dir='ltr'>Il⁷</span> <span class='ocrx_word' id='word_1_249' title='bbox 1131 1519 1161 1554; x_wconf 81' lang='lat'>2,</span> <span class='ocrx_word' id='word_1_250' title='bbox 1190 1518 1231 1546; x_wconf 74' lang='lat'>83</span> <span class='ocrx_word' id='word_1_251' title='bbox 1269 1516 1370 1554; x_wconf 68' lang='lat' dir='ltr'>(libris</span> <span class='ocrx_word' id='word_1_252' title='bbox 1407 1521 1433 1546; x_wconf 73' lang='lat' dir='ltr'>et</span> <span class='ocrx_word' id='word_1_253' title='bbox 1470 1517 1582 1554; x_wconf 68' lang='lat' dir='ltr'>cieris,</span> <span class='ocrx_word' id='word_1_254' title='bbox 1620 1522 1721 1547; x_wconf 74' lang='lat' dir='ltr'>statua</span> <span class='ocrx_word' id='word_1_255' title='bbox 1746 1519 1923 1548; x_wconf 50' lang='lat' dir='ltr'>taciturnum</span> 
     </span>
     <span class='ocr_line' id='line_1_21' title="bbox 86 1570 1922 1612; baseline 0.002 -11"><span class='ocrx_word' id='word_1_256' title='bbox 86 1571 158 1611; x_wconf 75' lang='lat' dir='ltr'>eaeit)</span> <span class='ocrx_word' id='word_1_257' title='bbox 183 1570 332 1602; x_wconf 83' lang='lat' dir='ltr'>CVRIVS</span> <span class='ocrx_word' id='word_1_258' title='bbox 359 1573 548 1609; x_wconf 76' lang='lat' dir='ltr'>statuarius,</span> <span class='ocrx_word' id='word_1_259' title='bbox 583 1583 601 1602; x_wconf 85' lang='lat' dir='ltr'>a</span> <span class='ocrx_word' id='word_1_260' title='bbox 627 1574 742 1602; x_wconf 76' lang='lat' dir='ltr'>scribis</span> <span class='ocrx_word' id='word_1_261' title='bbox 768 1577 913 1603; x_wconf 88' lang='lat' dir='ltr'>ueterum</span> <span class='ocrx_word' id='word_1_262' title='bbox 940 1574 1084 1603; x_wconf 86' lang='lat' dir='ltr'>codicum</span> <span class='ocrx_word' id='word_1_263' title='bbox 1112 1575 1327 1609; x_wconf 83' lang='lat' dir='ltr'>introductus,</span> <span class='ocrx_word' id='word_1_264' title='bbox 1355 1574 1535 1611; x_wconf 76' lang='lat' dir='ltr'>abigendus</span> <span class='ocrx_word' id='word_1_265' title='bbox 1563 1574 1695 1604; x_wconf 73' lang='lat' dir='ltr'>etseras</span> <span class='ocrx_word' id='word_1_266' title='bbox 1715 1576 1922 1612; x_wconf 76' lang='lat' dir='ltr'>proiciendus</span> 
     </span>
     <span class='ocr_line' id='line_1_22' title="bbox 87 1629 1920 1670; baseline 0.002 -13"><span class='ocrx_word' id='word_1_267' title='bbox 87 1629 157 1665; x_wconf 88' lang='lat' dir='ltr'>erit,</span> <span class='ocrx_word' id='word_1_268' title='bbox 184 1629 229 1657; x_wconf 84' lang='lat' dir='ltr'>sic</span> <span class='ocrx_word' id='word_1_269' title='bbox 254 1629 314 1659; x_wconf 91' lang='lat' dir='ltr'>hoc</span> <span class='ocrx_word' id='word_1_270' title='bbox 338 1630 406 1658; x_wconf 88' lang='lat' dir='ltr'>loco</span> <span class='ocrx_word' id='word_1_271' title='bbox 433 1630 602 1659; x_wconf 86' lang='lat' dir='ltr'>emittendi</span> <span class='ocrx_word' id='word_1_272' title='bbox 629 1634 725 1668; x_wconf 83' lang='lat' dir='ltr'>atque</span> <span class='ocrx_word' id='word_1_273' title='bbox 752 1631 991 1659; x_wconf 82' lang='lat' dir='ltr'>exterminandi</span> <span class='ocrx_word' id='word_1_274' title='bbox 1018 1634 1091 1659; x_wconf 82' lang='lat' dir='ltr'>sunt</span> <span class='ocrx_word' id='word_1_275' title='bbox 1120 1630 1343 1666; x_wconf 59' lang='lat' dir='ltr'>NOVATAE,</span> <span class='ocrx_word' id='word_1_276' title='bbox 1371 1631 1495 1659; x_wconf 85' lang='lat' dir='ltr'>scilicet</span> <span class='ocrx_word' id='word_1_277' title='bbox 1521 1631 1699 1660; x_wconf 75' lang='lat' dir='ltr'>scribarum</span> <span class='ocrx_word' id='word_1_278' title='bbox 1724 1633 1814 1667; x_wconf 73' lang='lat' dir='ltr'>socii,</span> <span class='ocrx_word' id='word_1_279' title='bbox 1842 1642 1920 1670; x_wconf 87' lang='lat' dir='ltr'>quos</span> 
     </span>
     <span class='ocr_line' id='line_1_23' title="bbox 86 1684 1923 1727; baseline 0.002 -13"><span class='ocrx_word' id='word_1_280' title='bbox 86 1684 200 1715; x_wconf 85' lang='lat' dir='ltr'>Editor</span> <span class='ocrx_word' id='word_1_281' title='bbox 232 1685 418 1724; x_wconf 83' lang='lat' dir='ltr'>Pragensis,</span> <span class='ocrx_word' id='word_1_282' title='bbox 455 1691 575 1716; x_wconf 87' lang='lat' dir='ltr'>temere</span> <span class='ocrx_word' id='word_1_283' title='bbox 612 1687 748 1715; x_wconf 84' lang='lat' dir='ltr'>abutens</span> <span class='ocrx_word' id='word_1_284' title='bbox 786 1687 905 1716; x_wconf 82' lang='lat' dir='ltr'>codicis</span> <span class='ocrx_word' id='word_1_285' title='bbox 945 1688 994 1716; x_wconf 84' lang='lat' dir='ltr'>sui</span> <span class='ocrx_word' id='word_1_286' title='bbox 1033 1687 1255 1725; x_wconf 82' lang='lat' dir='ltr'>editionisque</span> <span class='ocrx_word' id='word_1_287' title='bbox 1292 1688 1408 1715; x_wconf 85' lang='lat' dir='ltr'>ueteris</span> <span class='ocrx_word' id='word_1_288' title='bbox 1447 1688 1583 1716; x_wconf 79' lang='lat' dir='ltr'>alicuius</span> <span class='ocrx_word' id='word_1_289' title='bbox 1620 1689 1824 1725; x_wconf 83' lang='lat' dir='ltr'>auctoritate,</span> <span class='ocrx_word' id='word_1_290' title='bbox 1862 1698 1923 1727; x_wconf 86' lang='lat' dir='ltr'>qua</span> 
     </span>
     <span class='ocr_line' id='line_1_24' title="bbox 86 1743 1922 1783; baseline 0.001 -11"><span class='ocrx_word' id='word_1_291' title='bbox 86 1743 167 1780; x_wconf 82' lang='lat' dir='ltr'>prior</span> <span class='ocrx_word' id='word_1_292' title='bbox 193 1747 224 1772; x_wconf 85' lang='lat' dir='ltr'>et</span> <span class='ocrx_word' id='word_1_293' title='bbox 250 1743 392 1781; x_wconf 80' lang='lat' dir='ltr'>superior</span> <span class='ocrx_word' id='word_1_294' title='bbox 419 1752 544 1781; x_wconf 85' lang='lat' dir='ltr'>semper</span> <span class='ocrx_word' id='word_1_295' title='bbox 569 1747 599 1772; x_wconf 89' lang='lat' dir='ltr'>et</span> <span class='ocrx_word' id='word_1_296' title='bbox 627 1744 743 1781; x_wconf 82' lang='lat' dir='ltr'>ubique</span> <span class='ocrx_word' id='word_1_297' title='bbox 770 1745 852 1773; x_wconf 84' lang='lat' dir='ltr'>ratio</span> <span class='ocrx_word' id='word_1_298' title='bbox 879 1753 958 1773; x_wconf 83' lang='lat' dir='ltr'>sana</span> <span class='ocrx_word' id='word_1_299' title='bbox 984 1748 1041 1780; x_wconf 82' lang='lat' dir='ltr'>est,</span> <span class='ocrx_word' id='word_1_300' title='bbox 1081 1748 1110 1772; x_wconf 89' lang='lat' dir='ltr'>et</span> <span class='ocrx_word' id='word_1_301' title='bbox 1137 1744 1171 1772; x_wconf 90' lang='lat' dir='ltr'>iu</span> <span class='ocrx_word' id='word_1_302' title='bbox 1198 1744 1314 1772; x_wconf 77' lang='lat' dir='ltr'>lemma</span> <span class='ocrx_word' id='word_1_303' title='bbox 1346 1748 1377 1773; x_wconf 83' lang='lat' dir='ltr'>et</span> <span class='ocrx_word' id='word_1_304' title='bbox 1410 1744 1442 1772; x_wconf 90' lang='lat' dir='ltr'>in</span> <span class='ocrx_word' id='word_1_305' title='bbox 1477 1744 1621 1773; x_wconf 74' lang='lat' dir='ltr'>scholion</span> <span class='ocrx_word' id='word_1_306' title='bbox 1654 1745 1797 1782; x_wconf 78' lang='lat' dir='ltr'>reduxit,</span> <span class='ocrx_word' id='word_1_307' title='bbox 1837 1750 1922 1783; x_wconf 77' lang='lat' dir='ltr'>post-</span> 
     </span>
     <span class='ocr_line' id='line_1_25' title="bbox 87 1799 1921 1839; baseline 0.002 -10"><span class='ocrx_word' id='word_1_308' title='bbox 87 1808 179 1838; x_wconf 83' lang='lat' dir='ltr'>quam</span> <span class='ocrx_word' id='word_1_309' title='bbox 204 1799 228 1829; x_wconf 90' lang='lat' dir='ltr'>C</span> <span class='ocrx_word' id='word_1_310' title='bbox 257 1809 309 1829; x_wconf 89' lang='lat' dir='ltr'>eos</span> <span class='ocrx_word' id='word_1_311' title='bbox 335 1800 498 1829; x_wconf 86' lang='lat' dir='ltr'>abiecerat</span> <span class='ocrx_word' id='word_1_312' title='bbox 531 1804 563 1829; x_wconf 91' lang='lat' dir='ltr'>et</span> <span class='ocrx_word' id='word_1_313' title='bbox 589 1800 640 1828; x_wconf 89' lang='lat' dir='ltr'>uel</span> <span class='ocrx_word' id='word_1_314' title='bbox 666 1800 832 1829; x_wconf 72' lang='lat' dir='ltr'>Fabricius</span> <span class='ocrx_word' id='word_1_315' title='bbox 858 1804 951 1829; x_wconf 81' lang='lat' dir='ltr'>extra</span> <span class='ocrx_word' id='word_1_316' title='bbox 977 1800 1072 1829; x_wconf 86' lang='lat' dir='ltr'>aedes</span> <span class='ocrx_word' id='word_1_317' title='bbox 1098 1800 1228 1829; x_wconf 83' lang='lat' dir='ltr'>Horatii</span> <span class='ocrx_word' id='word_1_318' title='bbox 1257 1801 1491 1829; x_wconf 83' lang='lat' dir='ltr'>eliminauerat.</span> <span class='ocrx_word' id='word_1_319' title='bbox 1532 1800 1617 1835; x_wconf 79' lang='lat' dir='ltr'>Quid</span> <span class='ocrx_word' id='word_1_320' title='bbox 1644 1800 1751 1831; x_wconf 69' lang='lat' dir='ltr'>enim?</span> <span class='ocrx_word' id='word_1_321' title='bbox 1788 1803 1921 1839; x_wconf 60' lang='lat' dir='ltr'>Novata,</span> 
     </span>
     <span class='ocr_line' id='line_1_26' title="bbox 86 1856 1922 1898; baseline 0.002 -13"><span class='ocrx_word' id='word_1_322' title='bbox 86 1860 224 1893; x_wconf 82' lang='lat' dir='ltr'>nouatae,</span> <span class='ocrx_word' id='word_1_323' title='bbox 250 1857 375 1886; x_wconf 86' lang='lat' dir='ltr'>scilicet</span> <span class='ocrx_word' id='word_1_324' title='bbox 399 1857 491 1886; x_wconf 91' lang='lat' dir='ltr'>homo</span> <span class='ocrx_word' id='word_1_325' title='bbox 517 1857 571 1894; x_wconf 85' lang='lat' dir='ltr'>qui</span> <span class='ocrx_word' id='word_1_326' title='bbox 598 1857 744 1886; x_wconf 87' lang='lat' dir='ltr'>debitum</span> <span class='ocrx_word' id='word_1_327' title='bbox 772 1861 882 1891; x_wconf 83' lang='lat' dir='ltr'>nouat,</span> <span class='ocrx_word' id='word_1_328' title='bbox 910 1866 971 1886; x_wconf 89' lang='lat' dir='ltr'>non</span> <span class='ocrx_word' id='word_1_329' title='bbox 998 1856 1150 1886; x_wconf 88' lang='lat' dir='ltr'>Latinum</span> <span class='ocrx_word' id='word_1_330' title='bbox 1177 1862 1225 1886; x_wconf 84' lang='lat' dir='ltr'>est</span> <span class='ocrx_word' id='word_1_331' title='bbox 1251 1866 1367 1886; x_wconf 86' lang='lat' dir='ltr'>nomen</span> <span class='ocrx_word' id='word_1_332' title='bbox 1387 1857 1438 1885; x_wconf 90' lang='lat' dir='ltr'>uel</span> <span class='ocrx_word' id='word_1_333' title='bbox 1456 1858 1656 1887; x_wconf 79' lang='lat' dir='ltr'>uocabulum.</span> <span class='ocrx_word' id='word_1_334' title='bbox 1707 1859 1795 1897; x_wconf 71' lang='lat' dir='ltr'>Ergo</span> <span class='ocrx_word' id='word_1_335' title='bbox 1820 1868 1922 1898; x_wconf 83' lang='lat' dir='ltr'>neque</span> 
     </span>
     <span class='ocr_line' id='line_1_27' title="bbox 86 1912 1923 1954; baseline 0.002 -13"><span class='ocrx_word' id='word_1_336' title='bbox 86 1912 175 1942; x_wconf 90' lang='lat' dir='ltr'>codd.</span> <span class='ocrx_word' id='word_1_337' title='bbox 201 1912 328 1943; x_wconf 83' lang='lat' dir='ltr'>Horatii</span> <span class='ocrx_word' id='word_1_338' title='bbox 354 1914 405 1942; x_wconf 89' lang='lat' dir='ltr'>uel</span> <span class='ocrx_word' id='word_1_339' title='bbox 431 1913 654 1950; x_wconf 75' lang='lat' dir='ltr'>uetustissimi,</span> <span class='ocrx_word' id='word_1_340' title='bbox 681 1917 714 1942; x_wconf 90' lang='lat' dir='ltr'>ut</span> <span class='ocrx_word' id='word_1_341' title='bbox 743 1913 807 1954; x_wconf 76' lang='grc' dir='ltr'>Βφ,</span> <span class='ocrx_word' id='word_1_342' title='bbox 834 1914 886 1951; x_wconf 76' lang='lat' dir='ltr'>qui</span> <span class='ocrx_word' id='word_1_343' title='bbox 911 1918 1040 1942; x_wconf 73' lang='lat' dir='ltr'>nouacae</span> <span class='ocrx_word' id='word_1_344' title='bbox 1067 1913 1195 1952; x_wconf 67' lang='lat' dir='ltr'>(nouare</span> <span class='ocrx_word' id='word_1_345' title='bbox 1220 1913 1317 1942; x_wconf 79' lang='lat' dir='ltr'>Rern.</span> <span class='ocrx_word' id='word_1_346' title='bbox 1344 1913 1389 1952; x_wconf 85' lang='lat' dir='ltr'>A)</span> <span class='ocrx_word' id='word_1_347' title='bbox 1416 1914 1548 1947; x_wconf 78' lang='lat' dir='ltr'>liabent⁷</span> <span class='ocrx_word' id='word_1_348' title='bbox 1587 1915 1740 1944; x_wconf 84' lang='lat' dir='ltr'>audiendi</span> <span class='ocrx_word' id='word_1_349' title='bbox 1767 1921 1854 1953; x_wconf 81' lang='lat' dir='ltr'>sunt,</span> <span class='ocrx_word' id='word_1_350' title='bbox 1881 1925 1923 1945; x_wconf 83' lang='lat' dir='ltr'>ex</span> 
     </span>
     <span class='ocr_line' id='line_1_28' title="bbox 87 1969 1920 2014; baseline 0.002 -16"><span class='ocrx_word' id='word_1_351' title='bbox 87 1969 198 2007; x_wconf 88' lang='lat' dir='ltr'>quibus</span> <span class='ocrx_word' id='word_1_352' title='bbox 235 1970 328 1999; x_wconf 86' lang='lat' dir='ltr'>lectio</span> <span class='ocrx_word' id='word_1_353' title='bbox 366 1970 399 1999; x_wconf 90' lang='lat' dir='ltr'>in</span> <span class='ocrx_word' id='word_1_354' title='bbox 436 1970 521 1999; x_wconf 82' lang='lat' dir='ltr'>haud</span> <span class='ocrx_word' id='word_1_355' title='bbox 558 1979 675 2007; x_wconf 86' lang='lat' dir='ltr'>paucas</span> <span class='ocrx_word' id='word_1_356' title='bbox 710 1970 780 2000; x_wconf 85' lang='lat' dir='ltr'>edd.</span> <span class='ocrx_word' id='word_1_357' title='bbox 807 1979 888 1999; x_wconf 82' lang='lat' dir='ltr'>saec.</span> <span class='ocrx_word' id='word_1_358' title='bbox 915 1970 972 1999; x_wconf 88' lang='lat' dir='ltr'>XV</span> <span class='ocrx_word' id='word_1_359' title='bbox 1005 1974 1103 2008; x_wconf 84' lang='lat' dir='ltr'>atque</span> <span class='ocrx_word' id='word_1_360' title='bbox 1130 1971 1161 1999; x_wconf 89' lang='lat' dir='ltr'>in</span> <span class='ocrx_word' id='word_1_361' title='bbox 1188 1970 1263 1998; x_wconf 87' lang='lat' dir='ltr'>Ald.</span> <span class='ocrx_word' id='word_1_362' title='bbox 1291 1971 1433 2007; x_wconf 82' lang='lat' dir='ltr'>transiit,</span> <span class='ocrx_word' id='word_1_363' title='bbox 1472 1980 1573 2008; x_wconf 79' lang='lat' dir='ltr'>neque</span> <span class='ocrx_word' id='word_1_364' title='bbox 1600 1972 1674 2000; x_wconf 83' lang='lat' dir='ltr'>libri</span> <span class='ocrx_word' id='word_1_365' title='bbox 1700 1972 1837 2001; x_wconf 83' lang='lat' dir='ltr'>Acronis</span> <span class='ocrx_word' id='word_1_366' title='bbox 1863 1972 1920 2014; x_wconf 43' lang='lat' dir='ltr'>JG,</span> 
     </span>
     <span class='ocr_line' id='line_1_29' title="bbox 86 2026 1920 2067; baseline 0.001 -12"><span class='ocrx_word' id='word_1_367' title='bbox 86 2034 167 2056; x_wconf 88' lang='lat' dir='ltr'>mva.</span> <span class='ocrx_word' id='word_1_368' title='bbox 191 2036 223 2067; x_wconf 73' lang='grc' dir='ltr'>γε</span> <span class='ocrx_word' id='word_1_369' title='bbox 251 2026 393 2056; x_wconf 83' lang='lat' dir='ltr'>‘Veteres</span> <span class='ocrx_word' id='word_1_370' title='bbox 419 2027 503 2055; x_wconf 89' lang='lat' dir='ltr'>hunc</span> <span class='ocrx_word' id='word_1_371' title='bbox 529 2036 636 2056; x_wconf 86' lang='lat' dir='ltr'>casum</span> <span class='ocrx_word' id='word_1_372' title='bbox 663 2026 884 2055; x_wconf 80' lang='lat' dir='ltr'>indifferenter</span> <span class='ocrx_word' id='word_1_373' title='bbox 908 2027 1071 2064; x_wconf 79' lang='lat' dir='ltr'>ponebant</span> <span class='ocrx_word' id='word_1_374' title='bbox 1095 2031 1202 2055; x_wconf 65' lang='lat' dir='ltr'>nouam</span> <span class='ocrx_word' id='word_1_375' title='bbox 1227 2036 1282 2064; x_wconf 83' lang='lat' dir='ltr'>pro</span> <span class='ocrx_word' id='word_1_376' title='bbox 1311 2031 1435 2056; x_wconf 73' lang='lat' dir='ltr'>nouam.</span> <span class='ocrx_word' id='word_1_377' title='bbox 1485 2026 1594 2056; x_wconf 81' lang='lat' dir='ltr'>Scribe</span> <span class='ocrx_word' id='word_1_378' title='bbox 1630 2033 1660 2057; x_wconf 85' lang='lat' dir='ltr'>et</span> <span class='ocrx_word' id='word_1_379' title='bbox 1694 2033 1806 2057; x_wconf 72' lang='lat' dir='ltr'>uocat‹¹</span> <span class='ocrx_word' id='word_1_380' title='bbox 1841 2028 1920 2067; x_wconf 83' lang='lat' dir='ltr'>(sic)</span> 
     </span>
     <span class='ocr_line' id='line_1_30' title="bbox 87 2082 1922 2123; baseline 0.002 -12"><span class='ocrx_word' id='word_1_381' title='bbox 87 2082 197 2121; x_wconf 90' lang='lat' dir='ltr'>quibus</span> <span class='ocrx_word' id='word_1_382' title='bbox 220 2083 404 2121; x_wconf 77' lang='lat' dir='ltr'>sponderant</span> <span class='ocrx_word' id='word_1_383' title='bbox 427 2082 498 2121; x_wconf 83' lang='lat' dir='ltr'>(sic.</span> <span class='ocrx_word' id='word_1_384' title='bbox 527 2084 608 2113; x_wconf 89' lang='lat' dir='ltr'>conf.</span> <span class='ocrx_word' id='word_1_385' title='bbox 634 2083 798 2121; x_wconf 67' lang='lat' dir='ltr'>spondei-at</span> <span class='ocrx_word' id='word_1_386' title='bbox 830 2093 879 2121; x_wconf 86' lang='lat' dir='ltr'>ap.</span> <span class='ocrx_word' id='word_1_387' title='bbox 906 2082 1040 2113; x_wconf 81' lang='lat' dir='ltr'>Tertull.</span> <span class='ocrx_word' id='word_1_388' title='bbox 1068 2084 1100 2112; x_wconf 91' lang='lat' dir='ltr'>in</span> <span class='ocrx_word' id='word_1_389' title='bbox 1128 2082 1233 2112; x_wconf 87' lang='lat' dir='ltr'>Carm.</span> <span class='ocrx_word' id='word_1_390' title='bbox 1260 2084 1333 2112; x_wconf 89' lang='lat' dir='ltr'>adu.</span> <span class='ocrx_word' id='word_1_391' title='bbox 1360 2083 1554 2113; x_wconf 82' lang='lat' dir='ltr'>Marcionem</span> <span class='ocrx_word' id='word_1_392' title='bbox 1579 2083 1636 2121; x_wconf 86' lang='grc' dir='ltr'><strong>ΙΙΙ,</strong></span> <span class='ocrx_word' id='word_1_393' title='bbox 1665 2085 1694 2114; x_wconf 87' lang='lat'>5.</span> <span class='ocrx_word' id='word_1_394' title='bbox 1727 2084 1842 2122; x_wconf 75' lang='lat' dir='ltr'>sponsis</span> <span class='ocrx_word' id='word_1_395' title='bbox 1867 2095 1922 2123; x_wconf 90' lang='lat' dir='ltr'>pro</span> 
     </span>
     <span class='ocr_line' id='line_1_31' title="bbox 87 2139 1921 2181; baseline 0.001 -13"><span class='ocrx_word' id='word_1_396' title='bbox 87 2139 291 2177; x_wconf 87' lang='lat' dir='ltr'>spoponderis</span> <span class='ocrx_word' id='word_1_397' title='bbox 317 2149 367 2177; x_wconf 90' lang='lat' dir='ltr'>ap.</span> <span class='ocrx_word' id='word_1_398' title='bbox 395 2139 537 2169; x_wconf 87' lang='lat' dir='ltr'>Festum.</span> <span class='ocrx_word' id='word_1_399' title='bbox 564 2150 588 2169; x_wconf 85' lang='lat' dir='ltr'>s.</span> <span class='ocrx_word' id='word_1_400' title='bbox 615 2150 646 2171; x_wconf 83' lang='lat' dir='ltr'>u.</span> <span class='ocrx_word' id='word_1_401' title='bbox 672 2140 822 2177; x_wconf 78' lang='lat' dir='ltr'>spepondi</span> <span class='ocrx_word' id='word_1_402' title='bbox 849 2139 933 2169; x_wconf 88' lang='lat' dir='ltr'>Gell.</span> <span class='ocrx_word' id='word_1_403' title='bbox 960 2140 1029 2177; x_wconf 79' lang='lat' dir='ltr'>VII,</span> <span class='ocrx_word' id='word_1_404' title='bbox 1058 2141 1087 2177; x_wconf 85' lang='lat'>9,</span> <span class='ocrx_word' id='word_1_405' title='bbox 1114 2141 1167 2178; x_wconf 88' lang='lat' dir='ltr'>qui</span> <span class='ocrx_word' id='word_1_406' title='bbox 1195 2140 1301 2170; x_wconf 78' lang='lat' dir='ltr'>adfert</span> <span class='ocrx_word' id='word_1_407' title='bbox 1327 2140 1393 2170; x_wconf 81' lang='lat' dir='ltr'>Cic.</span> <span class='ocrx_word' id='word_1_408' title='bbox 1432 2144 1463 2170; x_wconf 78' lang='lat' dir='ltr'>et</span> <span class='ocrx_word' id='word_1_409' title='bbox 1499 2140 1685 2181; x_wconf 79' lang='lat' dir='ltr'>Caesarem)</span> <span class='ocrx_word' id='word_1_410' title='bbox 1722 2146 1833 2171; x_wconf 79' lang='lat' dir='ltr'>nouace</span> <span class='ocrx_word' id='word_1_411' title='bbox 1870 2142 1921 2179; x_wconf 85' lang='lat' dir='ltr'>qui</span> 
     </span>
     <span class='ocr_line' id='line_1_32' title="bbox 89 2195 1921 2235; baseline 0.001 -10"><span class='ocrx_word' id='word_1_412' title='bbox 89 2204 171 2225; x_wconf 75' lang='lat' dir='ltr'>noua</span> <span class='ocrx_word' id='word_1_413' title='bbox 195 2199 282 2225; x_wconf 88' lang='lat' dir='ltr'>erant</span> <span class='ocrx_word' id='word_1_414' title='bbox 307 2195 384 2235; x_wconf 85' lang='lat' dir='ltr'>(sic)</span> <span class='ocrx_word' id='word_1_415' title='bbox 413 2197 568 2226; x_wconf 87' lang='lat' dir='ltr'>debitum.</span> <span class='ocrx_word' id='word_1_416' title='bbox 618 2196 712 2225; x_wconf 89' lang='lat' dir='ltr'>Unde</span> <span class='ocrx_word' id='word_1_417' title='bbox 737 2196 856 2225; x_wconf 66' lang='grc' dir='ltr'>πωιιαίίο</span> <span class='ocrx_word' id='word_1_418' title='bbox 883 2208 952 2226; x_wconf 75' lang='lat' dir='ltr'>cum</span> <span class='ocrx_word' id='word_1_419' title='bbox 979 2197 1090 2227; x_wconf 89' lang='lat' dir='ltr'>eodem</span> <span class='ocrx_word' id='word_1_420' title='bbox 1115 2201 1291 2227; x_wconf 87' lang='lat' dir='ltr'>contractu.</span> <span class='ocrx_word' id='word_1_421' title='bbox 1326 2202 1383 2227; x_wconf 88' lang='lat' dir='ltr'>aut</span> <span class='ocrx_word' id='word_1_422' title='bbox 1409 2198 1575 2227; x_wconf 83' lang='lat' dir='ltr'>creditoris</span> <span class='ocrx_word' id='word_1_423' title='bbox 1601 2207 1734 2235; x_wconf 86' lang='lat' dir='ltr'>persona</span> <span class='ocrx_word' id='word_1_424' title='bbox 1759 2198 1921 2227; x_wconf 62' lang='lat' dir='ltr'>mutatur!</span> 
     </span>
     <span class='ocr_line' id='line_1_33' title="bbox 86 2251 1917 2294; baseline 0.001 -13"><span class='ocrx_word' id='word_1_425' title='bbox 86 2260 142 2281; x_wconf 81' lang='lat' dir='ltr'>va:</span> <span class='ocrx_word' id='word_1_426' title='bbox 168 2251 281 2282; x_wconf 82' lang='lat' dir='ltr'>‘Scribe</span> <span class='ocrx_word' id='word_1_427' title='bbox 307 2257 403 2291; x_wconf 85' lang='lat' dir='ltr'>atque</span> <span class='ocrx_word' id='word_1_428' title='bbox 429 2257 562 2283; x_wconf 79' lang='lat' dir='ltr'>nouatae</span> <span class='ocrx_word' id='word_1_429' title='bbox 580 2252 645 2291; x_wconf 87' lang='lat' dir='ltr'>(no.</span> <span class='ocrx_word' id='word_1_430' title='bbox 673 2253 706 2292; x_wconf 81' lang='lat' dir='ltr'>a)</span> <span class='ocrx_word' id='word_1_431' title='bbox 722 2254 836 2290; x_wconf 86' lang='lat' dir='ltr'>quibus</span> <span class='ocrx_word' id='word_1_432' title='bbox 863 2254 1110 2292; x_wconf 84' lang='lat' dir='ltr'>spoponderant.</span> <span class='ocrx_word' id='word_1_433' title='bbox 1139 2254 1276 2283; x_wconf 73' lang='lat' dir='ltr'>Nouatae</span> <span class='ocrx_word' id='word_1_434' title='bbox 1301 2255 1376 2292; x_wconf 85' lang='lat' dir='ltr'>quia</span> <span class='ocrx_word' id='word_1_435' title='bbox 1394 2260 1551 2284; x_wconf 88' lang='lat' dir='ltr'>nouerant</span> <span class='ocrx_word' id='word_1_436' title='bbox 1570 2253 1646 2294; x_wconf 81' lang='lat' dir='ltr'>(sic)</span> <span class='ocrx_word' id='word_1_437' title='bbox 1665 2256 1810 2284; x_wconf 88' lang='lat' dir='ltr'>debitum</span> <span class='ocrx_word' id='word_1_438' title='bbox 1836 2255 1917 2283; x_wconf 85' lang='lat' dir='ltr'>unde</span> 
     </span>
     <span class='ocr_line' id='line_1_34' title="bbox 88 2309 1921 2349; baseline 0.001 -11"><span class='ocrx_word' id='word_1_439' title='bbox 88 2310 235 2339; x_wconf 86' lang='lat' dir='ltr'>nouatio:</span> <span class='ocrx_word' id='word_1_440' title='bbox 273 2319 338 2339; x_wconf 83' lang='lat' dir='ltr'>cum</span> <span class='ocrx_word' id='word_1_441' title='bbox 362 2309 462 2339; x_wconf 78' lang='lat' dir='ltr'>eodem</span> <span class='ocrx_word' id='word_1_442' title='bbox 486 2314 641 2339; x_wconf 70' lang='lat' dir='ltr'>contractu</span> <span class='ocrx_word' id='word_1_443' title='bbox 666 2311 760 2339; x_wconf 80' lang='lat' dir='ltr'>etiam</span> <span class='ocrx_word' id='word_1_444' title='bbox 787 2320 829 2339; x_wconf 88' lang='lat' dir='ltr'>cr.</span> <span class='ocrx_word' id='word_1_445' title='bbox 857 2320 938 2348; x_wconf 86' lang='lat' dir='ltr'>pers.</span> <span class='ocrx_word' id='word_1_446' title='bbox 965 2314 1117 2340; x_wconf 86' lang='lat' dir='ltr'>mutatur.</span> <span class='ocrx_word' id='word_1_447' title='bbox 1145 2310 1230 2340; x_wconf 83' lang='lat' dir='ltr'>mfh:</span> <span class='ocrx_word' id='word_1_448' title='bbox 1257 2311 1374 2340; x_wconf 74' lang='lat' dir='ltr'>Nouate</span> <span class='ocrx_word' id='word_1_449' title='bbox 1400 2310 1461 2349; x_wconf 85' lang='lat' dir='ltr'>(sic</span> <span class='ocrx_word' id='word_1_450' title='bbox 1485 2321 1525 2340; x_wconf 90' lang='lat' dir='ltr'>m.</span> <span class='ocrx_word' id='word_1_451' title='bbox 1553 2311 1641 2339; x_wconf 81' lang='lat' dir='ltr'>Noua</span> <span class='ocrx_word' id='word_1_452' title='bbox 1666 2309 1728 2349; x_wconf 85' lang='lat' dir='ltr'>fh).</span> <span class='ocrx_word' id='word_1_453' title='bbox 1756 2311 1839 2346; x_wconf 85' lang='lat' dir='ltr'>Quia</span> <span class='ocrx_word' id='word_1_454' title='bbox 1865 2320 1921 2340; x_wconf 91' lang='lat' dir='ltr'>no-</span> 
     </span>
     <span class='ocr_line' id='line_1_35' title="bbox 85 2367 1918 2409; baseline 0.001 -14"><span class='ocrx_word' id='word_1_455' title='bbox 85 2371 239 2396; x_wconf 79' lang='lat' dir='ltr'>wauerant</span> <span class='ocrx_word' id='word_1_456' title='bbox 257 2384 295 2387; x_wconf 79' lang='lat'><strong>—</strong></span> <span class='ocrx_word' id='word_1_457' title='bbox 317 2368 479 2397; x_wconf 84' lang='lat' dir='ltr'>mutatur.⁷</span> <span class='ocrx_word' id='word_1_458' title='bbox 507 2377 578 2396; x_wconf 87' lang='lat' dir='ltr'>cum</span> <span class='ocrx_word' id='word_1_459' title='bbox 604 2367 715 2396; x_wconf 87' lang='lat' dir='ltr'>eodem</span> <span class='ocrx_word' id='word_1_460' title='bbox 742 2372 909 2398; x_wconf 81' lang='lat' dir='ltr'>contractu</span> <span class='ocrx_word' id='word_1_461' title='bbox 936 2367 973 2403; x_wconf 79' lang='lat' dir='ltr'>G,</span> <span class='ocrx_word' id='word_1_462' title='bbox 1001 2372 1036 2397; x_wconf 81' lang='lat' dir='ltr'>ut</span> <span class='ocrx_word' id='word_1_463' title='bbox 1059 2368 1212 2409; x_wconf 65' lang='lat' dir='ltr'>-s‚mvafh.</span> <span class='ocrx_word' id='word_1_464' title='bbox 1240 2367 1402 2406; x_wconf 87' lang='lat' dir='ltr'>Cruquius</span> <span class='ocrx_word' id='word_1_465' title='bbox 1428 2369 1460 2397; x_wconf 86' lang='lat' dir='ltr'>in</span> <span class='ocrx_word' id='word_1_466' title='bbox 1477 2377 1530 2397; x_wconf 72' lang='lat' dir='ltr'>suo</span> <span class='ocrx_word' id='word_1_467' title='bbox 1549 2367 1787 2397; x_wconf 83' lang='lat' dir='ltr'>Commentario</span> <span class='ocrx_word' id='word_1_468' title='bbox 1805 2367 1918 2396; x_wconf 82' lang='lat' dir='ltr'>habet:</span> 
     </span>
     <span class='ocr_line' id='line_1_36' title="bbox 87 2421 1920 2461; baseline 0.001 -10"><span class='ocrx_word' id='word_1_469' title='bbox 87 2421 176 2451; x_wconf 80' lang='lat' dir='ltr'>‘noua</span> <span class='ocrx_word' id='word_1_470' title='bbox 200 2426 234 2452; x_wconf 80' lang='lat' dir='ltr'>te.</span> <span class='ocrx_word' id='word_1_471' title='bbox 260 2424 384 2461; x_wconf 86' lang='lat' dir='ltr'>antiqu.</span> <span class='ocrx_word' id='word_1_472' title='bbox 411 2424 481 2453; x_wconf 90' lang='lat' dir='ltr'>cod.</span> <span class='ocrx_word' id='word_1_473' title='bbox 509 2423 627 2452; x_wconf 86' lang='lat' dir='ltr'>Bland.</span> <span class='ocrx_word' id='word_1_474' title='bbox 654 2424 752 2453; x_wconf 87' lang='lat' dir='ltr'>habet</span> <span class='ocrx_word' id='word_1_475' title='bbox 779 2424 849 2453; x_wconf 87' lang='lat' dir='ltr'>sine</span> <span class='ocrx_word' id='word_1_476' title='bbox 874 2425 941 2453; x_wconf 85' lang='lat' dir='ltr'>ulla</span> <span class='ocrx_word' id='word_1_477' title='bbox 967 2425 1073 2461; x_wconf 77' lang='lat' dir='ltr'>litura,</span> <span class='ocrx_word' id='word_1_478' title='bbox 1110 2425 1246 2453; x_wconf 75' lang='lat' dir='ltr'>nouatae&#39;</span> <span class='ocrx_word' id='word_1_479' title='bbox 1275 2429 1306 2454; x_wconf 89' lang='lat' dir='ltr'>et</span> <span class='ocrx_word' id='word_1_480' title='bbox 1331 2425 1575 2454; x_wconf 81' lang='lat' dir='ltr'>adnotationem</span> <span class='ocrx_word' id='word_1_481' title='bbox 1601 2425 1700 2453; x_wconf 87' lang='lat' dir='ltr'>hanc:</span> <span class='ocrx_word' id='word_1_482' title='bbox 1728 2424 1863 2453; x_wconf 80' lang='lat' dir='ltr'>‘scribae</span> <span class='ocrx_word' id='word_1_483' title='bbox 1889 2427 1920 2452; x_wconf 91' lang='lat' dir='ltr'>et</span> 
     </span>
     <span class='ocr_line' id='line_1_37' title="bbox 86 2480 1920 2519; baseline 0 -11"><span class='ocrx_word' id='word_1_484' title='bbox 86 2483 208 2508; x_wconf 68' lang='lat' dir='ltr'>nomiae</span> <span class='ocrx_word' id='word_1_485' title='bbox 226 2481 341 2518; x_wconf 85' lang='lat' dir='ltr'>quibus</span> <span class='ocrx_word' id='word_1_486' title='bbox 359 2480 609 2518; x_wconf 85' lang='lat' dir='ltr'>spoponderant.</span> <span class='ocrx_word' id='word_1_487' title='bbox 636 2485 772 2517; x_wconf 73' lang='lat' dir='ltr'>nouatcce,</span> <span class='ocrx_word' id='word_1_488' title='bbox 799 2482 852 2519; x_wconf 87' lang='lat' dir='ltr'>qui</span> <span class='ocrx_word' id='word_1_489' title='bbox 873 2484 1073 2511; x_wconf 82' lang='lat' dir='ltr'>nouauerant</span> <span class='ocrx_word' id='word_1_490' title='bbox 1091 2481 1253 2510; x_wconf 87' lang='lat' dir='ltr'>debitum:</span> <span class='ocrx_word' id='word_1_491' title='bbox 1287 2482 1369 2511; x_wconf 83' lang='lat' dir='ltr'>unde</span> <span class='ocrx_word' id='word_1_492' title='bbox 1395 2481 1537 2517; x_wconf 78' lang='lat' dir='ltr'>nouatio,</span> <span class='ocrx_word' id='word_1_493' title='bbox 1565 2490 1631 2509; x_wconf 74' lang='lat' dir='ltr'>cum</span> <span class='ocrx_word' id='word_1_494' title='bbox 1656 2484 1837 2517; x_wconf 72' lang='lat' dir='ltr'>contractus,</span> <span class='ocrx_word' id='word_1_495' title='bbox 1864 2484 1920 2509; x_wconf 89' lang='lat' dir='ltr'>aut</span> 
     </span>
     <span class='ocr_line' id='line_1_38' title="bbox 88 2535 1920 2576; baseline 0.001 -12"><span class='ocrx_word' id='word_1_496' title='bbox 88 2535 241 2566; x_wconf 87' lang='lat' dir='ltr'>debitoris</span> <span class='ocrx_word' id='word_1_497' title='bbox 267 2545 403 2574; x_wconf 83' lang='lat' dir='ltr'>persona</span> <span class='ocrx_word' id='word_1_498' title='bbox 427 2541 589 2566; x_wconf 84' lang='lat' dir='ltr'>mutatus:</span> <span class='ocrx_word' id='word_1_499' title='bbox 626 2555 657 2557; x_wconf 33' lang='grc' dir='ltr'>μ</span> <span class='ocrx_word' id='word_1_500' title='bbox 683 2547 762 2575; x_wconf 86' lang='lat' dir='ltr'>quae</span> <span class='ocrx_word' id='word_1_501' title='bbox 788 2538 896 2575; x_wconf 81' lang='lat' dir='ltr'>uerba,</span> <span class='ocrx_word' id='word_1_502' title='bbox 928 2538 1012 2575; x_wconf 88' lang='lat' dir='ltr'>quod</span> <span class='ocrx_word' id='word_1_503' title='bbox 1038 2538 1120 2566; x_wconf 89' lang='lat' dir='ltr'>mihi</span> <span class='ocrx_word' id='word_1_504' title='bbox 1144 2537 1289 2566; x_wconf 75' lang='lat' dir='ltr'>somnium</span> <span class='ocrx_word' id='word_1_505' title='bbox 1313 2537 1462 2576; x_wconf 71' lang='lat' dir='ltr'>quoddam</span> <span class='ocrx_word' id='word_1_506' title='bbox 1486 2538 1684 2573; x_wconf 80' lang='lat' dir='ltr'>uiderentur,</span> <span class='ocrx_word' id='word_1_507' title='bbox 1712 2537 1800 2566; x_wconf 79' lang='lat' dir='ltr'>nolui</span> <span class='ocrx_word' id='word_1_508' title='bbox 1827 2535 1920 2566; x_wconf 89' lang='lat' dir='ltr'>Com-</span> 
     </span>
     <span class='ocr_line' id='line_1_39' title="bbox 87 2593 1919 2630; baseline 0 -9"><span class='ocrx_word' id='word_1_509' title='bbox 87 2593 253 2622; x_wconf 85' lang='lat' dir='ltr'>mentariis</span> <span class='ocrx_word' id='word_1_510' title='bbox 279 2594 429 2623; x_wconf 85' lang='lat' dir='ltr'>inserere.</span> <span class='ocrx_word' id='word_1_511' title='bbox 455 2593 573 2623; x_wconf 74' lang='lat' dir='ltr'>interim</span> <span class='ocrx_word' id='word_1_512' title='bbox 598 2593 706 2623; x_wconf 71' lang='lat' dir='ltr'>iudicet</span> <span class='ocrx_word' id='word_1_513' title='bbox 729 2593 842 2623; x_wconf 59' lang='lat' dir='ltr'>lector)</span> <span class='ocrx_word' id='word_1_514' title='bbox 892 2594 938 2624; x_wconf 90' lang='lat' dir='ltr'>At</span> <span class='ocrx_word' id='word_1_515' title='bbox 962 2605 1037 2624; x_wconf 87' lang='lat' dir='ltr'>uero</span> <span class='ocrx_word' id='word_1_516' title='bbox 1064 2594 1091 2630; x_wconf 80' lang='lat' dir='ltr'><strong>Q</strong></span> <span class='ocrx_word' id='word_1_517' title='bbox 1117 2595 1281 2624; x_wconf 84' lang='lat' dir='ltr'>somnians</span> <span class='ocrx_word' id='word_1_518' title='bbox 1307 2595 1466 2624; x_wconf 83' lang='lat' dir='ltr'>iudicauit</span> <span class='ocrx_word' id='word_1_519' title='bbox 1492 2599 1524 2624; x_wconf 86' lang='lat' dir='ltr'>et</span> <span class='ocrx_word' id='word_1_520' title='bbox 1553 2598 1655 2624; x_wconf 87' lang='lat' dir='ltr'>totum</span> <span class='ocrx_word' id='word_1_521' title='bbox 1694 2594 1841 2623; x_wconf 84' lang='lat' dir='ltr'>scholion</span> <span class='ocrx_word' id='word_1_522' title='bbox 1879 2602 1919 2622; x_wconf 83' lang='lat' dir='ltr'>ex</span> 
     </span>
     <span class='ocr_line' id='line_1_40' title="bbox 88 2649 1919 2690; baseline 0.001 -13"><span class='ocrx_word' id='word_1_523' title='bbox 88 2649 154 2678; x_wconf 86' lang='lat' dir='ltr'>cod.</span> <span class='ocrx_word' id='word_1_524' title='bbox 180 2649 292 2679; x_wconf 90' lang='lat' dir='ltr'>Bland.</span> <span class='ocrx_word' id='word_1_525' title='bbox 321 2650 598 2680; x_wconf 79' lang='lat' dir='ltr'>confidentissime</span> <span class='ocrx_word' id='word_1_526' title='bbox 623 2652 754 2688; x_wconf 83' lang='lat' dir='ltr'>recepit,</span> <span class='ocrx_word' id='word_1_527' title='bbox 794 2652 825 2680; x_wconf 89' lang='lat' dir='ltr'>id</span> <span class='ocrx_word' id='word_1_528' title='bbox 852 2651 934 2690; x_wconf 90' lang='lat' dir='ltr'>quod</span> <span class='ocrx_word' id='word_1_529' title='bbox 961 2652 1060 2681; x_wconf 89' lang='lat' dir='ltr'>multo</span> <span class='ocrx_word' id='word_1_530' title='bbox 1086 2652 1189 2681; x_wconf 77' lang='lat' dir='ltr'>satius</span> <span class='ocrx_word' id='word_1_531' title='bbox 1216 2652 1244 2680; x_wconf 88' lang='lat' dir='ltr'>ei</span> <span class='ocrx_word' id='word_1_532' title='bbox 1270 2652 1447 2680; x_wconf 86' lang='lat' dir='ltr'>cauendum</span> <span class='ocrx_word' id='word_1_533' title='bbox 1485 2651 1674 2688; x_wconf 86' lang='lat' dir='ltr'>putauerim.</span> <span class='ocrx_word' id='word_1_534' title='bbox 1714 2650 1842 2679; x_wconf 80' lang='lat' dir='ltr'>Etenim</span> <span class='ocrx_word' id='word_1_535' title='bbox 1881 2659 1919 2678; x_wconf 88' lang='lat' dir='ltr'>ne</span> 
     </span>
     <span class='ocr_line' id='line_1_41' title="bbox 88 2704 1920 2746; baseline 0 -12"><span class='ocrx_word' id='word_1_536' title='bbox 88 2705 188 2742; x_wconf 88' lang='lat' dir='ltr'>prima</span> <span class='ocrx_word' id='word_1_537' title='bbox 212 2707 342 2744; x_wconf 88' lang='lat' dir='ltr'>quidem</span> <span class='ocrx_word' id='word_1_538' title='bbox 367 2707 466 2736; x_wconf 84' lang='lat' dir='ltr'>uerba</span> <span class='ocrx_word' id='word_1_539' title='bbox 490 2706 593 2745; x_wconf 71' lang='lat' dir='ltr'>quibus</span> <span class='ocrx_word' id='word_1_540' title='bbox 617 2707 838 2745; x_wconf 71' lang='lat' dir='ltr'>spoponderant</span> <span class='ocrx_word' id='word_1_541' title='bbox 862 2717 941 2737; x_wconf 83' lang='lat' dir='ltr'>sana</span> <span class='ocrx_word' id='word_1_542' title='bbox 966 2717 1037 2737; x_wconf 85' lang='lat' dir='ltr'>esse</span> <span class='ocrx_word' id='word_1_543' title='bbox 1063 2712 1162 2746; x_wconf 82' lang='lat' dir='ltr'>patet.</span> <span class='ocrx_word' id='word_1_544' title='bbox 1214 2707 1294 2742; x_wconf 74' lang='lat' dir='ltr'>Quis</span> <span class='ocrx_word' id='word_1_545' title='bbox 1321 2709 1406 2737; x_wconf 85' lang='lat' dir='ltr'>euim</span> <span class='ocrx_word' id='word_1_546' title='bbox 1433 2707 1644 2745; x_wconf 84' lang='lat' dir='ltr'>spopondisse</span> <span class='ocrx_word' id='word_1_547' title='bbox 1669 2704 1809 2735; x_wconf 76' lang='lat' dir='ltr'>dicitur?</span> <span class='ocrx_word' id='word_1_548' title='bbox 1843 2705 1920 2741; x_wconf 80' lang='lat' dir='ltr'>Quis</span> 
     </span>
     <span class='ocr_line' id='line_1_42' title="bbox 89 2761 1921 2804; baseline 0.001 -14"><span class='ocrx_word' id='word_1_549' title='bbox 89 2761 167 2790; x_wconf 86' lang='lat' dir='ltr'>alius</span> <span class='ocrx_word' id='word_1_550' title='bbox 192 2766 287 2800; x_wconf 87' lang='lat' dir='ltr'>atque</span> <span class='ocrx_word' id='word_1_551' title='bbox 312 2763 493 2800; x_wconf 85' lang='lat' dir='ltr'>Maecenas,</span> <span class='ocrx_word' id='word_1_552' title='bbox 532 2765 599 2802; x_wconf 79' lang='lat' dir='ltr'>qui,</span> <span class='ocrx_word' id='word_1_553' title='bbox 634 2773 714 2802; x_wconf 86' lang='lat' dir='ltr'>quae</span> <span class='ocrx_word' id='word_1_554' title='bbox 741 2764 957 2802; x_wconf 81' lang='lat' dir='ltr'>spoponderat</span> <span class='ocrx_word' id='word_1_555' title='bbox 982 2764 1068 2804; x_wconf 86' lang='lat' dir='ltr'>(Cic.</span> <span class='ocrx_word' id='word_1_556' title='bbox 1096 2764 1186 2794; x_wconf 78' lang='lat' dir='ltr'>Rosc.</span> <span class='ocrx_word' id='word_1_557' title='bbox 1215 2764 1304 2794; x_wconf 87' lang='lat' dir='ltr'>Com.</span> <span class='ocrx_word' id='word_1_558' title='bbox 1333 2766 1362 2793; x_wconf 77' lang='lat'>5.</span> <span class='ocrx_word' id='word_1_559' title='bbox 1392 2764 1523 2793; x_wconf 82' lang='lat' dir='ltr'>Caecin.</span> <span class='ocrx_word' id='word_1_560' title='bbox 1552 2765 1581 2792; x_wconf 86' lang='lat'>3.</span> <span class='ocrx_word' id='word_1_561' title='bbox 1608 2763 1682 2792; x_wconf 84' lang='lat' dir='ltr'>Seu.</span> <span class='ocrx_word' id='word_1_562' title='bbox 1708 2762 1743 2792; x_wconf 86' lang='lat' dir='ltr'>E.</span> <span class='ocrx_word' id='word_1_563' title='bbox 1774 2763 1829 2791; x_wconf 86' lang='lat'>19:</span> <span class='ocrx_word' id='word_1_564' title='bbox 1856 2772 1921 2792; x_wconf 88' lang='lat' dir='ltr'>non</span> 
     </span>
     <span class='ocr_line' id='line_1_43' title="bbox 89 2818 1920 2859; baseline 0.001 -13"><span class='ocrx_word' id='word_1_565' title='bbox 89 2819 287 2856; x_wconf 84' lang='lat' dir='ltr'>promittunt,</span> <span class='ocrx_word' id='word_1_566' title='bbox 315 2820 371 2849; x_wconf 88' lang='lat' dir='ltr'>sed</span> <span class='ocrx_word' id='word_1_567' title='bbox 397 2820 586 2859; x_wconf 85' lang='lat' dir='ltr'>spondent),</span> <span class='ocrx_word' id='word_1_568' title='bbox 615 2829 688 2858; x_wconf 85' lang='lat' dir='ltr'>ergo</span> <span class='ocrx_word' id='word_1_569' title='bbox 714 2822 916 2858; x_wconf 75' lang='lat' dir='ltr'>sponsionem</span> <span class='ocrx_word' id='word_1_570' title='bbox 942 2820 1060 2850; x_wconf 79' lang='lat' dir='ltr'>factam</span> <span class='ocrx_word' id='word_1_571' title='bbox 1087 2822 1227 2859; x_wconf 81' lang='lat' dir='ltr'>signatis</span> <span class='ocrx_word' id='word_1_572' title='bbox 1253 2821 1383 2850; x_wconf 81' lang='lat' dir='ltr'>tabellis</span> <span class='ocrx_word' id='word_1_573' title='bbox 1417 2820 1564 2858; x_wconf 78' lang='lat' dir='ltr'>(Sueton.</span> <span class='ocrx_word' id='word_1_574' title='bbox 1599 2819 1713 2849; x_wconf 83' lang='lat' dir='ltr'>Octau.</span> <span class='ocrx_word' id='word_1_575' title='bbox 1748 2819 1800 2849; x_wconf 88' lang='grc'>50.</span> <span class='ocrx_word' id='word_1_576' title='bbox 1834 2818 1920 2848; x_wconf 86' lang='lat' dir='ltr'>Plin.</span> 
     </span>
     <span class='ocr_line' id='line_1_44' title="bbox 89 2871 1919 2915; baseline 0.001 -13"><span class='ocrx_word' id='word_1_577' title='bbox 89 2871 247 2912; x_wconf 83' lang='lat' dir='ltr'>XXXVII,</span> <span class='ocrx_word' id='word_1_578' title='bbox 276 2877 307 2915; x_wconf 88' lang='lat' dir='ltr'>l)</span> <span class='ocrx_word' id='word_1_579' title='bbox 333 2880 368 2905; x_wconf 84' lang='lat' dir='ltr'>ut</span> <span class='ocrx_word' id='word_1_580' title='bbox 394 2877 606 2914; x_wconf 79' lang='lat' dir='ltr'>confirmaret,</span> <span class='ocrx_word' id='word_1_581' title='bbox 641 2878 863 2915; x_wconf 81' lang='lat' dir='ltr'>prouocaudus</span> <span class='ocrx_word' id='word_1_582' title='bbox 890 2881 969 2906; x_wconf 83' lang='lat' dir='ltr'>erat.</span> <span class='ocrx_word' id='word_1_583' title='bbox 1018 2877 1227 2907; x_wconf 79' lang='lat' dir='ltr'>Scribendum</span> <span class='ocrx_word' id='word_1_584' title='bbox 1265 2878 1366 2915; x_wconf 85' lang='lat' dir='ltr'>igitur</span> <span class='ocrx_word' id='word_1_585' title='bbox 1403 2882 1505 2905; x_wconf 75' lang='lat' dir='ltr'>esset:</span> <span class='ocrx_word' id='word_1_586' title='bbox 1544 2877 1658 2914; x_wconf 80' lang='lat' dir='ltr'>quibus</span> <span class='ocrx_word' id='word_1_587' title='bbox 1696 2876 1919 2913; x_wconf 76' lang='lat' dir='ltr'>spoponderat.</span> 
     </span>
     <span class='ocr_line' id='line_1_45' title="bbox 91 2927 1920 2971; baseline 0.002 -13"><span class='ocrx_word' id='word_1_588' title='bbox 91 2927 150 2958; x_wconf 86' lang='lat' dir='ltr'>Sed</span> <span class='ocrx_word' id='word_1_589' title='bbox 173 2934 240 2960; x_wconf 85' lang='lat' dir='ltr'>tota</span> <span class='ocrx_word' id='word_1_590' title='bbox 263 2932 341 2962; x_wconf 85' lang='lat' dir='ltr'>haec</span> <span class='ocrx_word' id='word_1_591' title='bbox 366 2943 416 2962; x_wconf 89' lang='lat' dir='ltr'>res</span> <span class='ocrx_word' id='word_1_592' title='bbox 434 2943 452 2962; x_wconf 84' lang='lat' dir='ltr'>a</span> <span class='ocrx_word' id='word_1_593' title='bbox 471 2934 599 2962; x_wconf 82' lang='lat' dir='ltr'>librario</span> <span class='ocrx_word' id='word_1_594' title='bbox 625 2934 762 2971; x_wconf 82' lang='lat' dir='ltr'>quodam</span> <span class='ocrx_word' id='word_1_595' title='bbox 792 2935 865 2962; x_wconf 78' lang='lat' dir='ltr'>licta</span> <span class='ocrx_word' id='word_1_596' title='bbox 889 2934 968 2962; x_wconf 83' lang='lat' dir='ltr'>mihi</span> <span class='ocrx_word' id='word_1_597' title='bbox 994 2934 1133 2963; x_wconf 84' lang='lat' dir='ltr'>uidetur.</span> <span class='ocrx_word' id='word_1_598' title='bbox 1184 2934 1329 2971; x_wconf 84' lang='lat' dir='ltr'>Namque</span> <span class='ocrx_word' id='word_1_599' title='bbox 1355 2934 1392 2961; x_wconf 86' lang='lat' dir='ltr'>ad</span> <span class='ocrx_word' id='word_1_600' title='bbox 1419 2942 1480 2961; x_wconf 75' lang='lat' dir='ltr'>rem</span> <span class='ocrx_word' id='word_1_601' title='bbox 1505 2941 1683 2962; x_wconf 71' lang='lat' dir='ltr'>communem</span> <span class='ocrx_word' id='word_1_602' title='bbox 1709 2931 1782 2970; x_wconf 85' lang='lat' dir='ltr'>(Or.</span> <span class='ocrx_word' id='word_1_603' title='bbox 1810 2933 1920 2962; x_wconf 84' lang='lat' dir='ltr'>laudat</span> 
     </span>
     <span class='ocr_line' id='line_1_46' title="bbox 90 2983 1920 3028; baseline 0.002 -14"><span class='ocrx_word' id='word_1_604' title='bbox 90 2983 190 3016; x_wconf 85' lang='lat' dir='ltr'>Plaut.</span> <span class='ocrx_word' id='word_1_605' title='bbox 214 2987 286 3017; x_wconf 88' lang='lat' dir='ltr'>Aul.</span> <span class='ocrx_word' id='word_1_606' title='bbox 312 2988 353 3026; x_wconf 80' lang='grc' dir='ltr'>ΙΙ,</span> <span class='ocrx_word' id='word_1_607' title='bbox 381 2990 411 3026; x_wconf 81' lang='grc'>2,</span> <span class='ocrx_word' id='word_1_608' title='bbox 439 2990 498 3018; x_wconf 82' lang='lat'>22:</span> <span class='ocrx_word' id='word_1_609' title='bbox 525 2994 583 3027; x_wconf 84' lang='lat' dir='ltr'>est,</span> <span class='ocrx_word' id='word_1_610' title='bbox 619 2990 702 3027; x_wconf 83' lang='lat' dir='ltr'>quod</span> <span class='ocrx_word' id='word_1_611' title='bbox 729 2994 760 3019; x_wconf 89' lang='lat' dir='ltr'>te</span> <span class='ocrx_word' id='word_1_612' title='bbox 786 2990 858 3019; x_wconf 89' lang='lat' dir='ltr'>uolo</span> <span class='ocrx_word' id='word_1_613' title='bbox 884 2990 919 3019; x_wconf 79' lang='lat' dir='ltr'>dc</span> <span class='ocrx_word' id='word_1_614' title='bbox 944 2990 1090 3019; x_wconf 69' lang='lat' dir='ltr'>communi</span> <span class='ocrx_word' id='word_1_615' title='bbox 1124 3000 1157 3019; x_wconf 77' lang='lat' dir='ltr'>re</span> <span class='ocrx_word' id='word_1_616' title='bbox 1194 2990 1367 3027; x_wconf 84' lang='lat' dir='ltr'>appellare,</span> <span class='ocrx_word' id='word_1_617' title='bbox 1404 2997 1468 3017; x_wconf 77' lang='lat' dir='ltr'>mea</span> <span class='ocrx_word' id='word_1_618' title='bbox 1505 2993 1531 3017; x_wconf 71' lang='lat' dir='ltr'>et</span> <span class='ocrx_word' id='word_1_619' title='bbox 1566 2989 1655 3028; x_wconf 54' lang='lat' dir='ltr'>zuar)</span> <span class='ocrx_word' id='word_1_620' title='bbox 1694 2989 1713 3017; x_wconf 94' lang='lat' dir='ltr'>i.</span> <span class='ocrx_word' id='word_1_621' title='bbox 1751 2998 1777 3018; x_wconf 88' lang='lat' dir='ltr'>e.</span> <span class='ocrx_word' id='word_1_622' title='bbox 1816 2990 1920 3027; x_wconf 88' lang='lat' dir='ltr'>publi-</span> 
     </span>
     <span class='ocr_line' id='line_1_47' title="bbox 91 3045 1921 3082; baseline 0.002 -12"><span class='ocrx_word' id='word_1_623' title='bbox 91 3049 154 3070; x_wconf 77' lang='lat' dir='ltr'>cam</span> <span class='ocrx_word' id='word_1_624' title='bbox 192 3045 312 3073; x_wconf 82' lang='lat' dir='ltr'>scribae</span> <span class='ocrx_word' id='word_1_625' title='bbox 349 3045 515 3074; x_wconf 79' lang='lat' dir='ltr'>adtentum</span> <span class='ocrx_word' id='word_1_626' title='bbox 553 3045 676 3075; x_wconf 84' lang='lat' dir='ltr'>faciunt</span> <span class='ocrx_word' id='word_1_627' title='bbox 714 3048 854 3075; x_wconf 76' lang='lat' dir='ltr'>animum</span> <span class='ocrx_word' id='word_1_628' title='bbox 893 3046 1032 3082; x_wconf 81' lang='lat' dir='ltr'>Horatii,</span> <span class='ocrx_word' id='word_1_629' title='bbox 1071 3056 1131 3076; x_wconf 89' lang='lat' dir='ltr'>non</span> <span class='ocrx_word' id='word_1_630' title='bbox 1167 3046 1298 3074; x_wconf 80' lang='lat' dir='ltr'>adrem</span> <span class='ocrx_word' id='word_1_631' title='bbox 1325 3046 1391 3074; x_wconf 82' lang='lat' dir='ltr'>eius</span> <span class='ocrx_word' id='word_1_632' title='bbox 1418 3045 1619 3075; x_wconf 78' lang='lat' dir='ltr'>familiarem.</span> <span class='ocrx_word' id='word_1_633' title='bbox 1658 3055 1739 3082; x_wconf 86' lang='lat' dir='ltr'>quae</span> <span class='ocrx_word' id='word_1_634' title='bbox 1775 3054 1836 3074; x_wconf 89' lang='lat' dir='ltr'>non</span> <span class='ocrx_word' id='word_1_635' title='bbox 1872 3055 1921 3074; x_wconf 79' lang='lat' dir='ltr'>res</span> 
     </span>
     <span class='ocr_line' id='line_1_48' title="bbox 90 3101 1919 3141; baseline 0.002 -14"><span class='ocrx_word' id='word_1_636' title='bbox 90 3105 196 3136; x_wconf 76' lang='lat' dir='ltr'>mayna</span> <span class='ocrx_word' id='word_1_637' title='bbox 220 3104 296 3129; x_wconf 80' lang='lat' dir='ltr'>erat.</span> <span class='ocrx_word' id='word_1_638' title='bbox 352 3102 385 3140; x_wconf 81' lang='lat'>7)</span> <span class='ocrx_word' id='word_1_639' title='bbox 412 3102 461 3131; x_wconf 89' lang='lat' dir='ltr'>De</span> <span class='ocrx_word' id='word_1_640' title='bbox 486 3103 659 3132; x_wconf 81' lang='lat' dir='ltr'>nouatione</span> <span class='ocrx_word' id='word_1_641' title='bbox 685 3112 714 3131; x_wconf 84' lang='lat' dir='ltr'>u.</span> <span class='ocrx_word' id='word_1_642' title='bbox 740 3103 871 3140; x_wconf 82' lang='lat' dir='ltr'>Ulpian.</span> <span class='ocrx_word' id='word_1_643' title='bbox 899 3103 1043 3141; x_wconf 86' lang='lat' dir='ltr'>aliosque</span> <span class='ocrx_word' id='word_1_644' title='bbox 1061 3103 1141 3132; x_wconf 80' lang='lat' dir='ltr'>iuris</span> <span class='ocrx_word' id='word_1_645' title='bbox 1159 3103 1280 3140; x_wconf 87' lang='lat' dir='ltr'>peritos</span> <span class='ocrx_word' id='word_1_646' title='bbox 1300 3103 1332 3130; x_wconf 93' lang='lat' dir='ltr'>in</span> <span class='ocrx_word' id='word_1_647' title='bbox 1350 3101 1644 3138; x_wconf 84' lang='lat' dir='ltr'>l&#39;and.XXXXV1,</span> <span class='ocrx_word' id='word_1_648' title='bbox 1664 3102 1702 3129; x_wconf 78' lang='lat'>21</span> <span class='ocrx_word' id='word_1_649' title='bbox 1726 3106 1754 3130; x_wconf 92' lang='lat' dir='ltr'>et</span> <span class='ocrx_word' id='word_1_650' title='bbox 1774 3101 1919 3131; x_wconf 85' lang='lat' dir='ltr'>Brisson.</span> 
     </span>
     <span class='ocr_line' id='line_1_49' title="bbox 91 3151 1918 3197; baseline 0.003 -15"><span class='ocrx_word' id='word_1_651' title='bbox 91 3151 222 3185; x_wconf 83' lang='lat' dir='ltr'>Formm.</span> <span class='ocrx_word' id='word_1_652' title='bbox 250 3156 302 3194; x_wconf 72' lang='lat' dir='ltr'>VI,</span> <span class='ocrx_word' id='word_1_653' title='bbox 333 3159 392 3187; x_wconf 81' lang='lat'>192</span> <span class='ocrx_word' id='word_1_654' title='bbox 420 3167 447 3195; x_wconf 87' lang='lat' dir='ltr'>p.</span> <span class='ocrx_word' id='word_1_655' title='bbox 476 3159 552 3196; x_wconf 75' lang='lat'>551,</span> <span class='ocrx_word' id='word_1_656' title='bbox 589 3159 643 3188; x_wconf 84' lang='lat' dir='ltr'>ubi</span> <span class='ocrx_word' id='word_1_657' title='bbox 681 3159 905 3197; x_wconf 85' lang='lat' dir='ltr'>stipulationis</span> <span class='ocrx_word' id='word_1_658' title='bbox 943 3159 973 3188; x_wconf 85' lang='lat' dir='ltr'>iu</span> <span class='ocrx_word' id='word_1_659' title='bbox 1010 3159 1183 3189; x_wconf 86' lang='lat' dir='ltr'>nouationc</span> <span class='ocrx_word' id='word_1_660' title='bbox 1208 3158 1345 3188; x_wconf 83' lang='lat' dir='ltr'>formula</span> <span class='ocrx_word' id='word_1_661' title='bbox 1371 3158 1507 3195; x_wconf 80' lang='lat' dir='ltr'>legitur:</span> <span class='ocrx_word' id='word_1_662' title='bbox 1536 3159 1685 3189; x_wconf 77' lang='lat' dir='ltr'>‘Nouatio</span> <span class='ocrx_word' id='word_1_663' title='bbox 1712 3167 1784 3188; x_wconf 86' lang='lat' dir='ltr'>uero</span> <span class='ocrx_word' id='word_1_664' title='bbox 1811 3159 1918 3193; x_wconf 76' lang='lat' dir='ltr'>tiebat,</span> 
     </span>
    </p>
   </div>
  </div>
 </body>
</html>
