2148 3412
188 125 271 168 530
818 132 923 165 Aen.
947 131 1008 164 ET
1032 130 1198 164 PORPH.
1223 130 1371 164 coMM.

303 261 367 300 57.
401 259 564 299 Dicitur
594 257 750 311 Afrani
778 265 881 311 toya.
959 254 1076 296 Bene
1107 263 1214 310 loya:
1259 260 1423 311 togatas
1453 255 1564 296 enim
1596 254 1762 310 scripsit
1792 253 2010 304 Afranius,

189 333 232 373 in
264 331 414 386 quibus
446 330 672 371 Menandri
703 329 843 371 stilum
873 328 1040 370 uidetur
1069 328 1268 369 imitatus.

303 407 367 446 59.
407 405 565 445 Vincere
608 403 804 445 Caecilius
843 403 1055 456 yrauz‘tate.
1130 400 1285 442 Utrum
1316 401 1420 442 alter
1450 401 1627 443 alterum
1656 401 1800 452 uincit,
1832 415 1885 441 an
1917 414 2011 441 cae-

189 487 299 520 teros
328 477 573 519 uniuersos?

123 565 140 593 5
303 551 367 592 60.
401 551 486 592 Hos
519 551 665 592 ediscit.
723 549 775 590 In
805 548 972 591 scholis.

303 633 338 665 et
367 624 437 665 hos
468 633 576 664 arcto
607 625 765 679 stipala.
823 622 875 664 In
906 621 1171 678 spectaculis.

304 699 369 738 61.
400 698 526 739 habet.
587 694 748 746 Credit,
781 695 908 746 ducit,
941 694 1163 737 existimat.
2087 678 2092 758 ἶ

305 772 369 811 62.
403 771 467 812 Ad
496 778 677 812 nostrum
710 778 871 825 tempas.
951 767 1072 810 Ordo
1116 774 1199 809 est:
1245 765 1316 808 Ab
1361 766 1479 808 Liuii
1525 766 1741 822 scriptoris
1785 780 1925 821 usque·
1962 767 2018 808 ad
2086 764 2090 856 ἰ

190 851 378 886 nostrum
409 850 572 898 tempus
604 842 809 898 quaedam
846 848 971 892 recte,
1017 840 1223 896 quaedam
1254 854 1385 896 praue
1415 840 1576 881 iudicat
1605 839 1797 895 populus.
1858 840 2018 882 Liuium

128 930 165 961 10
192 924 329 959 autem
362 916 463 958 dicit
496 918 787 965 Andronicum,
819 915 891 969 qui
922 915 1083 970 primus
1113 906 1300 956 omnium
1329 913 1507 955 Latinas
1538 913 1701 955 fabulas
1732 913 1912 969 scripsit.
2085 860 2090 949 l

306 992 370 1031 64.
403 990 450 1032 Si
476 998 627 1031 ueteres
657 991 713 1031 ita
744 991 928 1030 miratur.
988 987 1086 1030 Hoc
1115 995 1274 1043 peccat.
2084 952 2088 1087 ι

305 1064 371 1105 67.
402 1064 448 1105 Sz'
474 1064 671 1119 quaedam
700 1064 819 1106 nimis
851 1063 1020 1118 antique.
1081 1060 1179 1103 Hoc
1209 1066 1424 1116 receptum
1458 1060 1573 1118 [est]
2084 1101 2087 1140 Ι

305 1139 464 1192 iqnaae.
522 1135 768 1177 Humiliter.

306 1211 370 1251 68.
404 1217 438 1251 et
469 1210 563 1252 Ioue
591 1211 744 1251 iudicat
771 1224 906 1265 aequo.
965 1207 1157 1263 Propitio
1193 1207 1285 1249 sibi.
1344 1206 1402 1248 Et
1446 1207 1507 1250 sic
1551 1208 1721 1263 quidem
1765 1207 1866 1249 Ioue
1909 1207 2016 1249 irato
2082 1148 2087 1256 Ι

128 1297 167 1328 15
193 1285 250 1334 fit,
282 1291 327 1325 ut
357 1290 496 1325 errent
526 1283 716 1324 homines
747 1298 796 1324 ac
827 1282 1017 1324 delirent.

307 1358 372 1398 69.
405 1358 494 1400 Non
517 1357 694 1413 equidem
715 1359 897 1398 insector.
961 1354 1088 1408 Quod
1117 1355 1266 1396 uitium
1297 1354 1432 1396 inuidi
1463 1362 1504 1397 et
1533 1354 1823 1397 obtrectatoris
1854 1363 1916 1397 est
1945 1355 2020 1397 ho-

193 1430 331 1472 minis.

308 1505 373 1545 69.
405 1504 644 1560 delendaque
676 1505 863 1545 carmina
899 1504 998 1545 Lini.
1056 1501 1215 1543 Faceta
1246 1501 1466 1543 subtilitas.
1538 1501 1635 1544 Non
1666 1516 1828 1553 censeo,
1873 1501 2022 1557 inquit,

195 1578 421 1619 delendum
450 1576 624 1618 Liuium
635 1593 644 1626 3
687 1583 728 1617 et>
756 1576 835 1618 hoc
866 1576 928 1617 illi
958 1575 1128 1618 honoris
1160 1590 1286 1616 causa
1316 1575 1458 1617 defero
1489 1583 1662 1631 propter
1691 1582 1941 1618 uetustatem
1971 1589 2023 1617 ex

127 1662 169 1694 20
195 1651 315 1693 libris
346 1651 447 1692 eius.

309 1726 374 1765 70.
408 1726 471 1765 71.
500 1725 709 1780 plagosum
740 1724 836 1765 mila·
859 1739 990 1780 paruo
1016 1723 1227 1765 Orbilium.
1280 1721 1461 1772 Saeuus,
1494 1722 1642 1776 inquit,
1676 1721 1868 1765 Orbilius
1891 1737 2022 1778 quon-

196 1800 293 1840 dam
313 1797 510 1839 librarius
530 1797 733 1852 magister
753 1797 855 1837 mihi
878 1796 1034 1838 dictata
1064 1794 1305 1851 praebebat.
1347 1796 1570 1852 plaqosam.
1631 1795 1814 1839 Saeuum
1836 1803 1874 1838 et
1897 1810 2023 1852 saepe

196 1872 345 1928 plagas
376 1872 635 1913 inferentem.

311 1948 375 1986 71.
415 1949 483 1986 sed
514 1945 717 1986 emendata
747 1945 890 1985 uideri.
960 1942 1299 1993 Emendandum,
1331 1957 1414 1984 non
1447 1943 1671 1985 delendum
1702 1950 1804 2000 puto
1834 1943 2020 1984 Liuium.

131 2031 172 2062 25
201 2018 288 2061 Sed
309 2019 522 2073 indignor,
554 2018 672 2059 illum
697 2017 792 2074 [pro
814 2017 1000 2072 perfecto
1021 2016 1079 2072 et]
1103 2016 1291 2070 profecto
1313 2031 1390 2071 pro
1413 2017 1633 2058 emendato
1656 2024 1824 2059 auctore
1845 2016 2023 2058 laudari.

313 2093 377 2132 72.
410 2093 563 2132 eoeactis
585 2093 791 2132 minimum
814 2091 1028 2132 distantia:
1060 2091 1199 2131 miror.
1262 2088 1522 2145 [Translatio
1553 2090 1625 2147 ab]
1658 2090 1880 2141 Examine,
1918 2104 2026 2145 quae
2087 2087 2148 2148 ἡ(

198 2181 297 2221 pars
327 2165 508 2206 trutinae
540 2171 612 2206 est.

197 2298 217 2317 a
241 2288 342 2317 doctr.
361 2287 430 2316 MR.
456 2287 525 2316 rell.
544 2285 623 2316 senis
643 2285 763 2325 (Hor).
813 2286 870 2324 29)
896 2284 998 2314 adser.
1016 2284 1126 2323 M(Q).
1145 2285 1216 2314 rell.
1235 2294 1313 2314 aser.
1364 2286 1422 2324 30>
1436 2285 1610 2325 fenestram
1636 2289 1895 2324 eonesequuntur
1912 2284 2027 2326 MR2G
2070 2281 2074 2327 Ι

199 2344 451 2384 (consecuntur).
2070 2329 2073 2346 Ξ

313 2401 346 2439 1)
372 2401 494 2430 Dicunt
519 2401 616 2430 etiam
641 2404 737 2440 loyam
760 2400 797 2429 R.
823 2400 929 2428 aerani
954 2399 997 2428 M.
1024 2400 1106 2429 bene
1131 2402 1237 2438 togato
1261 2398 1331 2428 MR.
1357 2402 1433 2437 toga
1459 2409 1518 2429 om.
1546 2417 1585 2420 Η
1613 2399 1683 2429 affr.
1712 2400 1774 2437 ΞΝ.
1833 2400 1867 2438 3)
1894 2398 2026 2429 Lemma
2069 2352 2073 2450 i

198 2459 230 2487 in
256 2458 306 2487 M:
332 2458 485 2487 Vinceret
508 2457 640 2486 (cecilius
667 2457 863 2495 grauitatem.
890 2456 1008 2485 attilius
1034 2456 1070 2486 R.
1115 2456 1219 2486 Utrum
1244 2455 1426 2494 ponendum
1453 2456 1590 2486 uidetur.
1620 2456 1662 2485 ad
1684 2460 1784 2486 utrum
1807 2455 1878 2486 MR.
1905 2459 2026 2486 ceteros
2068 2454 2087 2507 f

197 2524 297 2544 omnes
321 2515 425 2543 uoluit
450 2514 598 2544 Dtintzer
622 2513 676 2549 IV,
705 2513 779 2542 233.
830 2512 863 2550 5)
892 2513 949 2541 hoc
975 2511 1071 2542 edicit
1095 2512 1138 2541 M.
1163 2513 1267 2542 scolis.
1293 2511 1329 2541 R.
1379 2513 1413 2551 6)
1439 2522 1533 2551 argos
1549 2512 1619 2541 MR.
1650 2516 1747 2542 arctos
1773 2512 1812 2542 G.
1839 2513 1955 2551 Spectet
1980 2513 2025 2551 (a.
2068 2521 2071 2548 ι

200 2572 261 2610 61)4
285 2575 334 2600 est
359 2571 475 2600 lemma
502 2571 533 2600 in
560 2569 607 2599 fh.
658 2570 692 2608 7)
720 2568 772 2599 Cr.
799 2570 887 2598 ducit
914 2569 1007 2607 (dicit
1026 2569 1067 2607 R)
1095 2570 1193 2599 exist.
1213 2567 1344 2598 MRAG.
1365 2569 1433 2598 rell.
1453 2569 1565 2598 credit.
1615 2570 1650 2607 8)
1676 2569 1756 2598 aeali
1780 2568 1841 2607 (sie
1866 2570 1926 2599 bis.
1954 2578 2027 2598 nam

200 2628 306 2657 scriba
331 2628 480 2657 indoctus
507 2631 539 2656 et
563 2627 614 2656 hic
640 2625 829 2663 somniauit)
858 2626 966 2663 script.
992 2626 1035 2655 M.
1086 2627 1120 2665 9)
1146 2629 1267 2656 raectae
1291 2625 1334 2654 M.
1387 2626 1442 2663 10)
1468 2629 1575 2655 autem
1601 2635 1660 2655 om.
1685 2627 1776 2655 vafh.
1828 2626 1883 2664 11)
1910 2627 2027 2656 miran—

2092 2294 2095 2302 l
2121 2299 2123 2302 .

198 2688 260 2713 tur.
287 2685 346 2714 hoc
372 2687 500 2722 peceant
525 2682 584 2713 2G.
638 2683 693 2721 12)
721 2686 768 2712 est
792 2692 851 2712 om.
867 2682 989 2712 MR2G.
1041 2682 1096 2719 14)
1124 2683 1265 2721 propitio
1295 2686 1325 2711 et
1344 2682 1482 2720 propitio
1501 2681 1578 2721 (sic)
1597 2686 1627 2712 et
1646 2683 1708 2713 sibi
1736 2683 1792 2721 (sic
1809 2682 1874 2720 Re)
1901 2683 2027 2721 quidem
2066 2682 2079 2710 Ι
2113 2699 2148 2724 “':

199 2742 270 2770 ioue
296 2742 376 2770 irato
403 2742 438 2770 fit
463 2740 534 2770 MR.
562 2744 593 2769 et
619 2740 681 2769 sibi
708 2740 779 2769 ioue
805 2738 843 2769 G.
882 2740 944 2769 sibi
969 2739 1049 2778 qaod
1070 2740 1145 2769 Ioue
1172 2740 1253 2769 irato
1282 2740 1317 2770 fit
1343 2740 1372 2768 2.
1415 2740 1487 2775 sibi,
1525 2740 1600 2769 Ioue
1637 2740 1766 2778 quidem
1805 2738 1950 2777 (quidam
1973 2739 2024 2777 fh)
2065 2738 2086 2779 ξι
2119 2751 2139 2770 ·;

201 2799 282 2828 irato
308 2799 344 2828 fit
368 2799 455 2827 vafh.
482 2798 560 2832 sibi3
587 2801 614 2826 et
636 2797 712 2827 Ioue
738 2797 865 2835 quidem
892 2797 929 2825 ir.
957 2797 991 2825 fit
1019 2796 1056 2831 Q.
1108 2797 1163 2835 16)
1181 2814 1223 2817 --
1240 2797 1353 2826 uitium
1379 2800 1421 2825 est
1446 2800 1477 2825 et
1501 2797 1726 2826 obtrectatoris
1752 2795 1968 2834 (obtrectantis
1984 2793 2025 2834 R)

199 2860 242 2885 est
267 2856 350 2884 hom.
376 2855 449 2885 MR.
478 2855 581 2884 inuidi
608 2864 667 2884 om.
694 2854 788 2883 MR2.
840 2854 895 2891 19)
925 2853 1134 2893 delegandam
1160 2854 1275 2883 leuium
1299 2854 1342 2883 M.
1368 2853 1575 2892 deleyandum
1599 2853 1713 2883 lenium
1738 2853 1773 2882 R.
1836 2853 1892 2891 ⁴22)
1917 2853 2028 2891 plago-
2074 2859 2085 2880 ί·

202 2922 268 2941 sum
295 2921 407 2941 aeuum
436 2912 515 2949 (sic)
540 2911 584 2940 M.
613 2912 655 2949 pl.
683 2919 774 2939 cuum
799 2910 835 2939 R.
862 2910 904 2947 pl.
933 2919 1061 2939 saeuum
1089 2911 1118 2941 2.
1159 2911 1202 2949 pl.
1228 2920 1293 2940 eam
1318 2909 1400 2947 (tum
1425 2910 1476 2947 fh)
1502 2910 1582 2939 dicit
1608 2919 1703 2947 saepe
1726 2919 1778 2939 va.
1798 2910 1841 2947 pl.
1868 2913 1910 2938 est
1934 2917 2028 2947 saepe
2076 2915 2085 2945 ς

203 2967 229 3001 Q
292 2969 348 3005 25)
376 2977 430 3005 pro
458 2979 517 2998 om.
543 2967 649 2997 MRG.
668 2966 817 3006 profecto
835 2976 897 3005 pro
923 2976 981 2996 em.
1008 2970 1118 2996 autore
1146 2967 1174 2996 2.
1196 2967 1341 3004 profecto
1368 2970 1398 2996 et
1422 2975 1480 2995 em.
1507 2969 1590 2995 auct.
1615 2965 1688 2995 MR.
1727 2975 1780 3003 pro
1805 2965 1883 3004 perf.
1912 2970 1943 2995 et
1966 2975 2027 2995 om·
2071 2974 2087 2994 τ

202 3033 303 3053 amore
327 3025 372 3055 fh.
411 3025 554 3062 (auctore
578 3024 718 3062 A‚an).
759 3023 841 3053 conf.
867 3023 935 3066 Βφτ
975 3024 994 3052 i.
1022 3023 1177 3061 indignor
1203 3024 1294 3052 illum
1312 3033 1375 3062 pro
1392 3022 1529 3061 perfecto
1553 3026 1673 3052 auctore
1697 3023 1832 3051 laudari.
1898 3022 1955 3060 26)
1981 3021 2027 3051 ni-
2071 3031 2085 3048 υ
2146 3057 2148 3061 Ι

202 3080 292 3109 mium
316 3080 476 3116 R2G‚vfh.
502 3081 545 3110 M.
574 3081 652 3120 (sic)
678 3081 753 3117 M‚a.
780 3098 820 3101 >-·
848 3080 1034 3110 Translatio
1059 3081 1098 3109 ab
1123 3080 1213 3109 vafh.
1240 3080 1309 3109 rell.
1337 3089 1395 3109 om.
1434 3079 1599 3109 examinae
1633 3079 1685 3108 uel
1722 3079 1856 3118 poginae
1884 3078 1928 3111 M.
1955 3077 2026 3116 (sic,
2062 3074 2087 3149 4,τί
2119 3105 2146 3109 .,

203 3146 265 3167 non
292 3137 436 3166 examine
461 3138 512 3167 uel
538 3138 659 3176 pagine,
686 3142 720 3167 ut
745 3137 802 3168 ref.
830 3137 884 3177 Q).
911 3135 1061 3166 distantia.
1088 3137 1224 3176 paginae
1248 3136 1284 3175 R,
1311 3145 1371 3166 om.
1400 3135 1548 3165 examine
1574 3135 1636 3165 uel.

2062 3182 2064 3191 l

2061 3194 2064 3204 v

2062 3256 2063 3263 η

2062 3266 2063 3273 η
