2148 3412
861 158 907 189 IN
936 159 1072 191 sERM.
1098 160 1141 198 11,
1167 165 1196 192 3.
1866 152 1946 194 265

119 284 229 319 serat
257 277 368 318 enim
399 276 618 334 Augustus
648 280 693 320 in
724 280 918 335 compitis
949 282 1049 323 deos
1080 282 1261 325 Penates
1293 285 1500 335 constitui,
1546 292 1590 326 ut
1620 286 1846 328 studiosius
1876 301 1947 329 co-

117 350 309 392 lerentur.
370 350 505 392 Erant
535 359 674 394 autem
704 352 892 394 libertini
923 355 1173 406 sacerdotes,
1207 357 1277 411 qui
1310 360 1552 413 Auyustales
1583 359 1843 401 dicebantur.

229 426 368 466 siccus.
430 423 619 476 Sobrius,
664 441 716 468 ne
746 427 882 482 possis
914 428 1067 478 dicere,
1113 430 1225 483 quod
1256 431 1397 472 ebrius
1427 432 1585 474 fecerit.
1645 433 1769 475 Nunc
1798 434 1948 475 transit

119 497 170 538 ad
201 498 520 552 superstitiosos.

228 571 352 615 Aliud
381 573 571 614 scholion.
633 571 857 614 Senectute
889 574 1044 624 aridus,
1077 590 1180 616 non:
1214 576 1441 628 abstinens,
1475 588 1543 620 aut
1575 580 1751 622 sobrius.

228 646 322 686 282.
359 646 495 687 Lautis
528 661 600 687 ma.
631 662 711 687 sen.
744 648 939 688 mam‘bus.
1000 646 1113 699 Quia
1158 649 1347 691 solebant
1393 653 1551 693 oraturi
1595 669 1744 696 manus
1789 653 1945 695 lauare.

118 715 326 768 Ostendit,
359 718 484 759 etiam
516 720 826 774 superstitiosos
856 736 940 762 non
972 735 1061 763 esse
1094 737 1228 764 sanos.

230 792 323 832 283.
355 794 519 848 surpite.
578 792 664 834 Pro
696 793 912 849 subripite.

228 866 320 906 284.
353 880 478 907 scmus
500 867 681 922 utrisque
702 867 880 910 Auribus
902 876 978 924 atq.
1001 870 1140 911 oculis.
1203 869 1290 922 Qui
1320 871 1535 927 mancipia
1556 873 1811 925 uendebant,
1843 875 1947 916 uitia

119 952 260 979 eorum
292 938 606 981 confitebantur.

227 1013 319 1053 285.
352 1013 446 1054 286.
478 1021 645 1054 mentem
674 1015 753 1055 nisi
782 1015 975 1069 liliyz'osus
992 1017 1211 1072 Eoec‘e'peret
1242 1018 1437 1068 dominus,
1472 1034 1561 1061 cum
1592 1021 1791 1062 uenderet.
1852 1021 1946 1063 Nisi

115 1092 295 1126 mentem
327 1085 541 1141 exciperet
570 1087 780 1143 litigiosus
811 1088 1018 1139 dominus,
1051 1105 1145 1130 cum
1176 1091 1388 1133 uenderet.
1449 1092 1559 1134 Iuris
1592 1102 1681 1134 erat
1711 1095 1824 1150 apud
1857 1095 1945 1137 Ve-

114 1166 233 1209 teres,
265 1167 321 1209 ut,
354 1174 450 1200 cum
482 1175 651 1201 seruum
682 1161 930 1203 distraheret
962 1162 1069 1216 quis,
1101 1163 1187 1204 eius
1218 1165 1359 1206 onmia
1389 1165 1492 1207 uitia
1512 1167 1581 1208 uel
1602 1168 1733 1208 animi
1754 1168 1821 1209 uel
1853 1183 1945 1210 cor-

115 1233 228 1288 poris
258 1233 506 1287 publicaret.
567 1233 686 1290 Ergo
718 1234 819 1276 dicit
849 1235 961 1276 hunc
991 1236 1208 1287 furiosum,
1242 1238 1361 1279 cuius
1392 1254 1509 1281 mens
1542 1241 1792 1295 excipienda
1824 1250 1943 1283 esset.

114 1307 329 1363 Eoecipere!
361 1308 557 1349 dominus.
616 1308 667 1348 Id
698 1316 777 1349 est:
817 1309 1049 1360 confitetur,
1080 1318 1262 1352 mentem
1294 1328 1439 1353 sanam
1470 1329 1554 1355 non
1585 1314 1742 1356 habere
1774 1331 1943 1357 seruum

114 1380 459 1435 superstitiosum,
507 1396 631 1436 quem
676 1382 898 1433 uendebat,
945 1383 1026 1425 nisi
1070 1385 1176 1426 forte
1222 1397 1334 1426 amat
1379 1387 1530 1443 litem[,
1578 1388 1709 1445 quia]
1770 1389 1949 1431 Licebat

114 1454 304 1509 emptori,
350 1469 477 1510 agere
509 1462 654 1497 contra
684 1456 961 1508 uenditorem,
1008 1457 1042 1499 si
1073 1458 1368 1501 inueniebatur
1400 1475 1545 1503 seruus
1576 1468 1722 1516 postea
1758 1463 1946 1504 uitiosus.

114 1528 312 1583 litzyiosus.
361 1527 448 1581 Qui
468 1529 635 1585 litigare
656 1538 749 1584 post
770 1530 912 1581 uellet,
935 1546 1043 1581 cum,
1066 1532 1119 1572 ad
1141 1547 1341 1587 praesens
1359 1535 1652 1590 (confessus.)
1675 1536 1825 1577 uitium
1848 1544 1947 1578 tunc

114 1601 276 1643 celaret.
336 1601 428 1644 Aut
449 1603 636 1658 lz'lzyz'osus
658 1605 856 1655 dominus,
889 1612 959 1646 aut
981 1614 1145 1646 mentem
1168 1607 1376 1660 Ze'tc'yz'osus,
1408 1607 1452 1648 id
1474 1616 1547 1658 est,
1580 1616 1726 1663 captus
1758 1610 1946 1651 sanitate.

225 1678 319 1723 286.
353 1678 445 1718 287.
481 1678 566 1719 Hoc
598 1693 749 1734 quoque
781 1679 926 1733 mdqus
957 1680 1202 1736 Chrysippus
1228 1696 1269 1736 p.
1294 1682 1322 1735 f.
1346 1683 1369 1722 ἰ.
1390 1697 1426 1735 q.
1452 1683 1623 1724 Meneni.
1684 1682 1781 1724 Hoc
1817 1684 1945 1741 Chry-

114 1751 248 1806 sippus
279 1750 448 1792 Stoicus
479 1751 582 1792 dicit
613 1751 664 1793 de
694 1752 855 1793 familia
886 1752 1180 1803 Menenorum,
1214 1769 1309 1795 cum
1343 1754 1474 1796 nimia
1496 1755 1700 1811 religione
1722 1764 1946 1808 teneretur,

114 1823 157 1864 id
188 1831 260 1872 est,
298 1825 609 1879 superstitiosos
641 1825 744 1866 dicit
774 1840 863 1867 esse
895 1826 1076 1868 insanos.
1143 1828 1399 1884 Chrysippus.
1462 1829 1701 1871 Stoicorum
1731 1830 1945 1886 magister.

225 1900 403 1940 secunda
433 1901 474 1940 in
501 1908 613 1954 yeme
645 1900 816 1942 Meneni.
877 1899 1160 1941 Menenorum
1189 1900 1351 1941 familia
1379 1901 1459 1943 fuit
1489 1902 1788 1956 superstitiosa,
1822 1919 1947 1959 quam

115 1978 155 2013 et
182 1972 338 2028 uulgus
369 1979 408 2014 et
440 1970 710 2028 Chrysippus
742 1973 985 2028 adpellabat
1014 1974 1219 2015 insanam.
1279 1974 1382 2016 Ideo
1411 1976 1590 2029 fecunda
1620 1978 1661 2018 in
1690 1986 1815 2032 yeme,
1848 1978 1948 2032 quia

98 2044 234 2086 ‘multi
265 2052 384 2087 erant
414 2044 590 2087 Meneni
622 2046 883 2101 temporibus
913 2046 1095 2089 Horatii.

228 2203 262 2242 2)
288 2203 477 2233 dicebantur
501 2213 527 2245 γ.
555 2203 622 2233 rell.
649 2203 805 2233 dicuntur.
867 2203 901 2242 ὃ)
929 2203 1058 2234 Scholio
1084 2205 1291 2242 praecedenti
1317 2214 1333 2246 γ
1357 2205 1511 2235 adiunxit
1537 2206 1613 2236 hoc:
1641 2210 1806 2237 senectute
1834 2223 1871 2227 —·
1897 2215 1946 2236 so-

114 2257 214 2288 brius.
241 2258 284 2289 C:
310 2259 418 2290 siccus.
445 2261 580 2298 sobrius,
607 2260 783 2297 abstemius,
810 2270 851 2289 ne
876 2261 948 2298 quis
974 2261 1072 2297 dicat,
1099 2262 1184 2299 quod
1210 2262 1316 2290 ebrius
1340 2262 1399 2290 hoc
1424 2261 1548 2292 fecerit.
1598 2262 1632 2300 6)
1661 2262 1775 2292 Lautis
1793 2280 1828 2283 -
1851 2272 1946 2292 sanos

115 2323 132 2356 γ
156 2315 224 2344 rell.
251 2325 311 2345 om.
339 2315 381 2346 C:
409 2317 484 2355 quia
510 2317 657 2347 solebant
676 2318 841 2355 precaturi
868 2317 943 2347 deos
968 2327 1074 2346 manus
1091 2318 1221 2356 etpedes
1237 2317 1366 2348 abluere.
1416 2319 1450 2357 8)
1477 2328 1564 2357 surp.
1593 2328 1647 2356 pro
1674 2320 1794 2357 subrip.
1820 2329 1847 2361 γ.
1874 2319 1946 2348 rell.

117 2380 175 2400 om.
227 2372 281 2411 11)
307 2372 435 2403 Scholia
460 2374 591 2403 turbata
615 2374 778 2403 uidentur.
805 2374 910 2412 Vulgo
937 2375 982 2403 sic
1008 2383 1042 2403 se
1069 2375 1255 2411 excipiunt:
1286 2375 1322 2403 Id
1348 2379 1407 2412 est,
1434 2376 1606 2404 confitetur
1624 2393 1665 2396 Ἀ
1684 2376 1834 2405 uitiosus.
1862 2375 1945 2405 Iuris

117 2431 185 2457 erat
208 2445 250 2448 —
275 2433 369 2459 esset.
395 2429 430 2458 In
457 2430 601 2459 ordinem
625 2431 735 2469 redegi
762 2435 793 2460 et
818 2431 896 2460 auxi
923 2439 980 2468 ope
1005 2430 1125 2460 codicis
1151 2440 1177 2471 γ.
1203 2449 1245 2451 -
1271 2431 1344 2460 Nisi
1389 2449 1410 2452 α
1438 2432 1591 2461 uenderet
1615 2441 1641 2473 γ.
1673 2432 1741 2462 rell.
1776 2442 1836 2461 0111.
1890 2432 1945 2471 13)

117 2485 240 2514 animae
263 2494 288 2526 γ.
316 2486 385 2515 rell.
413 2486 518 2516 animi.
570 2487 626 2525 16)
653 2488 729 2525 quia
755 2497 814 2517 om.
839 2497 865 2529 γ.
918 2487 973 2526 17)
1000 2496 1109 2516 seruus
1136 2492 1245 2525 postea
1269 2498 1295 2529 γ.
1323 2489 1392 2517 rell.
1420 2493 1531 2526 postea
1557 2498 1679 2518 seruus.
1706 2489 1812 2519 Schol.
1839 2489 1946 2528 litiyio-

116 2549 165 2570 sus
190 2558 229 2562 —
256 2543 394 2572 sanitate
419 2553 446 2585 γ.
472 2544 542 2573 rell.
569 2553 628 2575 om.
695 2543 750 2582 18)
778 2544 820 2573 ad
837 2552 985 2582 praesens
1010 2552 1053 2572 sc.
1080 2546 1217 2581 tempus,
1255 2548 1289 2573 ut
1316 2544 1403 2574 Suet.
1432 2545 1498 2575 Tit.
1525 2546 1554 2574 6.
1581 2545 1682 2574 Tacit.
1709 2545 1749 2574 Η.
1776 2546 1799 2581 Ι,
1826 2546 1878 2574 44.
1904 2546 1946 2577 A.

116 2596 169 2634 IV,
196 2598 248 2627 31.
276 2599 328 2628 40.
372 2599 454 2628 Plin.
480 2599 613 2637 XXXII,
641 2601 668 2630 9.
706 2600 810 2630 Schol.
838 2600 1024 2630 mutilatum
1049 2600 1189 2629 uidetur.
1256 2602 1310 2640 19)
1336 2602 1494 2639 litigiosos
1519 2602 1662 2632 dominos
1687 2610 1713 2642 γ.
1739 2619 1782 2622 ᾖ
1808 2603 1947 2631 sanitate

117 2657 228 2692 captus
254 2655 275 2684 i.
303 2664 327 2684 e.
355 2656 497 2685 sanitate
523 2656 658 2694 (mentis
683 2657 734 2686 uel
760 2658 876 2696 animi)
914 2666 1033 2686 uacans
1066 2656 1131 2686 Cic.
1158 2657 1252 2686 Tusc.
1278 2658 1335 2695 III,
1363 2659 1392 2688 5.
1431 2657 1512 2688 conf.
1539 2659 1656 2688 reuerti
1694 2659 1734 2687 ad
1773 2658 1946 2688 sanitatem

117 2708 206 2739 Caes.
232 2710 267 2739 B.
284 2710 321 2740 G.
348 2712 372 2748 Ι,
398 2713 451 2741 42.
479 2713 582 2742 redire
608 2713 648 2742 ad
675 2723 741 2743 san.
767 2713 832 2743 Cic.
859 2714 899 2743 ad
924 2714 1000 2743 Diu.
1027 2712 1099 2749 XII,
1130 2714 1180 2742 10.
1207 2714 1290 2744 conf.
1318 2718 1429 2752 captus
1456 2715 1639 2752 luminibus,
1665 2715 1776 2751 oculis,
1804 2715 1947 2751 auribus,

118 2767 263 2796 omnibus
290 2769 452 2805 membris,
479 2774 606 2807 pectore
632 2773 712 2807 toto⁷
752 2774 870 2806 mente,
907 2771 1024 2800 animo.
1051 2770 1120 2799 Hoc
1144 2778 1171 2810 γ.
1199 2771 1265 2799 rell.
1293 2780 1352 2800 om.
1382 2771 1459 2799 dicit
1487 2781 1547 2800 om.
1574 2768 1694 2810 (G·?)Q.
1759 2771 1816 2809 21)
1841 2780 1948 2801 mene-

117 2831 223 2852 norum
248 2833 274 2864 γ.
301 2825 369 2854 rell.
396 2825 626 2855 Meneut'orum.
654 2826 752 2856 schol.
781 2836 842 2856 om.
869 2837 952 2856 iuva.
1017 2827 1075 2865 22)
1101 2827 1232 2856 insanos
1258 2837 1282 2868 γ.
1309 2828 1379 2856 rell.
1408 2837 1468 2856 om.
1498 2825 1689 2865 Chrysippus.
1718 2825 1784 2856 Sto.
1811 2836 1894 2866 mag.
1920 2837 1946 2869 γ.

119 2879 186 2908 rell.
212 2890 272 2911 om.
323 2882 380 2921 23)
407 2892 609 2912 melienorum
634 2892 661 2923 γ,
688 2887 721 2911 ut
748 2893 854 2921 supra.
880 2883 1061 2913 maenenius
1086 2887 1116 2912 et
1142 2883 1321 2912 maenem'os
1346 2883 1462 2920 Porph.
1482 2883 1558 2922 (M).
1586 2883 1728 2921 Utraque
1754 2883 1855 2913 forma
1881 2884 1948 2913 Me-

121 2944 216 2965 nenus
239 2942 271 2966 et
296 2937 458 2967 Menenius
477 2938 625 2969 Ciceroni
643 2939 959 2978 (Verr.111,21‚43)
979 2940 1110 2976 usitata,
1138 2940 1216 2969 haec
1241 2944 1349 2969 tamen
1374 2939 1588 2977 frequentius.
1616 2939 1780 2968 Menenius
1804 2939 1949 2978 Agrippa

121 2989 190 3021 Liu.
222 2994 269 3022 16.
297 2995 348 3023 32.
386 2995 491 3025 tribus
516 2995 664 3025 Menenia
689 2995 755 3025 Cic.
784 2996 823 3024 ad
848 2996 928 3025 Diu.
952 2996 1042 3033 XIII,
1071 2998 1100 3026 9.
1138 2997 1307 3034 inscriptio
1343 3005 1392 3033 ap.
1431 2994 1558 3026 Gruter.
1586 2996 1661 3024 409.
1689 2997 1718 3024 8.
1744 2990 1840 3026 Μεναὶ
1866 2996 1948 3025 Ptol.

123 3041 267 3079 Mem-102
292 3050 389 3079 Diod.
417 3050 479 3080 Sic.
507 3051 653 3082 Exstant
681 3056 711 3081 et
739 3052 821 3081 aliae
847 3052 977 3089 formae,
1003 3056 1038 3082 ut
1051 3052 1217 3081 Menam'm'
1241 3052 1324 3081 Plin.
1344 3052 1400 3088 ΙΙΙ,
1421 3053 1437 3080 8
1466 3056 1496 3080 et
1520 3051 1644 3080 Memmi
1667 3050 1740 3089 (Sil.
1755 3052 1947 3092 X1V.266)‚

123 3112 200 3141 quae
225 3106 321 3136 lectio
347 3112 456 3137 tamen
491 3109 588 3138 dubia
623 3112 682 3138 est.
746 3109 804 3148 24>
832 3108 1009 3147 appellabat
1032 3119 1058 3150 γ.
1085 3110 1153 3138 rell.
1179 3108 1358 3147 appellauit.
1416 3108 1473 3147 25)
1498 3107 1625 3137 menom'
1648 3117 1675 3149 γ.
1708 3107 1825 3138 Totum
1850 3109 1947 3139 schol.

123 3168 190 3190 unc.
217 3162 291 3192 incl.
319 3162 346 3198 Q
372 3163 446 3201 (om.
474 3163 552 3203 G?).
579 3174 640 3194 oni.
668 3174 750 3194 ulva.

1973 957 2013 988 10
