<?xml version="1.0" encoding="UTF-8"?>
<!DOCTYPE html PUBLIC "-//W3C//DTD XHTML 1.0 Transitional//EN"
    "http://www.w3.org/TR/xhtml1/DTD/xhtml1-transitional.dtd">
<html xmlns="http://www.w3.org/1999/xhtml" xml:lang="en" lang="en">
 <head>
  <title>
</title>
<meta http-equiv="Content-Type" content="text/html;charset=utf-8" />
  <meta name='ocr-system' content='tesseract 3.04.00' />
  <meta name='ocr-capabilities' content='ocr_page ocr_carea ocr_par ocr_line ocrx_word'/>
</head>
<body>
  <div class='ocr_page' id='page_1' title='image "acronisetporphyr02pseuuoft_0113.png"; bbox 0 0 2148 3412; ppageno 0'>
   <div class='ocr_carea' id='block_1_1' title="bbox 817 123 1891 169">
    <p class='ocr_par' dir='ltr' id='par_1_1' title="bbox 817 123 1891 169">
     <span class='ocr_line' id='line_1_1' title="bbox 817 123 1891 169; baseline 0.006 -9"><span class='ocrx_word' id='word_1_1' title='bbox 817 127 867 160; x_wconf 86' lang='lat' dir='ltr'>IN</span> <span class='ocrx_word' id='word_1_2' title='bbox 893 127 1027 162; x_wconf 81' lang='lat' dir='ltr'>SERM.</span> <span class='ocrx_word' id='word_1_3' title='bbox 1053 129 1081 169; x_wconf 90' lang='lat'>1,</span> <span class='ocrx_word' id='word_1_4' title='bbox 1108 132 1137 162; x_wconf 76' lang='lat'>⁶.</span> <span class='ocrx_word' id='word_1_5' title='bbox 1811 123 1891 166; x_wconf 87' lang='lat'>105</span> 
     </span>
    </p>
   </div>
   <div class='ocr_carea' id='block_1_2' title="bbox 23 247 1892 819">
    <p class='ocr_par' dir='ltr' id='par_1_2' title="bbox 23 247 1892 536">
     <span class='ocr_line' id='line_1_2' title="bbox 68 247 1892 310; baseline 0.005 -21"><span class='ocrx_word' id='word_1_6' title='bbox 68 247 223 296; x_wconf 88' lang='lat' dir='ltr'>dicunt,</span> <span class='ocrx_word' id='word_1_7' title='bbox 254 247 354 289; x_wconf 88' lang='lat' dir='ltr'>deos</span> <span class='ocrx_word' id='word_1_8' title='bbox 385 262 512 304; x_wconf 84' lang='lat' dir='ltr'>agere</span> <span class='ocrx_word' id='word_1_9' title='bbox 543 249 729 291; x_wconf 89' lang='lat' dir='ltr'>seculum</span> <span class='ocrx_word' id='word_1_10' title='bbox 760 250 849 291; x_wconf 89' lang='lat' dir='ltr'>sine</span> <span class='ocrx_word' id='word_1_11' title='bbox 881 251 999 307; x_wconf 84' lang='lat' dir='ltr'>cura]</span> <span class='ocrx_word' id='word_1_12' title='bbox 1031 258 1076 293; x_wconf 88' lang='lat' dir='ltr'>ut</span> <span class='ocrx_word' id='word_1_13' title='bbox 1105 251 1238 294; x_wconf 88' lang='lat' dir='ltr'>Poeta</span> <span class='ocrx_word' id='word_1_14' title='bbox 1270 254 1406 310; x_wconf 63' lang='lat' dir='ltr'>(Ver-9.</span> <span class='ocrx_word' id='word_1_15' title='bbox 1438 254 1488 296; x_wconf 93' lang='lat' dir='ltr'>B.</span> <span class='ocrx_word' id='word_1_16' title='bbox 1520 254 1645 306; x_wconf 86' lang='lat' dir='ltr'>VIII,</span> <span class='ocrx_word' id='word_1_17' title='bbox 1678 256 1775 309; x_wconf 84' lang='lat'>35):</span> <span class='ocrx_word' id='word_1_18' title='bbox 1808 258 1892 299; x_wconf 85' lang='lat' dir='ltr'>Nee</span> 
     </span>
     <span class='ocr_line' id='line_1_3' title="bbox 69 322 1892 384; baseline 0.005 -21"><span class='ocrx_word' id='word_1_19' title='bbox 69 335 215 363; x_wconf 79' lang='lat' dir='ltr'>curare</span> <span class='ocrx_word' id='word_1_20' title='bbox 262 322 378 363; x_wconf 84' lang='lat' dir='ltr'>deum</span> <span class='ocrx_word' id='word_1_21' title='bbox 415 323 544 364; x_wconf 81' lang='lat' dir='ltr'>eredis</span> <span class='ocrx_word' id='word_1_22' title='bbox 588 324 778 365; x_wconf 68' lang='lat' dir='ltr'>mortalia</span> <span class='ocrx_word' id='word_1_23' title='bbox 823 338 1069 380; x_wconf 76' lang='lat' dir='ltr'><em>quemquam.</em></span> <span class='ocrx_word' id='word_1_24' title='bbox 1147 325 1391 381; x_wconf 89' lang='lat' dir='ltr'>[Lucretius</span> <span class='ocrx_word' id='word_1_25' title='bbox 1422 329 1474 370; x_wconf 90' lang='lat' dir='ltr'>de</span> <span class='ocrx_word' id='word_1_26' title='bbox 1504 328 1600 370; x_wconf 90' lang='lat' dir='ltr'>Deo</span> <span class='ocrx_word' id='word_1_27' title='bbox 1633 328 1674 382; x_wconf 87' lang='lat' dir='ltr'>(l.</span> <span class='ocrx_word' id='word_1_28' title='bbox 1705 329 1773 384; x_wconf 86' lang='lat' dir='ltr'>l.):</span> <span class='ocrx_word' id='word_1_29' title='bbox 1811 331 1892 373; x_wconf 84' lang='lat' dir='ltr'>Nee</span> 
     </span>
     <span class='ocr_line' id='line_1_4' title="bbox 67 395 1890 455; baseline 0.005 -20"><span class='ocrx_word' id='word_1_30' title='bbox 67 395 158 436; x_wconf 80' lang='lat' dir='ltr'>bene</span> <span class='ocrx_word' id='word_1_31' title='bbox 180 408 262 449; x_wconf 77' lang='lat' dir='ltr'>pro</span> <span class='ocrx_word' id='word_1_32' title='bbox 292 396 444 437; x_wconf 74' lang='lat' dir='ltr'>meritis</span> <span class='ocrx_word' id='word_1_33' title='bbox 475 398 634 452; x_wconf 69' lang='lat' dir='ltr'>cupitur</span> <span class='ocrx_word' id='word_1_34' title='bbox 654 412 724 439; x_wconf 78' lang='lat' dir='ltr'>nee</span> <span class='ocrx_word' id='word_1_35' title='bbox 747 399 924 452; x_wconf 73' lang='lat' dir='ltr'>tanqitur</span> <span class='ocrx_word' id='word_1_36' title='bbox 944 397 1041 454; x_wconf 89' lang='lat' dir='ltr'>ira.]</span> <span class='ocrx_word' id='word_1_37' title='bbox 1102 397 1213 440; x_wconf 86' lang='lat' dir='ltr'>Nam</span> <span class='ocrx_word' id='word_1_38' title='bbox 1242 399 1480 455; x_wconf 86' lang='lat' dir='ltr'>Epicureus</span> <span class='ocrx_word' id='word_1_39' title='bbox 1510 410 1618 444; x_wconf 86' lang='lat' dir='ltr'>erat:</span> <span class='ocrx_word' id='word_1_40' title='bbox 1654 402 1749 445; x_wconf 90' lang='lat' dir='ltr'>ideo</span> <span class='ocrx_word' id='word_1_41' title='bbox 1772 403 1890 455; x_wconf 81' lang='lat' dir='ltr'><strong>dixit,</strong></span> 
     </span>
     <span class='ocr_line' id='line_1_5' title="bbox 23 467 692 536; baseline 0.004 -28"><span class='ocrx_word' id='word_1_42' title='bbox 23 484 27 536; x_wconf 55' lang='lat' dir='ltr'>i</span> <span class='ocrx_word' id='word_1_43' title='bbox 66 467 165 509; x_wconf 87' lang='lat' dir='ltr'>deos</span> <span class='ocrx_word' id='word_1_44' title='bbox 195 481 278 508; x_wconf 90' lang='lat' dir='ltr'>non</span> <span class='ocrx_word' id='word_1_45' title='bbox 309 482 456 510; x_wconf 84' lang='lat' dir='ltr'>curare</span> <span class='ocrx_word' id='word_1_46' title='bbox 487 469 692 511; x_wconf 84' lang='lat' dir='ltr'>mortalia.</span> 
     </span>
    </p>

    <p class='ocr_par' dir='ltr' id='par_1_3' title="bbox 23 540 1892 819">
     <span class='ocr_line' id='line_1_6' title="bbox 176 540 1326 601; baseline 0.007 -20"><span class='ocrx_word' id='word_1_47' title='bbox 176 542 267 582; x_wconf 85' lang='lat'>103.</span> <span class='ocrx_word' id='word_1_48' title='bbox 304 542 456 583; x_wconf 70' lang='lat' dir='ltr'>Tristis.</span> <span class='ocrx_word' id='word_1_49' title='bbox 517 540 731 598; x_wconf 70' lang='lat' dir='ltr'>[seueros.</span> <span class='ocrx_word' id='word_1_50' title='bbox 763 543 806 584; x_wconf 94' lang='lat' dir='ltr'>in</span> <span class='ocrx_word' id='word_1_51' title='bbox 838 544 1081 601; x_wconf 88' lang='lat' dir='ltr'>scrutando]</span> <span class='ocrx_word' id='word_1_52' title='bbox 1114 546 1326 589; x_wconf 88' lang='lat' dir='ltr'>sollicitos.</span> 
     </span>
     <span class='ocr_line' id='line_1_7' title="bbox 23 615 1892 680; baseline 0.006 -25"><span class='ocrx_word' id='word_1_53' title='bbox 23 670 25 678; x_wconf 41' lang='grc' dir='ltr'>Ι</span> <span class='ocrx_word' id='word_1_54' title='bbox 175 630 224 656; x_wconf 76' lang='lat' dir='ltr'>eoe</span> <span class='ocrx_word' id='word_1_55' title='bbox 253 615 332 657; x_wconf 83' lang='lat' dir='ltr'>alto</span> <span class='ocrx_word' id='word_1_56' title='bbox 369 616 480 657; x_wconf 70' lang='lat' dir='ltr'>Caeli</span> <span class='ocrx_word' id='word_1_57' title='bbox 505 617 602 658; x_wconf 84' lang='lat' dir='ltr'>dem.</span> <span class='ocrx_word' id='word_1_58' title='bbox 635 626 745 659; x_wconf 82' lang='lat' dir='ltr'>tecto.</span> <span class='ocrx_word' id='word_1_59' title='bbox 806 619 979 660; x_wconf 82' lang='lat' dir='ltr'>Plautus</span> <span class='ocrx_word' id='word_1_60' title='bbox 1010 618 1053 659; x_wconf 91' lang='lat' dir='ltr'>in</span> <span class='ocrx_word' id='word_1_61' title='bbox 1074 617 1288 675; x_wconf 83' lang='lat' dir='ltr'><strong>Amphitr.</strong></span> <span class='ocrx_word' id='word_1_62' title='bbox 1321 620 1421 676; x_wconf 81' lang='lat' dir='ltr'><strong>(HI,</strong></span> <span class='ocrx_word' id='word_1_63' title='bbox 1446 623 1482 673; x_wconf 91' lang='lat'>1,</span> <span class='ocrx_word' id='word_1_64' title='bbox 1505 623 1570 678; x_wconf 87' lang='lat'>3):</span> <span class='ocrx_word' id='word_1_65' title='bbox 1607 624 1657 665; x_wconf 81' lang='grc' dir='ltr'>Ιη</span> <span class='ocrx_word' id='word_1_66' title='bbox 1687 626 1892 680; x_wconf 74' lang='lat' dir='ltr'><em>superiore</em></span> 
     </span>
     <span class='ocr_line' id='line_1_8' title="bbox 23 688 1203 744; baseline 0.006 -15"><span class='ocrx_word' id='word_1_67' title='bbox 23 709 26 738; x_wconf 73' lang='lat'><em>3</em></span> <span class='ocrx_word' id='word_1_68' title='bbox 63 689 132 744; x_wconf 76' lang='lat' dir='ltr'>qui</span> <span class='ocrx_word' id='word_1_69' title='bbox 156 688 284 730; x_wconf 69' lang='lat' dir='ltr'>habito</span> <span class='ocrx_word' id='word_1_70' title='bbox 317 691 547 732; x_wconf 77' lang='lat' dir='ltr'>caenaculo.</span> <span class='ocrx_word' id='word_1_71' title='bbox 607 689 717 732; x_wconf 87' lang='lat' dir='ltr'>Sunt</span> <span class='ocrx_word' id='word_1_72' title='bbox 746 698 885 733; x_wconf 87' lang='lat' dir='ltr'>autem</span> <span class='ocrx_word' id='word_1_73' title='bbox 915 693 1046 734; x_wconf 85' lang='lat' dir='ltr'>uerba</span> <span class='ocrx_word' id='word_1_74' title='bbox 1075 692 1203 736; x_wconf 88' lang='lat' dir='ltr'>Iouis.</span> 
     </span>
     <span class='ocr_line' id='line_1_9' title="bbox 23 747 980 819; baseline 0.005 -18"><span class='ocrx_word' id='word_1_75' title='bbox 23 747 25 751; x_wconf 25' lang='lat'><strong>¹</strong></span> <span class='ocrx_word' id='word_1_76' title='bbox 174 762 266 803; x_wconf 82' lang='lat'>104.</span> <span class='ocrx_word' id='word_1_77' title='bbox 299 763 550 819; x_wconf 76' lang='lat' dir='ltr'><em>chartaeque.</em></span> <span class='ocrx_word' id='word_1_78' title='bbox 608 763 735 806; x_wconf 87' lang='lat' dir='ltr'>Istius</span> <span class='ocrx_word' id='word_1_79' title='bbox 765 765 980 808; x_wconf 89' lang='lat' dir='ltr'>sermonis.</span> 
     </span>
    </p>
   </div>
   <div class='ocr_carea' id='block_1_3' title="bbox 26 836 1888 952">
    <p class='ocr_par' dir='ltr' id='par_1_4' title="bbox 26 836 1888 952">
     <span class='ocr_line' id='line_1_10' title="bbox 175 836 1888 895; baseline 0.006 -19"><span class='ocrx_word' id='word_1_80' title='bbox 175 836 366 878; x_wconf 72' lang='lat' dir='ltr'>Brzmdz&#39;s.</span> <span class='ocrx_word' id='word_1_81' title='bbox 397 838 538 893; x_wconf 74' lang='lat' dir='ltr'>louyae</span> <span class='ocrx_word' id='word_1_82' title='bbox 563 838 655 893; x_wconf 74' lang='lat' dir='ltr'>finis</span> <span class='ocrx_word' id='word_1_83' title='bbox 678 839 804 881; x_wconf 76' lang='lat' dir='ltr'>chart.</span> <span class='ocrx_word' id='word_1_84' title='bbox 825 841 991 895; x_wconf 79' lang='lat' dir='ltr'>uiaeque</span> <span class='ocrx_word' id='word_1_85' title='bbox 1013 848 1080 882; x_wconf 83' lang='lat' dir='ltr'>est.</span> <span class='ocrx_word' id='word_1_86' title='bbox 1140 839 1191 881; x_wconf 87' lang='lat' dir='ltr'>Id</span> <span class='ocrx_word' id='word_1_87' title='bbox 1222 847 1303 882; x_wconf 87' lang='lat' dir='ltr'>est:</span> <span class='ocrx_word' id='word_1_88' title='bbox 1336 842 1535 885; x_wconf 83' lang='lat' dir='ltr'>carminis</span> <span class='ocrx_word' id='word_1_89' title='bbox 1564 844 1661 895; x_wconf 88' lang='lat' dir='ltr'>mei,</span> <span class='ocrx_word' id='word_1_90' title='bbox 1693 850 1734 886; x_wconf 90' lang='lat' dir='ltr'>et</span> <span class='ocrx_word' id='word_1_91' title='bbox 1762 845 1888 886; x_wconf 88' lang='lat' dir='ltr'>finem</span> 
     </span>
     <span class='ocr_line' id='line_1_11' title="bbox 26 901 601 952; baseline 0.002 -1"><span class='ocrx_word' id='word_1_92' title='bbox 26 901 27 905; x_wconf 27' lang='lat'>¹</span> <span class='ocrx_word' id='word_1_93' title='bbox 61 908 155 951; x_wconf 88' lang='lat' dir='ltr'>uiae</span> <span class='ocrx_word' id='word_1_94' title='bbox 184 908 283 951; x_wconf 85' lang='lat' dir='ltr'>fecit</span> <span class='ocrx_word' id='word_1_95' title='bbox 312 908 601 952; x_wconf 84' lang='lat' dir='ltr'>Brundisium.</span> 
     </span>
    </p>
   </div>
   <div class='ocr_carea' id='block_1_4' title="bbox 23 853 1152 1160">
    <p class='ocr_par' dir='ltr' id='par_1_5' title="bbox 23 853 1152 1160">
     <span class='ocr_line' id='line_1_12' title="bbox 23 853 27 898; baseline 0 0"><span class='ocrx_word' id='word_1_96' title='bbox 23 853 27 898; x_wconf 78' lang='grc' dir='ltr'>Ι</span> 
     </span>
     <span class='ocr_line' id='line_1_13' title="bbox 23 991 1152 1160; baseline 0.004 -77"><span class='ocrx_word' id='word_1_97' title='bbox 23 991 27 1160; x_wconf 65' lang='grc' dir='ltr'><strong>ι</strong></span> <span class='ocrx_word' id='word_1_98' title='bbox 789 1041 1152 1087; x_wconf 84' lang='lat' dir='ltr'>PORPHYRION.</span> 
     </span>
    </p>
   </div>
   <div class='ocr_carea' id='block_1_5' title="bbox 22 1130 1889 1632">
    <p class='ocr_par' dir='ltr' id='par_1_6' title="bbox 23 1130 1889 1402">
     <span class='ocr_line' id='line_1_14' title="bbox 173 1130 1888 1188; baseline 0.006 -18"><span class='ocrx_word' id='word_1_99' title='bbox 173 1131 207 1170; x_wconf 93' lang='lat'>1.</span> <span class='ocrx_word' id='word_1_100' title='bbox 242 1130 470 1184; x_wconf 76' lang='lat' dir='ltr'>Eqressum.</span> <span class='ocrx_word' id='word_1_101' title='bbox 500 1145 578 1172; x_wconf 81' lang='lat' dir='ltr'>ma.</span> <span class='ocrx_word' id='word_1_102' title='bbox 609 1146 669 1172; x_wconf 84' lang='lat' dir='ltr'>me</span> <span class='ocrx_word' id='word_1_103' title='bbox 698 1134 854 1188; x_wconf 74' lang='lat' dir='ltr'>eoecepz&#39;t</span> <span class='ocrx_word' id='word_1_104' title='bbox 886 1135 1022 1175; x_wconf 76' lang='lat' dir='ltr'>Aricia</span> <span class='ocrx_word' id='word_1_105' title='bbox 1037 1135 1179 1176; x_wconf 81' lang='lat' dir='ltr'>Roma.</span> <span class='ocrx_word' id='word_1_106' title='bbox 1238 1133 1408 1177; x_wconf 91' lang='lat' dir='ltr'>Lucilio</span> <span class='ocrx_word' id='word_1_107' title='bbox 1439 1136 1544 1178; x_wconf 84' lang='lat' dir='ltr'>haec</span> <span class='ocrx_word' id='word_1_108' title='bbox 1575 1138 1703 1178; x_wconf 82' lang='lat' dir='ltr'>satira</span> <span class='ocrx_word' id='word_1_109' title='bbox 1733 1152 1888 1180; x_wconf 86' lang='lat' dir='ltr'>aemu—</span> 
     </span>
     <span class='ocr_line' id='line_1_15' title="bbox 58 1202 1889 1267; baseline 0.005 -24"><span class='ocrx_word' id='word_1_110' title='bbox 58 1202 166 1244; x_wconf 80' lang='lat' dir='ltr'><strong>latur</strong></span> <span class='ocrx_word' id='word_1_111' title='bbox 195 1202 399 1245; x_wconf 80' lang='lat' dir='ltr'>Horatius</span> <span class='ocrx_word' id='word_1_112' title='bbox 429 1204 508 1245; x_wconf 87' lang='lat' dir='ltr'>iter</span> <span class='ocrx_word' id='word_1_113' title='bbox 538 1219 658 1246; x_wconf 91' lang='lat' dir='ltr'>suum</span> <span class='ocrx_word' id='word_1_114' title='bbox 688 1220 713 1246; x_wconf 86' lang='lat' dir='ltr'>a</span> <span class='ocrx_word' id='word_1_115' title='bbox 742 1204 879 1247; x_wconf 84' lang='lat' dir='ltr'>Roma</span> <span class='ocrx_word' id='word_1_116' title='bbox 908 1205 1185 1249; x_wconf 81' lang='lat' dir='ltr'>Brundisium</span> <span class='ocrx_word' id='word_1_117' title='bbox 1214 1223 1346 1263; x_wconf 84' lang='lat' dir='ltr'>usque</span> <span class='ocrx_word' id='word_1_118' title='bbox 1393 1209 1649 1261; x_wconf 80' lang='lat' dir='ltr'>describens,</span> <span class='ocrx_word' id='word_1_119' title='bbox 1696 1212 1808 1267; x_wconf 90' lang='lat' dir='ltr'>quod</span> <span class='ocrx_word' id='word_1_120' title='bbox 1849 1219 1889 1253; x_wconf 85' lang='lat' dir='ltr'>et</span> 
     </span>
     <span class='ocr_line' id='line_1_16' title="bbox 23 1276 1886 1366; baseline 0.005 -49"><span class='ocrx_word' id='word_1_121' title='bbox 23 1282 27 1366; x_wconf 63' lang='grc'><strong>,</strong></span> <span class='ocrx_word' id='word_1_122' title='bbox 58 1277 128 1318; x_wconf 92' lang='lat' dir='ltr'>ille</span> <span class='ocrx_word' id='word_1_123' title='bbox 157 1276 201 1318; x_wconf 90' lang='lat' dir='ltr'>in</span> <span class='ocrx_word' id='word_1_124' title='bbox 230 1277 351 1319; x_wconf 85' lang='lat' dir='ltr'>tertio</span> <span class='ocrx_word' id='word_1_125' title='bbox 381 1276 491 1319; x_wconf 89' lang='lat' dir='ltr'>libro</span> <span class='ocrx_word' id='word_1_126' title='bbox 520 1277 638 1328; x_wconf 81' lang='lat' dir='ltr'>fecit3</span> <span class='ocrx_word' id='word_1_127' title='bbox 683 1279 819 1334; x_wconf 88' lang='lat' dir='ltr'>primo</span> <span class='ocrx_word' id='word_1_128' title='bbox 850 1295 875 1321; x_wconf 90' lang='lat' dir='ltr'>a</span> <span class='ocrx_word' id='word_1_129' title='bbox 909 1280 1047 1322; x_wconf 84' lang='lat' dir='ltr'>Roma</span> <span class='ocrx_word' id='word_1_130' title='bbox 1092 1280 1286 1338; x_wconf 82' lang='lat' dir='ltr'>Capuam</span> <span class='ocrx_word' id='word_1_131' title='bbox 1330 1298 1462 1338; x_wconf 88' lang='lat' dir='ltr'>usque</span> <span class='ocrx_word' id='word_1_132' title='bbox 1508 1290 1549 1325; x_wconf 88' lang='lat' dir='ltr'>et</span> <span class='ocrx_word' id='word_1_133' title='bbox 1592 1284 1690 1326; x_wconf 89' lang='lat' dir='ltr'>inde</span> <span class='ocrx_word' id='word_1_134' title='bbox 1734 1286 1886 1327; x_wconf 86' lang='lat' dir='ltr'>fretum</span> 
     </span>
     <span class='ocr_line' id='line_1_17' title="bbox 23 1350 294 1402; baseline -0.004 -9"><span class='ocrx_word' id='word_1_135' title='bbox 23 1372 27 1402; x_wconf 68' lang='grc' dir='ltr'>ι</span> <span class='ocrx_word' id='word_1_136' title='bbox 61 1350 294 1393; x_wconf 81' lang='lat' dir='ltr'>Siciliense.</span> 
     </span>
    </p>

    <p class='ocr_par' dir='ltr' id='par_1_7' title="bbox 22 1408 1887 1632">
     <span class='ocr_line' id='line_1_18' title="bbox 23 1408 1886 1490; baseline 0.005 -25"><span class='ocrx_word' id='word_1_137' title='bbox 23 1408 27 1490; x_wconf 55' lang='grc' dir='ltr'>Ι</span> <span class='ocrx_word' id='word_1_138' title='bbox 167 1426 206 1466; x_wconf 88' lang='grc'>4.</span> <span class='ocrx_word' id='word_1_139' title='bbox 239 1425 442 1482; x_wconf 76' lang='lat' dir='ltr'>differtum</span> <span class='ocrx_word' id='word_1_140' title='bbox 471 1427 606 1468; x_wconf 74' lang='lat' dir='ltr'>nautis</span> <span class='ocrx_word' id='word_1_141' title='bbox 637 1432 675 1467; x_wconf 86' lang='lat' dir='ltr'>et</span> <span class='ocrx_word' id='word_1_142' title='bbox 706 1426 878 1482; x_wconf 85' lang='lat' dir='ltr'>reliqua.</span> <span class='ocrx_word' id='word_1_143' title='bbox 957 1426 1209 1470; x_wconf 83' lang='lat' dir='ltr'>Peruenisse</span> <span class='ocrx_word' id='word_1_144' title='bbox 1243 1429 1324 1486; x_wconf 89' lang='lat' dir='ltr'>[se]</span> <span class='ocrx_word' id='word_1_145' title='bbox 1357 1429 1517 1472; x_wconf 86' lang='lat' dir='ltr'>Forum</span> <span class='ocrx_word' id='word_1_146' title='bbox 1547 1430 1685 1487; x_wconf 89' lang='lat' dir='ltr'>Appii</span> <span class='ocrx_word' id='word_1_147' title='bbox 1714 1432 1886 1484; x_wconf 83' lang='lat' dir='ltr'>indicat,</span> 
     </span>
     <span class='ocr_line' id='line_1_19' title="bbox 23 1497 1887 1561; baseline 0.004 -21"><span class='ocrx_word' id='word_1_148' title='bbox 23 1503 27 1546; x_wconf 75' lang='grc' dir='ltr'>ξ</span> <span class='ocrx_word' id='word_1_149' title='bbox 57 1497 129 1541; x_wconf 89' lang='lat' dir='ltr'>ubi</span> <span class='ocrx_word' id='word_1_150' title='bbox 162 1498 285 1540; x_wconf 85' lang='lat' dir='ltr'>turba</span> <span class='ocrx_word' id='word_1_151' title='bbox 328 1505 436 1541; x_wconf 85' lang='lat' dir='ltr'>esset</span> <span class='ocrx_word' id='word_1_152' title='bbox 478 1506 712 1550; x_wconf 79' lang='lat' dir='ltr'>nautarum,</span> <span class='ocrx_word' id='word_1_153' title='bbox 761 1500 832 1555; x_wconf 89' lang='lat' dir='ltr'>qui</span> <span class='ocrx_word' id='word_1_154' title='bbox 867 1500 911 1541; x_wconf 93' lang='lat' dir='ltr'>in</span> <span class='ocrx_word' id='word_1_155' title='bbox 940 1500 1180 1557; x_wconf 82' lang='lat' dir='ltr'>Pomptinis</span> <span class='ocrx_word' id='word_1_156' title='bbox 1210 1503 1436 1557; x_wconf 85' lang='lat' dir='ltr'>paludibus</span> <span class='ocrx_word' id='word_1_157' title='bbox 1466 1505 1740 1561; x_wconf 65' lang='lat' dir='ltr'>nafflgabant,</span> <span class='ocrx_word' id='word_1_158' title='bbox 1786 1506 1887 1548; x_wconf 87' lang='lat' dir='ltr'>item</span> 
     </span>
     <span class='ocr_line' id='line_1_20' title="bbox 22 1551 1887 1632; baseline 0.004 -18"><span class='ocrx_word' id='word_1_159' title='bbox 22 1551 27 1632; x_wconf 62' lang='grc' dir='ltr'>ἰ</span> <span class='ocrx_word' id='word_1_160' title='bbox 58 1587 293 1629; x_wconf 87' lang='lat' dir='ltr'>cauponum</span> <span class='ocrx_word' id='word_1_161' title='bbox 323 1572 382 1615; x_wconf 91' lang='lat' dir='ltr'>ibi</span> <span class='ocrx_word' id='word_1_162' title='bbox 412 1574 678 1615; x_wconf 84' lang='lat' dir='ltr'>morantium.</span> <span class='ocrx_word' id='word_1_163' title='bbox 737 1573 824 1616; x_wconf 87' lang='lat' dir='ltr'>Iter</span> <span class='ocrx_word' id='word_1_164' title='bbox 853 1581 992 1617; x_wconf 85' lang='lat' dir='ltr'>autem</span> <span class='ocrx_word' id='word_1_165' title='bbox 1022 1575 1127 1617; x_wconf 91' lang='lat' dir='ltr'>illud</span> <span class='ocrx_word' id='word_1_166' title='bbox 1157 1577 1489 1632; x_wconf 82' lang='lat' dir='ltr'>expeditioribus</span> <span class='ocrx_word' id='word_1_167' title='bbox 1517 1579 1642 1621; x_wconf 90' lang='lat' dir='ltr'>unius</span> <span class='ocrx_word' id='word_1_168' title='bbox 1682 1579 1767 1621; x_wconf 88' lang='lat' dir='ltr'>diei</span> <span class='ocrx_word' id='word_1_169' title='bbox 1798 1594 1887 1622; x_wconf 87' lang='lat' dir='ltr'>esse</span> 
     </span>
    </p>
   </div>
   <div class='ocr_carea' id='block_1_6' title="bbox 23 1637 870 1702">
    <p class='ocr_par' dir='ltr' id='par_1_8' title="bbox 23 1637 870 1702">
     <span class='ocr_line' id='line_1_21' title="bbox 23 1637 870 1702; baseline 0.001 -14"><span class='ocrx_word' id='word_1_170' title='bbox 23 1637 26 1669; x_wconf 62' lang='lat'>³</span> <span class='ocrx_word' id='word_1_171' title='bbox 57 1646 171 1698; x_wconf 87' lang='lat' dir='ltr'>dicit,</span> <span class='ocrx_word' id='word_1_172' title='bbox 209 1647 321 1702; x_wconf 89' lang='lat' dir='ltr'>quod</span> <span class='ocrx_word' id='word_1_173' title='bbox 350 1647 442 1702; x_wconf 89' lang='lat' dir='ltr'>ipse</span> <span class='ocrx_word' id='word_1_174' title='bbox 472 1646 601 1689; x_wconf 89' lang='lat' dir='ltr'>biduo</span> <span class='ocrx_word' id='word_1_175' title='bbox 631 1648 870 1690; x_wconf 86' lang='lat' dir='ltr'>confecerit.</span> 
     </span>
    </p>
   </div>
   <div class='ocr_carea' id='block_1_7' title="bbox 23 1164 27 1279">
    <p class='ocr_par' dir='ltr' id='par_1_9' title="bbox 23 1164 27 1279">
     <span class='ocr_line' id='line_1_22' title="bbox 23 1164 27 1279; baseline 0 0"><span class='ocrx_word' id='word_1_176' title='bbox 23 1164 27 1279; x_wconf 95' lang='lat' dir='ltr'> </span> 
     </span>
    </p>
   </div>
   <div class='ocr_carea' id='block_1_8' title="bbox 23 1692 1888 1993">
    <p class='ocr_par' dir='ltr' id='par_1_10' title="bbox 23 1692 1625 1784">
     <span class='ocr_line' id='line_1_23' title="bbox 23 1692 1625 1781; baseline 0.003 -19"><span class='ocrx_word' id='word_1_177' title='bbox 23 1692 27 1762; x_wconf 62' lang='lat' dir='ltr'>i</span> <span class='ocrx_word' id='word_1_178' title='bbox 169 1721 205 1763; x_wconf 87' lang='lat'>5.</span> <span class='ocrx_word' id='word_1_179' title='bbox 238 1722 275 1762; x_wconf 87' lang='grc'>6.</span> <span class='ocrx_word' id='word_1_180' title='bbox 307 1722 410 1763; x_wconf 68' lang='lat' dir='ltr'>alius</span> <span class='ocrx_word' id='word_1_181' title='bbox 441 1736 489 1763; x_wconf 83' lang='lat' dir='ltr'>ac</span> <span class='ocrx_word' id='word_1_182' title='bbox 517 1736 590 1763; x_wconf 77' lang='lat' dir='ltr'>nos</span> <span class='ocrx_word' id='word_1_183' title='bbox 613 1724 873 1778; x_wconf 67' lang='lat' dir='ltr'>praee-metis.</span> <span class='ocrx_word' id='word_1_184' title='bbox 933 1721 985 1763; x_wconf 90' lang='lat' dir='ltr'>Id</span> <span class='ocrx_word' id='word_1_185' title='bbox 1016 1729 1089 1773; x_wconf 86' lang='lat' dir='ltr'>est,</span> <span class='ocrx_word' id='word_1_186' title='bbox 1123 1724 1359 1779; x_wconf 83' lang='lat' dir='ltr'>expeditius</span> <span class='ocrx_word' id='word_1_187' title='bbox 1389 1731 1430 1766; x_wconf 89' lang='lat' dir='ltr'>et</span> <span class='ocrx_word' id='word_1_188' title='bbox 1459 1725 1625 1781; x_wconf 83' lang='lat' dir='ltr'>agilius.</span> 
     </span>
    </p>

    <p class='ocr_par' dir='ltr' id='par_1_11' title="bbox 23 1794 1888 1993">
     <span class='ocr_line' id='line_1_24' title="bbox 23 1794 1888 1856; baseline 0.004 -22"><span class='ocrx_word' id='word_1_189' title='bbox 23 1803 26 1852; x_wconf 69' lang='grc' dir='ltr'><strong>ῑ</strong></span> <span class='ocrx_word' id='word_1_190' title='bbox 169 1796 206 1835; x_wconf 88' lang='lat'>7.</span> <span class='ocrx_word' id='word_1_191' title='bbox 237 1794 299 1836; x_wconf 72' lang='lat' dir='ltr'>hic</span> <span class='ocrx_word' id='word_1_192' title='bbox 330 1810 360 1836; x_wconf 92' lang='lat' dir='ltr'>e.</span> <span class='ocrx_word' id='word_1_193' title='bbox 383 1810 426 1851; x_wconf 78' lang='lat' dir='ltr'>p.</span> <span class='ocrx_word' id='word_1_194' title='bbox 458 1810 494 1836; x_wconf 84' lang='lat' dir='ltr'>a.</span> <span class='ocrx_word' id='word_1_195' title='bbox 517 1804 552 1836; x_wconf 79' lang='lat' dir='ltr'>et</span> <span class='ocrx_word' id='word_1_196' title='bbox 571 1795 642 1836; x_wconf 83' lang='lat' dir='ltr'>rel.</span> <span class='ocrx_word' id='word_1_197' title='bbox 702 1794 844 1837; x_wconf 88' lang='lat' dir='ltr'>Hodie</span> <span class='ocrx_word' id='word_1_198' title='bbox 876 1810 1040 1851; x_wconf 90' lang='lat' dir='ltr'>quoque</span> <span class='ocrx_word' id='word_1_199' title='bbox 1074 1795 1156 1853; x_wconf 89' lang='lat' dir='ltr'>[in]</span> <span class='ocrx_word' id='word_1_200' title='bbox 1189 1796 1302 1839; x_wconf 86' lang='lat' dir='ltr'>Foro</span> <span class='ocrx_word' id='word_1_201' title='bbox 1333 1797 1470 1854; x_wconf 88' lang='lat' dir='ltr'>Appii</span> <span class='ocrx_word' id='word_1_202' title='bbox 1499 1799 1683 1841; x_wconf 87' lang='lat' dir='ltr'>uiatores</span> <span class='ocrx_word' id='word_1_203' title='bbox 1713 1806 1888 1856; x_wconf 87' lang='lat' dir='ltr'>propter</span> 
     </span>
     <span class='ocr_line' id='line_1_25' title="bbox 23 1867 1887 1929; baseline 0.004 -21"><span class='ocrx_word' id='word_1_204' title='bbox 23 1874 27 1904; x_wconf 75' lang='grc' dir='ltr'><strong>ἱ</strong></span> <span class='ocrx_word' id='word_1_205' title='bbox 57 1881 221 1923; x_wconf 86' lang='lat' dir='ltr'>aquam,</span> <span class='ocrx_word' id='word_1_206' title='bbox 267 1883 374 1923; x_wconf 85' lang='lat' dir='ltr'>quae</span> <span class='ocrx_word' id='word_1_207' title='bbox 405 1867 465 1910; x_wconf 92' lang='lat' dir='ltr'>ibi</span> <span class='ocrx_word' id='word_1_208' title='bbox 497 1868 723 1910; x_wconf 84' lang='lat' dir='ltr'>deterrima</span> <span class='ocrx_word' id='word_1_209' title='bbox 754 1876 828 1919; x_wconf 87' lang='lat' dir='ltr'>est,</span> <span class='ocrx_word' id='word_1_210' title='bbox 873 1884 1043 1911; x_wconf 88' lang='lat' dir='ltr'>manere</span> <span class='ocrx_word' id='word_1_211' title='bbox 1074 1870 1220 1911; x_wconf 88' lang='lat' dir='ltr'>uitant.</span> <span class='ocrx_word' id='word_1_212' title='bbox 1294 1870 1415 1913; x_wconf 81' lang='lat' dir='ltr'>Dicit</span> <span class='ocrx_word' id='word_1_213' title='bbox 1446 1886 1548 1929; x_wconf 84' lang='lat' dir='ltr'>ergo</span> <span class='ocrx_word' id='word_1_214' title='bbox 1579 1872 1796 1924; x_wconf 85' lang='lat' dir='ltr'>Horatius,</span> <span class='ocrx_word' id='word_1_215' title='bbox 1844 1888 1887 1915; x_wconf 87' lang='lat' dir='ltr'>se</span> 
     </span>
     <span class='ocr_line' id='line_1_26' title="bbox 57 1940 1228 1993; baseline 0.003 -10"><span class='ocrx_word' id='word_1_216' title='bbox 57 1940 117 1983; x_wconf 92' lang='lat' dir='ltr'>ibi</span> <span class='ocrx_word' id='word_1_217' title='bbox 147 1956 324 1984; x_wconf 85' lang='lat' dir='ltr'>caenare</span> <span class='ocrx_word' id='word_1_218' title='bbox 354 1942 550 1993; x_wconf 88' lang='lat' dir='ltr'>uoluisse,</span> <span class='ocrx_word' id='word_1_219' title='bbox 582 1956 635 1984; x_wconf 89' lang='lat' dir='ltr'>ne</span> <span class='ocrx_word' id='word_1_220' title='bbox 665 1957 835 1986; x_wconf 86' lang='lat' dir='ltr'>necesse</span> <span class='ocrx_word' id='word_1_221' title='bbox 865 1943 1040 1986; x_wconf 86' lang='lat' dir='ltr'>haberet</span> <span class='ocrx_word' id='word_1_222' title='bbox 1070 1943 1228 1986; x_wconf 83' lang='lat' dir='ltr'>bibere.</span> 
     </span>
    </p>
   </div>
   <div class='ocr_carea' id='block_1_9' title="bbox 23 2087 1891 2950">
    <p class='ocr_par' dir='ltr' id='par_1_12' title="bbox 23 2087 1889 2779">
     <span class='ocr_line' id='line_1_27' title="bbox 23 2087 1887 2160; baseline 0.003 -16"><span class='ocrx_word' id='word_1_223' title='bbox 23 2087 26 2111; x_wconf 46' lang='grc' dir='ltr'>Ι</span> <span class='ocrx_word' id='word_1_224' title='bbox 172 2115 204 2154; x_wconf 92' lang='grc'>1)</span> <span class='ocrx_word' id='word_1_225' title='bbox 230 2115 303 2146; x_wconf 88' lang='lat' dir='ltr'>Loc.</span> <span class='ocrx_word' id='word_1_226' title='bbox 329 2116 423 2155; x_wconf 81' lang='lat' dir='ltr'>Verg.</span> <span class='ocrx_word' id='word_1_227' title='bbox 451 2116 515 2146; x_wconf 89' lang='lat' dir='ltr'>iam</span> <span class='ocrx_word' id='word_1_228' title='bbox 540 2126 637 2155; x_wconf 85' lang='lat' dir='ltr'>supra</span> <span class='ocrx_word' id='word_1_229' title='bbox 662 2116 698 2147; x_wconf 87' lang='lat' dir='ltr'>C.</span> <span class='ocrx_word' id='word_1_230' title='bbox 723 2116 748 2155; x_wconf 89' lang='grc' dir='ltr'>Ι,</span> <span class='ocrx_word' id='word_1_231' title='bbox 775 2118 827 2155; x_wconf 81' lang='lat'>34,</span> <span class='ocrx_word' id='word_1_232' title='bbox 855 2119 885 2147; x_wconf 82' lang='lat'>2.</span> <span class='ocrx_word' id='word_1_233' title='bbox 912 2116 1002 2148; x_wconf 84' lang='lat' dir='ltr'>Seru.</span> <span class='ocrx_word' id='word_1_234' title='bbox 1028 2117 1067 2148; x_wconf 94' lang='lat' dir='ltr'>A.</span> <span class='ocrx_word' id='word_1_235' title='bbox 1085 2117 1110 2156; x_wconf 87' lang='lat'>1,</span> <span class='ocrx_word' id='word_1_236' title='bbox 1130 2119 1205 2148; x_wconf 83' lang='lat'>227.</span> <span class='ocrx_word' id='word_1_237' title='bbox 1233 2119 1331 2149; x_wconf 87' lang='lat' dir='ltr'>schol.</span> <span class='ocrx_word' id='word_1_238' title='bbox 1358 2118 1440 2149; x_wconf 85' lang='lat' dir='ltr'>Stat.</span> <span class='ocrx_word' id='word_1_239' title='bbox 1473 2119 1613 2160; x_wconf 81' lang='lat' dir='ltr'>Th.111‚</span> <span class='ocrx_word' id='word_1_240' title='bbox 1633 2121 1707 2150; x_wconf 83' lang='grc'>350.</span> <span class='ocrx_word' id='word_1_241' title='bbox 1757 2120 1792 2159; x_wconf 84' lang='grc'>2)</span> <span class='ocrx_word' id='word_1_242' title='bbox 1820 2129 1887 2149; x_wconf 85' lang='lat' dir='ltr'>cre-</span> 
     </span>
     <span class='ocr_line' id='line_1_28' title="bbox 23 2130 1886 2222; baseline 0.002 -20"><span class='ocrx_word' id='word_1_243' title='bbox 23 2130 27 2222; x_wconf 57' lang='lat'>!</span> <span class='ocrx_word' id='word_1_244' title='bbox 59 2170 105 2201; x_wconf 80' lang='lat' dir='ltr'>dis</span> <span class='ocrx_word' id='word_1_245' title='bbox 129 2181 212 2202; x_wconf 89' lang='lat' dir='ltr'>omn.</span> <span class='ocrx_word' id='word_1_246' title='bbox 238 2173 324 2202; x_wconf 86' lang='lat' dir='ltr'>libri.</span> <span class='ocrx_word' id='word_1_247' title='bbox 351 2174 462 2203; x_wconf 84' lang='lat' dir='ltr'>eredas</span> <span class='ocrx_word' id='word_1_248' title='bbox 487 2174 587 2204; x_wconf 90' lang='lat' dir='ltr'>schol.</span> <span class='ocrx_word' id='word_1_249' title='bbox 614 2173 698 2204; x_wconf 79' lang='lat' dir='ltr'>Stat.</span> <span class='ocrx_word' id='word_1_250' title='bbox 725 2192 766 2194; x_wconf 97' lang='lat'><strong>—</strong></span> <span class='ocrx_word' id='word_1_251' title='bbox 794 2174 964 2204; x_wconf 85' lang='lat' dir='ltr'>Lucretius</span> <span class='ocrx_word' id='word_1_252' title='bbox 990 2193 1032 2196; x_wconf 86' lang='lat'>—</span> <span class='ocrx_word' id='word_1_253' title='bbox 1057 2176 1105 2204; x_wconf 87' lang='lat' dir='ltr'>ira</span> <span class='ocrx_word' id='word_1_254' title='bbox 1137 2185 1197 2206; x_wconf 89' lang='lat' dir='ltr'>om.</span> <span class='ocrx_word' id='word_1_255' title='bbox 1224 2175 1351 2213; x_wconf 79' lang='lat' dir='ltr'>G,mva‚</span> <span class='ocrx_word' id='word_1_256' title='bbox 1378 2176 1431 2214; x_wconf 89' lang='lat' dir='ltr'>qui</span> <span class='ocrx_word' id='word_1_257' title='bbox 1456 2176 1593 2207; x_wconf 89' lang='lat' dir='ltr'>habent:</span> <span class='ocrx_word' id='word_1_258' title='bbox 1620 2194 1663 2198; x_wconf 92' lang='lat'>-—</span> <span class='ocrx_word' id='word_1_259' title='bbox 1688 2186 1886 2215; x_wconf 80' lang='lat' dir='ltr'>quenquam:</span> 
     </span>
     <span class='ocr_line' id='line_1_29' title="bbox 23 2226 1886 2305; baseline 0.002 -48"><span class='ocrx_word' id='word_1_260' title='bbox 23 2226 27 2305; x_wconf 80' lang='grc' dir='ltr'>Ι</span> <span class='ocrx_word' id='word_1_261' title='bbox 58 2236 132 2258; x_wconf 84' lang='lat' dir='ltr'>nam</span> <span class='ocrx_word' id='word_1_262' title='bbox 157 2230 323 2267; x_wconf 83' lang='lat' dir='ltr'>epicureus</span> <span class='ocrx_word' id='word_1_263' title='bbox 350 2234 428 2260; x_wconf 83' lang='lat' dir='ltr'>erat.</span> <span class='ocrx_word' id='word_1_264' title='bbox 458 2231 531 2260; x_wconf 91' lang='lat' dir='ltr'>ideo</span> <span class='ocrx_word' id='word_1_265' title='bbox 557 2231 645 2260; x_wconf 75' lang='lat' dir='ltr'>dixit</span> <span class='ocrx_word' id='word_1_266' title='bbox 671 2231 746 2261; x_wconf 83' lang='lat' dir='ltr'>deos</span> <span class='ocrx_word' id='word_1_267' title='bbox 772 2240 836 2261; x_wconf 89' lang='lat' dir='ltr'>non</span> <span class='ocrx_word' id='word_1_268' title='bbox 861 2241 971 2261; x_wconf 85' lang='lat' dir='ltr'>curare</span> <span class='ocrx_word' id='word_1_269' title='bbox 996 2233 1156 2261; x_wconf 88' lang='lat' dir='ltr'>mortalia.</span> <span class='ocrx_word' id='word_1_270' title='bbox 1213 2233 1248 2272; x_wconf 88' lang='lat'>3)</span> <span class='ocrx_word' id='word_1_271' title='bbox 1274 2232 1483 2271; x_wconf 85' lang='lat' dir='ltr'>perperamQ</span> <span class='ocrx_word' id='word_1_272' title='bbox 1510 2243 1579 2263; x_wconf 89' lang='lat' dir='ltr'>cum</span> <span class='ocrx_word' id='word_1_273' title='bbox 1605 2233 1658 2263; x_wconf 88' lang='lat' dir='ltr'>fh:</span> <span class='ocrx_word' id='word_1_274' title='bbox 1679 2242 1740 2271; x_wconf 79' lang='lat' dir='ltr'>pro</span> <span class='ocrx_word' id='word_1_275' title='bbox 1763 2233 1886 2262; x_wconf 73' lang='lat' dir='ltr'>meritis.</span> 
     </span>
     <span class='ocr_line' id='line_1_30' title="bbox 24 2286 1886 2334; baseline 0.002 -19"><span class='ocrx_word' id='word_1_276' title='bbox 24 2307 27 2334; x_wconf 47' lang='grc' dir='ltr'><strong><em>ἲ</em></strong></span> <span class='ocrx_word' id='word_1_277' title='bbox 59 2301 101 2306; x_wconf 81' lang='lat'>—</span> <span class='ocrx_word' id='word_1_278' title='bbox 119 2286 263 2324; x_wconf 84' lang='lat' dir='ltr'>epicurus</span> <span class='ocrx_word' id='word_1_279' title='bbox 290 2286 346 2326; x_wconf 87' lang='lat' dir='ltr'>(m.</span> <span class='ocrx_word' id='word_1_280' title='bbox 366 2286 409 2325; x_wconf 90' lang='lat' dir='ltr'>s.)</span> <span class='ocrx_word' id='word_1_281' title='bbox 434 2296 461 2329; x_wconf 81' lang='grc' dir='ltr'>γ.</span> <span class='ocrx_word' id='word_1_282' title='bbox 486 2287 556 2316; x_wconf 89' lang='lat' dir='ltr'>rell.</span> <span class='ocrx_word' id='word_1_283' title='bbox 584 2288 759 2325; x_wconf 77' lang='lat' dir='ltr'>epicureus,</span> <span class='ocrx_word' id='word_1_284' title='bbox 786 2292 853 2317; x_wconf 81' lang='lat' dir='ltr'>erat</span> <span class='ocrx_word' id='word_1_285' title='bbox 877 2298 938 2317; x_wconf 91' lang='lat' dir='ltr'>om.</span> <span class='ocrx_word' id='word_1_286' title='bbox 962 2297 990 2330; x_wconf 82' lang='grc' dir='ltr'>γ.</span> <span class='ocrx_word' id='word_1_287' title='bbox 1021 2289 1104 2318; x_wconf 88' lang='lat' dir='ltr'>Nam</span> <span class='ocrx_word' id='word_1_288' title='bbox 1122 2307 1164 2310; x_wconf 86' lang='lat'>——</span> <span class='ocrx_word' id='word_1_289' title='bbox 1181 2291 1330 2320; x_wconf 87' lang='lat' dir='ltr'>mortalia</span> <span class='ocrx_word' id='word_1_290' title='bbox 1355 2300 1415 2320; x_wconf 91' lang='lat' dir='ltr'>om.</span> <span class='ocrx_word' id='word_1_291' title='bbox 1442 2289 1519 2325; x_wconf 85' lang='lat' dir='ltr'>th.</span> <span class='ocrx_word' id='word_1_292' title='bbox 1569 2290 1603 2329; x_wconf 87' lang='lat'>5)</span> <span class='ocrx_word' id='word_1_293' title='bbox 1629 2289 1703 2319; x_wconf 87' lang='lat' dir='ltr'>Seu.</span> <span class='ocrx_word' id='word_1_294' title='bbox 1730 2290 1763 2319; x_wconf 90' lang='lat' dir='ltr'>iu</span> <span class='ocrx_word' id='word_1_295' title='bbox 1789 2293 1886 2319; x_wconf 83' lang='lat' dir='ltr'>scrut.</span> 
     </span>
     <span class='ocr_line' id='line_1_31' title="bbox 24 2338 1519 2402; baseline 0.003 -31"><span class='ocrx_word' id='word_1_296' title='bbox 24 2338 27 2402; x_wconf 69' lang='grc' dir='ltr'>Ι</span> <span class='ocrx_word' id='word_1_297' title='bbox 61 2350 121 2372; x_wconf 88' lang='lat' dir='ltr'>om.</span> <span class='ocrx_word' id='word_1_298' title='bbox 146 2351 174 2385; x_wconf 78' lang='grc' dir='ltr'>γ.</span> <span class='ocrx_word' id='word_1_299' title='bbox 200 2352 310 2373; x_wconf 77' lang='lat' dir='ltr'>seruos</span> <span class='ocrx_word' id='word_1_300' title='bbox 335 2353 364 2373; x_wconf 89' lang='lat' dir='ltr'>v.</span> <span class='ocrx_word' id='word_1_301' title='bbox 414 2343 449 2381; x_wconf 88' lang='lat'>8)</span> <span class='ocrx_word' id='word_1_302' title='bbox 476 2344 532 2373; x_wconf 87' lang='lat' dir='ltr'>Ist.</span> <span class='ocrx_word' id='word_1_303' title='bbox 560 2353 654 2374; x_wconf 88' lang='lat' dir='ltr'>serm.</span> <span class='ocrx_word' id='word_1_304' title='bbox 679 2353 707 2385; x_wconf 77' lang='grc' dir='ltr'>γ.</span> <span class='ocrx_word' id='word_1_305' title='bbox 735 2344 803 2373; x_wconf 88' lang='lat' dir='ltr'>rell.</span> <span class='ocrx_word' id='word_1_306' title='bbox 829 2354 890 2374; x_wconf 89' lang='lat' dir='ltr'>om.</span> <span class='ocrx_word' id='word_1_307' title='bbox 940 2344 975 2383; x_wconf 88' lang='lat'>9)</span> <span class='ocrx_word' id='word_1_308' title='bbox 1003 2346 1098 2375; x_wconf 89' lang='lat' dir='ltr'>finem</span> <span class='ocrx_word' id='word_1_309' title='bbox 1122 2347 1195 2376; x_wconf 82' lang='lat' dir='ltr'>uiae</span> <span class='ocrx_word' id='word_1_310' title='bbox 1219 2356 1245 2388; x_wconf 87' lang='grc' dir='ltr'>γ.</span> <span class='ocrx_word' id='word_1_311' title='bbox 1272 2348 1344 2376; x_wconf 87' lang='lat' dir='ltr'>uiae</span> <span class='ocrx_word' id='word_1_312' title='bbox 1370 2347 1425 2376; x_wconf 90' lang='lat' dir='ltr'>fin.</span> <span class='ocrx_word' id='word_1_313' title='bbox 1450 2347 1519 2376; x_wconf 88' lang='lat' dir='ltr'>rell.</span> 
     </span>
     <span class='ocr_line' id='line_1_32' title="bbox 24 2399 1886 2449; baseline 0.001 -20"><span class='ocrx_word' id='word_1_314' title='bbox 24 2421 27 2449; x_wconf 63' lang='grc'>1</span> <span class='ocrx_word' id='word_1_315' title='bbox 169 2399 323 2430; x_wconf 86' lang='lat' dir='ltr'>PORPH.</span> <span class='ocrx_word' id='word_1_316' title='bbox 372 2399 550 2431; x_wconf 87' lang='lat' dir='ltr'>ECLOGA</span> <span class='ocrx_word' id='word_1_317' title='bbox 573 2401 620 2430; x_wconf 92' lang='lat' dir='ltr'>VI</span> <span class='ocrx_word' id='word_1_318' title='bbox 643 2401 678 2430; x_wconf 94' lang='lat' dir='ltr'>M</span> <span class='ocrx_word' id='word_1_319' title='bbox 702 2401 852 2441; x_wconf 71' lang='lat' dir='ltr'>(Halm.)</span> <span class='ocrx_word' id='word_1_320' title='bbox 878 2403 1002 2440; x_wconf 83' lang='lat' dir='ltr'>accepit</span> <span class='ocrx_word' id='word_1_321' title='bbox 1016 2401 1091 2433; x_wconf 83' lang='lat' dir='ltr'>MG.</span> <span class='ocrx_word' id='word_1_322' title='bbox 1119 2404 1204 2441; x_wconf 85' lang='lat' dir='ltr'>cepit</span> <span class='ocrx_word' id='word_1_323' title='bbox 1220 2403 1258 2441; x_wconf 81' lang='lat' dir='ltr'>R,</span> <span class='ocrx_word' id='word_1_324' title='bbox 1284 2404 1385 2441; x_wconf 85' lang='lat' dir='ltr'>coepit</span> <span class='ocrx_word' id='word_1_325' title='bbox 1409 2413 1439 2433; x_wconf 92' lang='lat' dir='ltr'>v.</span> <span class='ocrx_word' id='word_1_326' title='bbox 1459 2403 1537 2442; x_wconf 89' lang='lat' dir='ltr'>(non</span> <span class='ocrx_word' id='word_1_327' title='bbox 1562 2403 1642 2441; x_wconf 79' lang='lat' dir='ltr'>cepit</span> <span class='ocrx_word' id='word_1_328' title='bbox 1660 2406 1696 2432; x_wconf 84' lang='lat' dir='ltr'>ut</span> <span class='ocrx_word' id='word_1_329' title='bbox 1712 2402 1770 2433; x_wconf 83' lang='lat' dir='ltr'>ref.</span> <span class='ocrx_word' id='word_1_330' title='bbox 1790 2402 1833 2441; x_wconf 83' lang='lat' dir='ltr'>Q)</span> <span class='ocrx_word' id='word_1_331' title='bbox 1860 2412 1886 2432; x_wconf 92' lang='lat' dir='ltr'>c.</span> 
     </span>
     <span class='ocr_line' id='line_1_33' title="bbox 25 2453 655 2497; baseline 0.003 -12"><span class='ocrx_word' id='word_1_332' title='bbox 25 2453 27 2476; x_wconf 66' lang='grc' dir='ltr'><strong>ἶ</strong></span> <span class='ocrx_word' id='word_1_333' title='bbox 59 2455 132 2486; x_wconf 84' lang='lat' dir='ltr'>Asc.</span> <span class='ocrx_word' id='word_1_334' title='bbox 157 2457 273 2487; x_wconf 87' lang='lat' dir='ltr'>lemma</span> <span class='ocrx_word' id='word_1_335' title='bbox 298 2458 331 2486; x_wconf 93' lang='lat' dir='ltr'>in</span> <span class='ocrx_word' id='word_1_336' title='bbox 356 2457 408 2487; x_wconf 86' lang='lat' dir='ltr'>fh:</span> <span class='ocrx_word' id='word_1_337' title='bbox 434 2458 509 2497; x_wconf 70' lang='lat' dir='ltr'>Eyr.</span> <span class='ocrx_word' id='word_1_338' title='bbox 535 2467 655 2497; x_wconf 62' lang='lat' dir='ltr'>magna.</span> 
     </span>
     <span class='ocr_line' id='line_1_34' title="bbox 174 2513 1888 2556; baseline 0.002 -14"><span class='ocrx_word' id='word_1_339' title='bbox 174 2514 229 2552; x_wconf 83' lang='lat'>13)</span> <span class='ocrx_word' id='word_1_340' title='bbox 256 2513 411 2543; x_wconf 80' lang='lat' dir='ltr'>Lucilium</span> <span class='ocrx_word' id='word_1_341' title='bbox 435 2513 499 2543; x_wconf 85' lang='lat' dir='ltr'>afh.</span> <span class='ocrx_word' id='word_1_342' title='bbox 526 2513 639 2543; x_wconf 80' lang='lat' dir='ltr'>Lucili.</span> <span class='ocrx_word' id='word_1_343' title='bbox 665 2523 682 2543; x_wconf 90' lang='grc' dir='ltr'><em>ο</em></span> <span class='ocrx_word' id='word_1_344' title='bbox 705 2524 735 2543; x_wconf 85' lang='lat' dir='ltr'>v.</span> <span class='ocrx_word' id='word_1_345' title='bbox 754 2514 895 2544; x_wconf 84' lang='lat' dir='ltr'>Datiuus</span> <span class='ocrx_word' id='word_1_346' title='bbox 920 2515 1023 2544; x_wconf 83' lang='lat' dir='ltr'>rarior</span> <span class='ocrx_word' id='word_1_347' title='bbox 1047 2523 1145 2545; x_wconf 84' lang='lat' dir='ltr'>sensu</span> <span class='ocrx_word' id='word_1_348' title='bbox 1168 2516 1294 2546; x_wconf 90' lang='lat' dir='ltr'>inuidia</span> <span class='ocrx_word' id='word_1_349' title='bbox 1319 2517 1466 2556; x_wconf 86' lang='lat' dir='ltr'>quadam.</span> <span class='ocrx_word' id='word_1_350' title='bbox 1486 2515 1568 2546; x_wconf 82' lang='lat' dir='ltr'>conf.</span> <span class='ocrx_word' id='word_1_351' title='bbox 1586 2516 1651 2546; x_wconf 86' lang='lat' dir='ltr'>Cic.</span> <span class='ocrx_word' id='word_1_352' title='bbox 1665 2516 1701 2545; x_wconf 88' lang='lat' dir='ltr'>T.</span> <span class='ocrx_word' id='word_1_353' title='bbox 1716 2516 1741 2553; x_wconf 86' lang='grc' dir='ltr'>Ι,</span> <span class='ocrx_word' id='word_1_354' title='bbox 1771 2517 1826 2545; x_wconf 82' lang='grc'>19;</span> <span class='ocrx_word' id='word_1_355' title='bbox 1852 2515 1888 2545; x_wconf 71' lang='lat' dir='ltr'>iis</span> 
     </span>
     <span class='ocr_line' id='line_1_35' title="bbox 61 2570 1888 2611; baseline 0.001 -12"><span class='ocrx_word' id='word_1_356' title='bbox 61 2570 264 2607; x_wconf 77' lang='lat' dir='ltr'>aemulamur,</span> <span class='ocrx_word' id='word_1_357' title='bbox 291 2570 345 2609; x_wconf 90' lang='lat' dir='ltr'>qui</span> <span class='ocrx_word' id='word_1_358' title='bbox 371 2579 408 2600; x_wconf 86' lang='lat' dir='ltr'>ea</span> <span class='ocrx_word' id='word_1_359' title='bbox 432 2571 587 2608; x_wconf 80' lang='lat' dir='ltr'>habeant,</span> <span class='ocrx_word' id='word_1_360' title='bbox 626 2580 707 2609; x_wconf 87' lang='lat' dir='ltr'>quae</span> <span class='ocrx_word' id='word_1_361' title='bbox 732 2580 789 2601; x_wconf 86' lang='lat' dir='ltr'>nos</span> <span class='ocrx_word' id='word_1_362' title='bbox 814 2571 930 2600; x_wconf 83' lang='lat' dir='ltr'>habere</span> <span class='ocrx_word' id='word_1_363' title='bbox 956 2571 1134 2610; x_wconf 85' lang='lat' dir='ltr'>cupiamus.</span> <span class='ocrx_word' id='word_1_364' title='bbox 1158 2571 1266 2602; x_wconf 85' lang='lat' dir='ltr'>Plaut.</span> <span class='ocrx_word' id='word_1_365' title='bbox 1292 2573 1360 2602; x_wconf 91' lang='lat' dir='ltr'>Mil.</span> <span class='ocrx_word' id='word_1_366' title='bbox 1386 2574 1445 2611; x_wconf 76' lang='grc' dir='ltr'>ΙΙΙ,</span> <span class='ocrx_word' id='word_1_367' title='bbox 1473 2575 1502 2611; x_wconf 79' lang='lat'>2,</span> <span class='ocrx_word' id='word_1_368' title='bbox 1522 2574 1580 2602; x_wconf 81' lang='lat'>26:</span> <span class='ocrx_word' id='word_1_369' title='bbox 1608 2574 1756 2610; x_wconf 88' lang='lat' dir='ltr'>quoniam</span> <span class='ocrx_word' id='word_1_370' title='bbox 1781 2581 1888 2601; x_wconf 77' lang='lat' dir='ltr'>aemu-</span> 
     </span>
     <span class='ocr_line' id='line_1_36' title="bbox 60 2625 1886 2668; baseline 0.001 -13"><span class='ocrx_word' id='word_1_371' title='bbox 60 2625 122 2656; x_wconf 85' lang='lat' dir='ltr'>lari</span> <span class='ocrx_word' id='word_1_372' title='bbox 146 2636 209 2657; x_wconf 90' lang='lat' dir='ltr'>non</span> <span class='ocrx_word' id='word_1_373' title='bbox 234 2627 322 2664; x_wconf 83' lang='lat' dir='ltr'>licet,</span> <span class='ocrx_word' id='word_1_374' title='bbox 348 2636 432 2657; x_wconf 88' lang='lat' dir='ltr'>nune</span> <span class='ocrx_word' id='word_1_375' title='bbox 458 2627 599 2656; x_wconf 89' lang='lat' dir='ltr'>inuides.</span> <span class='ocrx_word' id='word_1_376' title='bbox 625 2627 799 2656; x_wconf 80' lang='lat' dir='ltr'>aemulatus</span> <span class='ocrx_word' id='word_1_377' title='bbox 824 2627 854 2656; x_wconf 80' lang='lat'>2.</span> <span class='ocrx_word' id='word_1_378' title='bbox 881 2631 990 2666; x_wconf 73' lang='lat' dir='ltr'>satyra</span> <span class='ocrx_word' id='word_1_379' title='bbox 1015 2637 1099 2657; x_wconf 90' lang='lat' dir='ltr'>omn.</span> <span class='ocrx_word' id='word_1_380' title='bbox 1166 2629 1222 2668; x_wconf 82' lang='lat'>14)</span> <span class='ocrx_word' id='word_1_381' title='bbox 1248 2630 1454 2659; x_wconf 85' lang='lat' dir='ltr'>brundesium</span> <span class='ocrx_word' id='word_1_382' title='bbox 1483 2629 1526 2658; x_wconf 94' lang='lat' dir='ltr'>M.</span> <span class='ocrx_word' id='word_1_383' title='bbox 1564 2629 1632 2658; x_wconf 89' lang='lat' dir='ltr'>rell.</span> <span class='ocrx_word' id='word_1_384' title='bbox 1671 2629 1886 2658; x_wconf 76' lang='lat' dir='ltr'>brundusium.</span> 
     </span>
     <span class='ocr_line' id='line_1_37' title="bbox 61 2682 1889 2725; baseline 0.001 -12"><span class='ocrx_word' id='word_1_385' title='bbox 61 2682 143 2713; x_wconf 82' lang='lat' dir='ltr'>conf.</span> <span class='ocrx_word' id='word_1_386' title='bbox 176 2682 251 2713; x_wconf 87' lang='lat' dir='ltr'>Acr.</span> <span class='ocrx_word' id='word_1_387' title='bbox 289 2692 390 2722; x_wconf 83' lang='lat' dir='ltr'>usque</span> <span class='ocrx_word' id='word_1_388' title='bbox 425 2684 502 2713; x_wconf 85' lang='lat' dir='ltr'>libri</span> <span class='ocrx_word' id='word_1_389' title='bbox 537 2683 757 2713; x_wconf 86' lang='lat' dir='ltr'>Brundusium</span> <span class='ocrx_word' id='word_1_390' title='bbox 799 2684 877 2714; x_wconf 85' lang='lat' dir='ltr'>afhv</span> <span class='ocrx_word' id='word_1_391' title='bbox 914 2683 1142 2723; x_wconf 73' lang='lat' dir='ltr'>(Romanusque</span> <span class='ocrx_word' id='word_1_392' title='bbox 1176 2685 1354 2724; x_wconf 86' lang='lat' dir='ltr'>Brundus.)</span> <span class='ocrx_word' id='word_1_393' title='bbox 1422 2686 1477 2725; x_wconf 84' lang='lat'>15)</span> <span class='ocrx_word' id='word_1_394' title='bbox 1503 2686 1604 2724; x_wconf 88' lang='lat' dir='ltr'>primo</span> <span class='ocrx_word' id='word_1_395' title='bbox 1629 2685 1701 2715; x_wconf 82' lang='lat' dir='ltr'>MR.</span> <span class='ocrx_word' id='word_1_396' title='bbox 1727 2685 1797 2714; x_wconf 85' lang='lat' dir='ltr'>rell.</span> <span class='ocrx_word' id='word_1_397' title='bbox 1826 2685 1889 2722; x_wconf 85' lang='lat' dir='ltr'>pri-</span> 
     </span>
     <span class='ocr_line' id='line_1_38' title="bbox 61 2739 1887 2779; baseline 0.001 -10"><span class='ocrx_word' id='word_1_398' title='bbox 61 2747 148 2770; x_wconf 87' lang='lat' dir='ltr'>mum.</span> <span class='ocrx_word' id='word_1_399' title='bbox 168 2740 270 2778; x_wconf 80' lang='lat' dir='ltr'>primo</span> <span class='ocrx_word' id='word_1_400' title='bbox 296 2744 327 2770; x_wconf 81' lang='lat' dir='ltr'>et</span> <span class='ocrx_word' id='word_1_401' title='bbox 354 2750 425 2770; x_wconf 88' lang='lat' dir='ltr'>cum</span> <span class='ocrx_word' id='word_1_402' title='bbox 451 2744 483 2770; x_wconf 83' lang='lat' dir='ltr'>et</span> <span class='ocrx_word' id='word_1_403' title='bbox 506 2739 569 2770; x_wconf 82' lang='lat' dir='ltr'>siue</span> <span class='ocrx_word' id='word_1_404' title='bbox 594 2749 659 2779; x_wconf 86' lang='lat' dir='ltr'>seq.</span> <span class='ocrx_word' id='word_1_405' title='bbox 685 2740 801 2778; x_wconf 76' lang='lat' dir='ltr'><em>deinde,</em></span> <span class='ocrx_word' id='word_1_406' title='bbox 823 2744 892 2779; x_wconf 76' lang='lat' dir='ltr'>post</span> <span class='ocrx_word' id='word_1_407' title='bbox 915 2741 956 2770; x_wconf 84' lang='lat' dir='ltr'>al.</span> <span class='ocrx_word' id='word_1_408' title='bbox 985 2740 1052 2771; x_wconf 90' lang='lat' dir='ltr'>Cic.</span> <span class='ocrx_word' id='word_1_409' title='bbox 1079 2741 1114 2769; x_wconf 89' lang='lat' dir='ltr'>F.</span> <span class='ocrx_word' id='word_1_410' title='bbox 1140 2741 1165 2778; x_wconf 88' lang='grc' dir='ltr'>Ι,</span> <span class='ocrx_word' id='word_1_411' title='bbox 1195 2743 1244 2771; x_wconf 89' lang='grc'>16.</span> <span class='ocrx_word' id='word_1_412' title='bbox 1272 2741 1343 2771; x_wconf 90' lang='lat' dir='ltr'>Liu.</span> <span class='ocrx_word' id='word_1_413' title='bbox 1368 2741 1410 2778; x_wconf 91' lang='lat' dir='ltr'>II,</span> <span class='ocrx_word' id='word_1_414' title='bbox 1437 2742 1489 2772; x_wconf 82' lang='lat'>50.</span> <span class='ocrx_word' id='word_1_415' title='bbox 1521 2741 1598 2771; x_wconf 86' lang='lat' dir='ltr'>Sall.</span> <span class='ocrx_word' id='word_1_416' title='bbox 1626 2740 1698 2770; x_wconf 84' lang='lat' dir='ltr'>Cat.</span> <span class='ocrx_word' id='word_1_417' title='bbox 1729 2742 1779 2771; x_wconf 88' lang='lat'>10.</span> <span class='ocrx_word' id='word_1_418' title='bbox 1806 2741 1887 2779; x_wconf 84' lang='lat' dir='ltr'>Nep.</span> 
     </span>
    </p>

    <p class='ocr_par' dir='ltr' id='par_1_13' title="bbox 25 2746 1891 2950">
     <span class='ocr_line' id='line_1_39' title="bbox 25 2746 1888 2841; baseline 0 -16"><span class='ocrx_word' id='word_1_419' title='bbox 25 2746 28 2841; x_wconf 60' lang='lat' dir='ltr'>i</span> <span class='ocrx_word' id='word_1_420' title='bbox 61 2794 134 2826; x_wconf 80' lang='lat' dir='ltr'>Dat.</span> <span class='ocrx_word' id='word_1_421' title='bbox 161 2798 190 2826; x_wconf 89' lang='lat'>3.</span> <span class='ocrx_word' id='word_1_422' title='bbox 218 2797 288 2827; x_wconf 85' lang='lat' dir='ltr'>Ter.</span> <span class='ocrx_word' id='word_1_423' title='bbox 315 2797 393 2827; x_wconf 86' lang='lat' dir='ltr'>Hec.</span> <span class='ocrx_word' id='word_1_424' title='bbox 410 2797 467 2834; x_wconf 86' lang='lat' dir='ltr'>IV,</span> <span class='ocrx_word' id='word_1_425' title='bbox 486 2798 517 2834; x_wconf 86' lang='lat'>4,</span> <span class='ocrx_word' id='word_1_426' title='bbox 537 2798 590 2826; x_wconf 88' lang='lat'>91.</span> <span class='ocrx_word' id='word_1_427' title='bbox 643 2798 698 2836; x_wconf 88' lang='lat'>17)</span> <span class='ocrx_word' id='word_1_428' title='bbox 724 2806 757 2826; x_wconf 84' lang='lat' dir='ltr'>se</span> <span class='ocrx_word' id='word_1_429' title='bbox 783 2798 899 2827; x_wconf 88' lang='lat' dir='ltr'>inculc.</span> <span class='ocrx_word' id='word_1_430' title='bbox 926 2797 963 2832; x_wconf 84' lang='lat' dir='ltr'>Q.</span> <span class='ocrx_word' id='word_1_431' title='bbox 986 2797 1059 2827; x_wconf 88' lang='lat' dir='ltr'>Aer.</span> <span class='ocrx_word' id='word_1_432' title='bbox 1087 2803 1118 2828; x_wconf 83' lang='lat' dir='ltr'>et</span> <span class='ocrx_word' id='word_1_433' title='bbox 1142 2799 1258 2836; x_wconf 82' lang='lat' dir='ltr'>Porph.</span> <span class='ocrx_word' id='word_1_434' title='bbox 1287 2808 1382 2836; x_wconf 83' lang='lat' dir='ltr'>saepe</span> <span class='ocrx_word' id='word_1_435' title='bbox 1406 2808 1465 2828; x_wconf 91' lang='lat' dir='ltr'>om.</span> <span class='ocrx_word' id='word_1_436' title='bbox 1493 2807 1527 2827; x_wconf 84' lang='lat' dir='ltr'>sc</span> <span class='ocrx_word' id='word_1_437' title='bbox 1552 2802 1587 2827; x_wconf 82' lang='lat' dir='ltr'>ut</span> <span class='ocrx_word' id='word_1_438' title='bbox 1612 2807 1695 2827; x_wconf 89' lang='lat' dir='ltr'>eum.</span> <span class='ocrx_word' id='word_1_439' title='bbox 1721 2797 1764 2826; x_wconf 71' lang='lat' dir='ltr'>asl</span> <span class='ocrx_word' id='word_1_440' title='bbox 1785 2797 1888 2826; x_wconf 83' lang='lat' dir='ltr'>forum</span> 
     </span>
     <span class='ocr_line' id='line_1_40' title="bbox 63 2851 1891 2893; baseline 0.001 -12"><span class='ocrx_word' id='word_1_441' title='bbox 63 2851 125 2881; x_wconf 80' lang='lat' dir='ltr'>afh.</span> <span class='ocrx_word' id='word_1_442' title='bbox 151 2853 192 2882; x_wconf 82' lang='lat' dir='ltr'>ad</span> <span class='ocrx_word' id='word_1_443' title='bbox 214 2863 274 2883; x_wconf 90' lang='lat' dir='ltr'>om.</span> <span class='ocrx_word' id='word_1_444' title='bbox 298 2851 541 2892; x_wconf 81' lang='lat' dir='ltr'>MR2‚v(G‘?Q).</span> <span class='ocrx_word' id='word_1_445' title='bbox 566 2858 661 2891; x_wconf 82' lang='lat' dir='ltr'>reete,</span> <span class='ocrx_word' id='word_1_446' title='bbox 687 2863 760 2883; x_wconf 86' lang='lat' dir='ltr'>nam</span> <span class='ocrx_word' id='word_1_447' title='bbox 784 2855 901 2883; x_wconf 84' lang='lat' dir='ltr'>Forum</span> <span class='ocrx_word' id='word_1_448' title='bbox 917 2854 1018 2892; x_wconf 84' lang='lat' dir='ltr'>Appii</span> <span class='ocrx_word' id='word_1_449' title='bbox 1045 2853 1124 2893; x_wconf 83' lang='lat' dir='ltr'>(Cz)</span> <span class='ocrx_word' id='word_1_450' title='bbox 1145 2854 1441 2892; x_wconf 85' lang='lat' dir='ltr'>‘ueuin1us.sorum</span> <span class='ocrx_word' id='word_1_451' title='bbox 1467 2859 1573 2883; x_wconf 78' lang='lat' dir='ltr'>autem</span> <span class='ocrx_word' id='word_1_452' title='bbox 1598 2854 1696 2891; x_wconf 88' lang='lat' dir='ltr'>Appii</span> <span class='ocrx_word' id='word_1_453' title='bbox 1721 2863 1826 2883; x_wconf 76' lang='lat' dir='ltr'>nomeu</span> <span class='ocrx_word' id='word_1_454' title='bbox 1850 2857 1891 2882; x_wconf 75' lang='lat' dir='ltr'>est</span> 
     </span>
     <span class='ocr_line' id='line_1_41' title="bbox 63 2909 1889 2950; baseline 0.001 -13"><span class='ocrx_word' id='word_1_455' title='bbox 63 2909 181 2947; x_wconf 76' lang='lat' dir='ltr'>oppidi.&#39;</span> <span class='ocrx_word' id='word_1_456' title='bbox 219 2910 307 2948; x_wconf 71' lang='lat' dir='ltr'>appii</span> <span class='ocrx_word' id='word_1_457' title='bbox 328 2909 516 2947; x_wconf 78' lang='lat' dir='ltr'>MR2‚vafh.</span> <span class='ocrx_word' id='word_1_458' title='bbox 544 2909 632 2948; x_wconf 83' lang='lat' dir='ltr'>Appi</span> <span class='ocrx_word' id='word_1_459' title='bbox 656 2910 693 2945; x_wconf 87' lang='lat' dir='ltr'>Q.</span> <span class='ocrx_word' id='word_1_460' title='bbox 758 2911 813 2950; x_wconf 87' lang='lat'>18)</span> <span class='ocrx_word' id='word_1_461' title='bbox 838 2915 953 2949; x_wconf 87' lang='lat' dir='ltr'>pompt.</span> <span class='ocrx_word' id='word_1_462' title='bbox 979 2911 1012 2940; x_wconf 92' lang='lat' dir='ltr'>M</span> <span class='ocrx_word' id='word_1_463' title='bbox 1038 2915 1069 2940; x_wconf 86' lang='lat' dir='ltr'>et</span> <span class='ocrx_word' id='word_1_464' title='bbox 1097 2909 1220 2950; x_wconf 78' lang='lat' dir='ltr'>(G?)Q‚</span> <span class='ocrx_word' id='word_1_465' title='bbox 1249 2912 1303 2949; x_wconf 85' lang='lat' dir='ltr'>qui</span> <span class='ocrx_word' id='word_1_466' title='bbox 1330 2912 1363 2940; x_wconf 89' lang='lat' dir='ltr'>in</span> <span class='ocrx_word' id='word_1_467' title='bbox 1387 2911 1459 2940; x_wconf 82' lang='lat' dir='ltr'>Aer.</span> <span class='ocrx_word' id='word_1_468' title='bbox 1480 2911 1626 2948; x_wconf 78' lang='lat' dir='ltr'>pontinis</span> <span class='ocrx_word' id='word_1_469' title='bbox 1652 2910 1781 2948; x_wconf 42' lang='lat' dir='ltr'>recepit..</span> <span class='ocrx_word' id='word_1_470' title='bbox 1833 2910 1889 2949; x_wconf 88' lang='grc'>19)</span> 
     </span>
    </p>
   </div>
   <div class='ocr_carea' id='block_1_10' title="bbox 24 2843 28 2952">
    <p class='ocr_par' dir='ltr' id='par_1_14' title="bbox 24 2843 28 2952">
     <span class='ocr_line' id='line_1_42' title="bbox 24 2843 28 2952; baseline 0 460"><span class='ocrx_word' id='word_1_471' title='bbox 24 2843 28 2952; x_wconf 95' lang='lat' dir='ltr'> </span> 
     </span>
    </p>
   </div>
   <div class='ocr_carea' id='block_1_11' title="bbox 25 2953 1890 3243">
    <p class='ocr_par' dir='ltr' id='par_1_15' title="bbox 25 2953 1890 3243">
     <span class='ocr_line' id='line_1_43' title="bbox 25 2953 1890 3043; baseline 0 -49"><span class='ocrx_word' id='word_1_472' title='bbox 25 2953 28 3043; x_wconf 80' lang='grc' dir='ltr'>Ι</span> <span class='ocrx_word' id='word_1_473' title='bbox 65 2970 212 2995; x_wconf 81' lang='lat' dir='ltr'>moratum</span> <span class='ocrx_word' id='word_1_474' title='bbox 235 2966 278 2996; x_wconf 90' lang='lat' dir='ltr'>M.</span> <span class='ocrx_word' id='word_1_475' title='bbox 305 2967 510 2997; x_wconf 77' lang='lat' dir='ltr'>(morantium</span> <span class='ocrx_word' id='word_1_476' title='bbox 535 2976 565 2996; x_wconf 83' lang='lat' dir='ltr'>v.</span> <span class='ocrx_word' id='word_1_477' title='bbox 594 2984 628 2987; x_wconf 53' lang='grc' dir='ltr'>-ι-</span> <span class='ocrx_word' id='word_1_478' title='bbox 660 2967 877 3004; x_wconf 75' lang='lat' dir='ltr'>expeditionis</span> <span class='ocrx_word' id='word_1_479' title='bbox 908 2968 937 2996; x_wconf 83' lang='lat'>2.</span> <span class='ocrx_word' id='word_1_480' title='bbox 1004 2968 1061 3006; x_wconf 82' lang='lat'>21)</span> <span class='ocrx_word' id='word_1_481' title='bbox 1088 2968 1254 3005; x_wconf 76' lang='lat' dir='ltr'>expeditus</span> <span class='ocrx_word' id='word_1_482' title='bbox 1285 2972 1317 2997; x_wconf 82' lang='lat' dir='ltr'>et</span> <span class='ocrx_word' id='word_1_483' title='bbox 1347 2967 1441 3005; x_wconf 78' lang='lat' dir='ltr'>agilis</span> <span class='ocrx_word' id='word_1_484' title='bbox 1472 2967 1501 2995; x_wconf 78' lang='lat'>2.</span> <span class='ocrx_word' id='word_1_485' title='bbox 1566 2966 1623 3005; x_wconf 77' lang='lat'>22)</span> <span class='ocrx_word' id='word_1_486' title='bbox 1649 2966 1753 2995; x_wconf 84' lang='lat' dir='ltr'>Hodie</span> <span class='ocrx_word' id='word_1_487' title='bbox 1778 2975 1890 3005; x_wconf 77' lang='lat' dir='ltr'>quoque</span> 
     </span>
     <span class='ocr_line' id='line_1_44' title="bbox 64 3018 1886 3061; baseline 0.001 -11"><span class='ocrx_word' id='word_1_488' title='bbox 64 3018 99 3050; x_wconf 89' lang='lat' dir='ltr'>R.</span> <span class='ocrx_word' id='word_1_489' title='bbox 122 3021 260 3061; x_wconf 77' lang='lat' dir='ltr'>hodieque</span> <span class='ocrx_word' id='word_1_490' title='bbox 286 3022 323 3052; x_wconf 88' lang='lat' dir='ltr'>A.</span> <span class='ocrx_word' id='word_1_491' title='bbox 349 3022 403 3052; x_wconf 77' lang='lat' dir='ltr'>hoc</span> <span class='ocrx_word' id='word_1_492' title='bbox 428 3023 480 3052; x_wconf 86' lang='lat' dir='ltr'>die</span> <span class='ocrx_word' id='word_1_493' title='bbox 504 3032 558 3061; x_wconf 79' lang='lat' dir='ltr'>que</span> <span class='ocrx_word' id='word_1_494' title='bbox 582 3022 626 3052; x_wconf 93' lang='lat' dir='ltr'>M.</span> <span class='ocrx_word' id='word_1_495' title='bbox 653 3023 723 3052; x_wconf 81' lang='lat' dir='ltr'>rell.</span> <span class='ocrx_word' id='word_1_496' title='bbox 749 3033 811 3052; x_wconf 90' lang='lat' dir='ltr'>om.</span> <span class='ocrx_word' id='word_1_497' title='bbox 839 3033 973 3061; x_wconf 85' lang='lat' dir='ltr'>quoque.</span> <span class='ocrx_word' id='word_1_498' title='bbox 1000 3023 1031 3052; x_wconf 79' lang='lat' dir='ltr'>iu</span> <span class='ocrx_word' id='word_1_499' title='bbox 1056 3034 1115 3053; x_wconf 89' lang='lat' dir='ltr'>om.</span> <span class='ocrx_word' id='word_1_500' title='bbox 1135 3023 1208 3052; x_wconf 84' lang='lat' dir='ltr'>MR.</span> <span class='ocrx_word' id='word_1_501' title='bbox 1225 3041 1264 3043; x_wconf 30' lang='lat' dir='ltr'>e»</span> <span class='ocrx_word' id='word_1_502' title='bbox 1280 3027 1448 3061; x_wconf 72' lang='lat' dir='ltr'>propterea</span> <span class='ocrx_word' id='word_1_503' title='bbox 1464 3023 1507 3051; x_wconf 88' lang='lat' dir='ltr'>M.</span> <span class='ocrx_word' id='word_1_504' title='bbox 1533 3022 1622 3052; x_wconf 77' lang='lat' dir='ltr'>Dicit</span> <span class='ocrx_word' id='word_1_505' title='bbox 1647 3027 1743 3051; x_wconf 74' lang='lat' dir='ltr'>autem</span> <span class='ocrx_word' id='word_1_506' title='bbox 1761 3023 1790 3052; x_wconf 82' lang='lat'>2.</span> <span class='ocrx_word' id='word_1_507' title='bbox 1816 3023 1886 3051; x_wconf 85' lang='lat' dir='ltr'>rell.</span> 
     </span>
     <span class='ocr_line' id='line_1_45' title="bbox 25 3047 1889 3127; baseline 0.001 -22"><span class='ocrx_word' id='word_1_508' title='bbox 25 3047 28 3127; x_wconf 73' lang='grc'><em>,</em></span> <span class='ocrx_word' id='word_1_509' title='bbox 64 3074 152 3106; x_wconf 81' lang='lat' dir='ltr'>Dicit</span> <span class='ocrx_word' id='word_1_510' title='bbox 177 3087 261 3116; x_wconf 74' lang='lat' dir='ltr'>ergo.</span> <span class='ocrx_word' id='word_1_511' title='bbox 311 3078 368 3117; x_wconf 81' lang='lat'>23)</span> <span class='ocrx_word' id='word_1_512' title='bbox 394 3078 562 3108; x_wconf 81' lang='lat' dir='ltr'>deterrima</span> <span class='ocrx_word' id='word_1_513' title='bbox 586 3077 754 3117; x_wconf 84' lang='lat' dir='ltr'>M(GQ)va</span> <span class='ocrx_word' id='word_1_514' title='bbox 779 3079 902 3119; x_wconf 66' lang='lat' dir='ltr'>(Hor)</span> <span class='ocrx_word' id='word_1_515' title='bbox 927 3083 1028 3109; x_wconf 75' lang='lat' dir='ltr'>teterr.</span> <span class='ocrx_word' id='word_1_516' title='bbox 1053 3080 1100 3109; x_wconf 87' lang='lat' dir='ltr'>fh.</span> <span class='ocrx_word' id='word_1_517' title='bbox 1127 3083 1210 3108; x_wconf 86' lang='lat' dir='ltr'>recte</span> <span class='ocrx_word' id='word_1_518' title='bbox 1235 3080 1341 3108; x_wconf 83' lang='lat' dir='ltr'>etiam.</span> <span class='ocrx_word' id='word_1_519' title='bbox 1368 3079 1460 3108; x_wconf 84' lang='lat' dir='ltr'>Lucr.</span> <span class='ocrx_word' id='word_1_520' title='bbox 1479 3078 1519 3116; x_wconf 84' lang='grc' dir='ltr'>ΙΙ,</span> <span class='ocrx_word' id='word_1_521' title='bbox 1539 3079 1619 3108; x_wconf 83' lang='grc'><strong>509;</strong></span> <span class='ocrx_word' id='word_1_522' title='bbox 1646 3079 1790 3117; x_wconf 88' lang='lat' dir='ltr'>Namque</span> <span class='ocrx_word' id='word_1_523' title='bbox 1816 3079 1889 3107; x_wconf 86' lang='lat' dir='ltr'>aliis</span> 
     </span>
     <span class='ocr_line' id='line_1_46' title="bbox 25 3131 1887 3210; baseline 0.002 -50"><span class='ocrx_word' id='word_1_524' title='bbox 25 3132 29 3210; x_wconf 58' lang='grc'>1</span> <span class='ocrx_word' id='word_1_525' title='bbox 65 3131 152 3161; x_wconf 84' lang='lat' dir='ltr'>aliud</span> <span class='ocrx_word' id='word_1_526' title='bbox 176 3138 261 3165; x_wconf 80' lang='lat' dir='ltr'>retro</span> <span class='ocrx_word' id='word_1_527' title='bbox 287 3144 412 3174; x_wconf 82' lang='lat' dir='ltr'>quoque</span> <span class='ocrx_word' id='word_1_528' title='bbox 437 3135 538 3165; x_wconf 73' lang='lat' dir='ltr'>tetrius</span> <span class='ocrx_word' id='word_1_529' title='bbox 565 3139 651 3165; x_wconf 86' lang='lat' dir='ltr'>esset</span> <span class='ocrx_word' id='word_1_530' title='bbox 676 3135 826 3172; x_wconf 81' lang='lat' dir='ltr'>Naribus,</span> <span class='ocrx_word' id='word_1_531' title='bbox 865 3136 998 3165; x_wconf 87' lang='lat' dir='ltr'>auribus</span> <span class='ocrx_word' id='word_1_532' title='bbox 1024 3140 1121 3174; x_wconf 86' lang='lat' dir='ltr'>atque</span> <span class='ocrx_word' id='word_1_533' title='bbox 1145 3136 1246 3166; x_wconf 84' lang='lat' dir='ltr'>oculis</span> <span class='ocrx_word' id='word_1_534' title='bbox 1271 3135 1387 3174; x_wconf 78' lang='lat' dir='ltr'>orisque</span> <span class='ocrx_word' id='word_1_535' title='bbox 1412 3134 1526 3173; x_wconf 74' lang='lat' dir='ltr'>sapori,</span> <span class='ocrx_word' id='word_1_536' title='bbox 1559 3135 1616 3165; x_wconf 88' lang='lat' dir='ltr'>sed</span> <span class='ocrx_word' id='word_1_537' title='bbox 1640 3135 1695 3164; x_wconf 76' lang='lat' dir='ltr'>det.</span> <span class='ocrx_word' id='word_1_538' title='bbox 1721 3136 1887 3165; x_wconf 84' lang='lat' dir='ltr'>usitatius.</span> 
     </span>
     <span class='ocr_line' id='line_1_47' title="bbox 26 3215 28 3243; baseline 0 0"><span class='ocrx_word' id='word_1_539' title='bbox 26 3215 28 3243; x_wconf 97' lang='grc' dir='ltr'>Ι</span> 
     </span>
    </p>
   </div>
   <div class='ocr_carea' id='block_1_12' title="bbox 1938 561 1956 591">
    <p class='ocr_par' dir='ltr' id='par_1_16' title="bbox 1938 561 1956 591">
     <span class='ocr_line' id='line_1_48' title="bbox 1938 561 1956 591; textangle 90"><span class='ocrx_word' id='word_1_540' title='bbox 1938 561 1956 591; x_wconf 57' lang='grc' dir='ltr'>ιἾ</span> 
     </span>
    </p>
   </div>
   <div class='ocr_carea' id='block_1_13' title="bbox 1914 927 1956 959">
    <p class='ocr_par' dir='ltr' id='par_1_17' title="bbox 1914 927 1956 959">
     <span class='ocr_line' id='line_1_49' title="bbox 1914 927 1956 959; baseline 0 0"><span class='ocrx_word' id='word_1_541' title='bbox 1914 927 1956 959; x_wconf 90' lang='grc'>10</span> 
     </span>
    </p>
   </div>
   <div class='ocr_carea' id='block_1_14' title="bbox 1914 1296 1954 1327">
    <p class='ocr_par' dir='ltr' id='par_1_18' title="bbox 1914 1296 1954 1327">
     <span class='ocr_line' id='line_1_50' title="bbox 1914 1296 1954 1327; baseline 0 0"><span class='ocrx_word' id='word_1_542' title='bbox 1914 1296 1954 1327; x_wconf 86' lang='grc'>15</span> 
     </span>
    </p>
   </div>
   <div class='ocr_carea' id='block_1_15' title="bbox 1912 1663 1954 1695">
    <p class='ocr_par' dir='ltr' id='par_1_19' title="bbox 1912 1663 1954 1695">
     <span class='ocr_line' id='line_1_51' title="bbox 1912 1663 1954 1695; baseline 0.024 -1"><span class='ocrx_word' id='word_1_543' title='bbox 1912 1663 1954 1695; x_wconf 83' lang='lat'>20</span> 
     </span>
    </p>
   </div>
  </div>
 </body>
</html>
