2148 3412
134 970 173 1001 10

134 1338 174 1368 l5

199 164 279 205 266
830 172 935 205 Aen.
961 172 1021 203 ET
1047 172 1212 204 rouen.
1239 172 1386 204 COMM.

310 298 404 339 288.
436 298 616 353 Iuppiter
645 297 830 351 inqentes.
896 294 1051 337 Adhuc
1096 294 1259 349 probat,
1306 295 1633 349 stuperstitiosos
1679 309 1769 337 esse
1814 302 1854 336 et
1886 294 2030 336 stultos

198 380 324 425 atque
354 370 538 412 insanos.

311 446 404 486 289.
438 444 631 486 cubantis.
694 442 763 500 [In
797 443 1038 484 infirmitate
1069 442 1278 499 iacentis]
1312 441 1600 499 Aegrotantis.

311 519 405 559 291.
437 519 570 566 Mane,
603 519 678 568 die,
712 532 799 573 quo.
860 516 945 558 Die
977 516 1103 558 Iouis.

312 592 405 632 291.
439 592 532 632 292.
564 592 700 632 nudus
732 591 782 632 In
817 591 952 632 Tiberi
979 591 1110 632 stabit.
1171 589 1306 642 Quasi
1336 590 1475 646 legem
1505 589 1759 631 Iudaeorum
1790 588 1941 644 pulsat.

312 665 406 706 293.
438 680 489 706 eoe
515 666 737 721 praecipiti.
798 664 880 706 Vel
912 664 1220 719 desperatione,
1252 663 1319 704 uel
1350 663 1587 717 periculoso
1618 661 1778 704 morbo.

310 747 438 780 mater
470 739 598 780 clele'ra
627 740 794 780 necabit.
854 738 905 779 Id
937 747 1010 788 est,
1043 737 1219 787 occidet,
1252 744 1321 778 aut
1352 737 1523 786 nec-abit,
1569 736 1650 778 nisi
1682 736 1856 778 deorum
1887 736 2033 777 fauore

199 820 402 854 seruatur.

311 886 405 927 295.
443 888 582 936 Quone
612 886 733 928 malo.
796 884 916 942 [Qua
947 900 1084 926 causa.
1158 884 1210 925 Id
1240 890 1320 925 est:
1363 882 1580 924 Insanitne
1611 890 1785 924 naturae
1816 883 1932 933 uitio,
1979 897 2033 923 an

198 959 400 1001 instinctu
429 958 659 1016 numinis?]
720 958 1041 1015 Interrogatiue.
1090 956 1186 1010 Quo
1218 957 1328 999 malo
1361 972 1563 999 concussa
1593 956 1711 1007 facis,
1756 957 1889 998 filium
1919 963 2035 997 tuum

199 1040 308 1074 stare
340 1032 384 1074 in
415 1032 589 1075 Tiberi?

314 1111 453 1149 timore
471 1108 648 1149 deorum.
708 1105 958 1162 Responsio.
988 1105 1040 1147 Id
1061 1114 1135 1156 est,
1167 1105 1473 1159 superstitione.
1535 1105 1809 1161 Superstz‘tiosz'
1825 1104 2035 1154 dicuntur,

199 1180 273 1234 qui
304 1186 453 1235 putant
490 1180 632 1221 omnia
667 1180 879 1235 inpetrare
911 1194 1034 1234 posse
1065 1195 1089 1220 a
1120 1179 1214 1230 diis,
1261 1178 1332 1233 qui
1365 1193 1530 1233 semper
1560 1178 1603 1219 in
1635 1178 1826 1234 rogando
1857 1192 2031 1219 uersan-

199 1260 281 1304 tur,
313 1253 387 1308 qui
417 1253 560 1295 omnia
592 1253 745 1295 colunt.

314 1328 409 1369 296.
445 1328 555 1369 Haec
585 1328 685 1369 mt'ln'
712 1327 942 1369 Stertinius.
1001 1325 1294 1381 Damasippus
1324 1325 1462 1366 finiuit
1492 1325 1635 1376 uerba,
1682 1339 1790 1380 quae
1821 1325 1984 1367 audiuit
2012 1340 2037 1366 a

201 1399 420 1443 Stertinio.

314 1476 407 1516 297.
439 1475 579 1517 Arma.
600 1475 849 1529 Praecepta.
912 1475 1177 1530 conpellarer.
1199 1473 1379 1515 Insanus
1400 1473 1576 1515 dicerer.
1625 1474 1850 1530 conpellare
1885 1471 2034 1529 [enim]

201 1556 263 1591 est
292 1548 492 1591 iniuriose
524 1548 697 1604 adloqui
728 1547 970 1603 quemlibet,
1003 1556 1049 1589 ut.
1085 1548 1220 1590 Cicero
1251 1547 1295 1587 in
1324 1546 1579 1603 Philippicis
1611 1547 1710 1603 (III,
1744 1549 1812 1603 7):
1863 1548 2035 1596 Laudat,

201 1637 254 1664 an
287 1623 488 1679 conpellat
519 1623 658 1665 edicto.

314 1698 549 1753 sapientium
579 1705 756 1738 oetauus.
817 1695 948 1736 Hunc
979 1696 1098 1752 quasi
1112 1703 1301 1737 octauum
1323 1694 1412 1736 uult
1434 1709 1537 1745 esse,
1570 1694 1669 1749 quia
1690 1702 1850 1750 septem
1872 1695 2038 1735 fuerunt

200 1769 462 1824 Philosophi.
486 1772 503 1824 Η
525 1768 698 1825 Septem
730 1769 842 1810 enim
872 1770 1045 1810 fuerunt
1081 1768 1306 1823 sapientes,
1352 1776 1390 1809 et
1437 1768 1635 1822 quoniam
1682 1768 1786 1809 dixit
1832 1777 2035 1819 octauum,

203 1843 361 1885 adlusit
391 1843 499 1885 sicut
530 1844 738 1885 quenalis
769 1842 846 1899 (II,
878 1844 975 1897 40):
1013 1845 1170 1885 Tertius
1203 1857 1221 1883 e
1252 1842 1362 1883 caelo
1394 1843 1532 1884 cecidit
1567 1842 1674 1883 Cato.
1697 1843 1714 1896 Η

314 1918 409 1959 298.
443 1918 602 1959 Dixerit
631 1919 823 1959 insanum
855 1919 925 1972 qui
951 1932 1023 1958 me.
1085 1914 1133 1958 Si
1179 1915 1273 1970 quis
1319 1930 1385 1957 me
1430 1915 1585 1956 dixerit
1614 1915 1822 1966 insanum,
1860 1915 1991 1957 discet
2013 1930 2037 1956 a

200 2005 268 2032 me
299 1990 403 2031 uitia
433 2006 521 2040 sua,
554 2005 663 2046 quae
694 1991 878 2045 pendent
911 2006 934 2031 a
965 1997 1096 2046 tergo.

316 2065 410 2106 298.
443 2066 519 2120 qui.
552 2063 717 2118 Aliqui.
779 2065 948 2107 lotidem.
985 2062 1201 2105 Similiter.

315 2138 410 2178 299.
441 2139 587 2193 tynam.
646 2137 697 2178 Id
714 2146 794 2179 est:
827 2146 938 2180 retro
969 2138 1119 2193 posito,
1152 2151 1290 2188 caeco,
1322 2136 1366 2177 id
1397 2143 1471 2187 est,
1503 2136 1650 2192 ignota
1680 2136 1762 2178 sibi
1791 2137 1895 2179 uitia
1929 2136 2034 2194 [ex].

201 2210 365 2266 Aesopi
385 2210 542 2262 fabula,
574 2225 683 2267 quae
705 2211 810 2254 duas
830 2226 952 2268 peras
973 2211 1077 2254 dicit
1096 2210 1252 2253 habere
1274 2224 1396 2266 posse
1417 2210 1614 2253 mortales
1626 2227 1636 2260 3
1668 2210 1710 2252 in
1731 2211 1805 2253 illa
1824 2219 2036 2267 postrema

319 2448 351 2486 1)
375 2447 493 2477 Adhuc
516 2456 543 2489 γ.
571 2447 640 2477 rell.
666 2457 727 2478 om.
754 2466 796 2469 —
823 2457 894 2478 esse
920 2448 1008 2478 stult.
1046 2451 1131 2487 atque
1155 2457 1182 2488 γ.
1211 2447 1280 2476 ΓΘΗ.
1318 2447 1409 2477 stult.
1437 2456 1507 2477 esse
1532 2451 1566 2476 et.
1631 2448 1666 2486 3)
1691 2447 1728 2476 In
1754 2447 1811 2477 inf.
1838 2448 1894 2477 iac.
1922 2457 1981 2477 om.
2006 2457 2034 2490 γ,

202 2501 427 2542 mvaC(G?)Q.
444 2521 484 2524 --
502 2503 716 2542 Aegrotantis
741 2503 805 2545 *μθ
833 2505 903 2533 ΓΘΗ.
930 2514 991 2533 om.
1042 2504 1078 2541 4)
1104 2504 1166 2532 Die
1191 2503 1278 2533 Iouis
1303 2503 1371 2545 ·s,C,
1398 2508 1432 2533 ut
1457 2504 1574 2541 Porph.
1600 2504 1669 2533 rell.
1695 2514 1755 2534 om.
1806 2505 1840 2544 5)
1867 2504 1967 2540 Quasi
1992 2521 2033 2526 —

202 2560 309 2597 pulsat
334 2569 360 2602 γ.
386 2561 455 2590 ΓΘΗ.
482 2570 542 2590 om.
592 2560 626 2598 6)
661 2560 712 2591 Vel
735 2561 823 2599 desp.
850 2561 898 2590 uel
921 2562 1016 2598 peric.
1042 2560 1117 2602 ⁴f,fh.
1143 2560 1204 2590 uel.
1233 2570 1292 2589 om.
1319 2569 1402 2589 mva.
1429 2570 1464 2589 ea·
1489 2561 1576 2598 desp.
1597 2558 1717 2600 (G?)Q.
1742 2562 1843 2591 tacite
1868 2571 1909 2591 ex
1935 2560 1959 2590 C
1986 2570 2033 2591 re-

202 2617 297 2654 cepit.
323 2621 352 2646 et
374 2618 469 2655 peric.
496 2617 611 2653 man.
639 2627 674 2647 ez
699 2618 796 2655 peric.
825 2616 861 2647 C.
919 2618 953 2656 7)
980 2621 1074 2646 mater
1099 2616 1198 2646 delira
1221 2616 1346 2646 necabit.
1373 2621 1429 2646 aut
1453 2617 1585 2655 negabit
1611 2617 1689 2656 (sic)
1716 2628 1747 2647 n.
1774 2619 1804 2647 d.
1830 2618 1852 2648 f.
1879 2621 2035 2648 seruatur.

200 2672 318 2703 necabit
341 2673 375 2703 id
401 2678 451 2703 est
476 2684 539 2704 occ.
565 2683 591 2715 γ.
619 2674 686 2703 ΓΘΗ.
713 2683 773 2703 om.
834 2675 868 2712 9)
895 2674 1018 2709 Qua—
1035 2671 1199 2703 numinis?
1227 2683 1287 2702 om.
1313 2683 1338 2714 γ.
1366 2673 1491 2703 Insanit
1517 2673 1546 2709 Q
1571 2675 1638 2704 rell.
1664 2674 1838 2704 Insanitne.
1900 2675 1956 2714 10)
1980 2674 2033 2703 In-

202 2731 403 2769 terrogatiue
440 2747 482 2751 ⁴—
520 2731 631 2761 Tiberi
656 2740 682 2772 γ.
710 2731 780 2760 ΓΘΗ.
808 2740 864 2760 om.
893 2740 986 2770 quone
1010 2731 1096 2760 malo.
1134 2730 1342 2768 interrogatio
1367 2730 1403 2760 C.
1471 2731 1526 2769 12)
1552 2730 1777 2769 superstitiosi
1803 2749 1846 2752 —
1871 2732 1981 2761 colunt
2004 2740 2031 2772 γ.

202 2789 272 2818 rell.
299 2799 360 2818 om.
413 2788 468 2827 15)
495 2788 583 2818 Haec
608 2805 650 2809 —
669 2787 825 2818 Stertinio
850 2798 877 2829 γ.
906 2789 975 2817 rell.
1002 2798 1062 2818 om.
1130 2788 1185 2826 17)
1211 2791 1360 2826 precepta
1384 2786 1451 2829 γ,Ο.
1478 2787 1546 2816 ΓΘΗ.
1574 2797 1632 2817 om.
1650 2806 1689 2808 —
1705 2788 1791 2817 enim
1814 2797 1873 2818 om.
1899 2797 1925 2829 γ.
1975 2787 2032 2826 20)

201 2844 295 2873 Hune
320 2846 412 2882 quasi
440 2863 480 2865 >—
506 2845 692 2883 philosophi
718 2854 743 2886 γ.
769 2845 838 2874 ΓΘΗ.
866 2854 926 2874 om.
978 2844 1035 2882 21)
1063 2844 1192 2882 Septem
1218 2862 1242 2864 a
1271 2843 1351 2873 Cato
1374 2853 1401 2885 ‘l‘
1428 2844 1496 2873 rell.
1522 2854 1582 2874 om.
1610 2843 1692 2874 conf.
1720 2843 1764 2874 C:
1791 2844 1919 2883 Septem
1944 2843 2033 2874 fuere

202 2902 366 2939 sapientes
393 2901 564 2939 Graeciae3
591 2903 676 2931 hune
690 2901 885 2931 Stertinium
911 2901 1103 2931 adnumerat
1129 2902 1221 2940 quasi
1248 2906 1407 2938 octauum,
1435 2901 1584 2931 ludendo.
1612 2902 1657 2930 sic
1681 2902 1745 2931 Iua.
1778 2902 1854 2931 Tert.
1882 2919 1923 2922 -
1952 2899 2030 2930 Cato.

204 2958 262 2996 22)
287 2957 418 2987 Tertius
444 2958 530 2988 caelo
556 2968 582 2999 γ.
633 2958 690 2997 25)
717 2958 829 2996 Aliqui
858 2976 887 2977 νὴ
924 2956 1084 2987 Similiter
1108 2968 1133 2999 γ.
1160 2959 1229 2987 rell.
1257 2968 1316 2987 om.
1382 2959 1439 2996 26)
1464 2958 1657 2995 retroposito
1682 2958 1757 2998 qgfh.
1785 2958 1853 2989 rell,
1879 2957 2030 2995 reposito.

204 3015 317 3052 scripsi
342 3018 424 3043 retro
443 3015 550 3053 posito,
588 3016 663 3053 quia
688 3019 881 3053 retroponerc
905 3024 968 3045 non
995 3016 1149 3051 occurrit3
1188 3020 1217 3044 et
1244 3019 1325 3044 retro
1348 3014 1465 3049 flectere
1491 3018 1522 3043 et
1545 3018 1627 3043 retro
1651 3023 1741 3053 affere
1772 3014 1855 3052 apud
1893 3013 2030 3049 Quintil.

203 3069 259 3105 XI,
286 3071 303 3099 3
331 3074 359 3099 et
385 3071 512 3102 Petron,
545 3072 603 3100 126
642 3072 844 3101 scribendum
883 3077 942 3105 est,
981 3076 1013 3100 ut
1049 3072 1133 3109 apud
1159 3071 1289 3100 Liuium
1313 3075 1395 3099 retro
1421 3070 1530 3107 redire,
1557 3074 1638 3099 retro
1662 3070 1812 3099 remittere
1836 3075 1867 3099 et.
1892 3080 1941 3108 ap.
1967 3068 2030 3099 Cic.

203 3125 299 3155 'rusci
325 3126 363 3162 V,
390 3128 427 3156 2:
452 3131 534 3156 <retro
558 3127 718 3166 respicere.
746 3128 828 3158 conf.
856 3127 922 3158 Cic.
949 3128 1061 3157 Diuin.
1086 3128 1111 3165 Ι,
1139 3128 1197 3156 24:
1224 3128 1301 3166 quid
1325 3131 1407 3156 retro
1431 3132 1457 3156 et
1479 3137 1499 3156 a
1525 3131 1604 3165 teryo
1630 3128 1728 3157 fieret.
1767 3136 1859 3156 caeco
1893 3136 1921 3168 γ.
1960 3125 2029 3155 ΓΘΗ.

204 3191 265 3212 om.
294 3183 408 3221 ignota
433 3183 494 3213 sibi
520 3183 601 3213 uitia
624 3183 691 3224 330.
719 3184 788 3214 rell.
816 3194 877 3214 om.
902 3193 938 3213 ecc
963 3194 1022 3214 om.
1049 3193 1076 3223 γ,
1104 3187 1241 3213 sumtum
1267 3184 1325 3214 hoc
1351 3188 1398 3213 est
1425 3194 1465 3213 ex
1493 3182 1528 3213 C.
1589 3182 1648 3224 27)
1676 3183 1707 3213 in
1733 3183 1788 3213 illo
1807 3186 1956 3221 postremo
1980 3190 2006 3223 γ.

2118 279 2122 298 4

2118 299 2122 337 ἰ

2118 342 2121 357 ι
