2148 3412
771 180 820 212 IN
846 179 983 213 SERM.
1008 179 1034 219 1,
1061 181 1112 213 ιο.
1778 169 1857 210 167

698 383 976 439 SATIRA
1017 383 1057 451 1,
1099 386 1180 437 10.

847 492 1036 538 AGRON.

142 598 299 653 Nempe.
345 593 434 636 Aut
454 595 755 651 interrogantis
779 594 894 651 [est‚]
928 601 998 635 aut
1028 594 1326 636 confirmantis.
1386 595 1535 651 Nempe
1556 597 1738 652 imcomp.
1762 597 1858 638 dae'oci.
1910 604 1927 633 5

36 670 103 728 [Id
132 669 233 726 est:]
266 676 376 710 certe
407 668 619 718 confiteor,
656 683 723 709 me
754 667 924 718 dixisse,
968 667 1082 722 quod
1112 681 1284 722 asperos
1315 673 1355 708 et
1385 668 1684 723 incompositos
1714 684 1861 710 uersus

32 743 127 786 fecit
169 741 374 783 Lucilius.
441 740 683 796 Respondet
726 740 804 790 his,
849 755 874 781 a
919 740 1070 795 quibus
1116 740 1307 794 culpatus
1352 741 1500 790 fuerat,
1547 742 1658 796 quod
1702 741 1861 784 Lucilii

34 831 178 859 uersus
198 815 467 870 dampnasset
488 815 532 855 in
568 814 716 856 satira:
753 814 918 870 Eupolis
940 822 1055 869 alque
1082 814 1284 864 Cratinus,
1316 820 1355 856 et
1377 814 1492 864 dicit,
1524 829 1567 856 se
1588 830 1673 857 non
1693 822 1861 871 poetam

32 888 275 946 inprobasse
306 888 380 930 sed
409 880 568 929 uersus.

142 964 179 1004 2.
209 964 346 1018 inepte.
409 959 586 1018 [Stulte]
620 961 760 1016 inepte
790 962 981 1002 fauemus
1012 960 1152 1010 alicui,
1185 959 1354 1015 quando
1385 968 1532 1016 aperta
1551 960 1655 1002 uitia
1676 961 1765 1003 eius
1786 975 1860 1002 ne-
1888 969 1929 1000 10

33 1051 190 1093 gamus.

141 1109 178 1150 3.
215 1108 265 1150 Ut
292 1122 373 1149 non
402 1108 476 1150 Ιιοο
505 1109 696 1162 fateatur.
758 1106 886 1160 Quod
916 1107 1106 1163 asperior
1137 1113 1178 1148 et
1207 1106 1511 1163 incompositus
1542 1115 1614 1149 est.

142 1184 194 1224 At
222 1182 327 1223 idem
357 1182 462 1236 quod
491 1182 575 1223 sale
605 1182 744 1223 multo.
805 1179 1022 1223 Subiectio
1054 1187 1134 1229 est3
1171 1180 1197 1221 i.
1220 1195 1254 1221 e.
1287 1181 1359 1222 sed
1389 1181 1433 1222 in
1464 1181 1616 1223 multos
1646 1181 1862 1237 principes

33 1254 210 1297 ciuitatis
240 1253 370 1295 multa
400 1260 575 1296 uenuste
606 1260 644 1295 et
675 1254 814 1296 iocose
845 1253 953 1295 dixit
981 1254 1025 1295 in
1056 1253 1204 1296 eodem
1235 1268 1362 1310 opere
1372 1271 1382 1304 3
1429 1263 1470 1296 et
1499 1254 1788 1310 perseuerauit
1818 1254 1862 1296 in

33 1327 273 1383 metaphora
303 1327 482 1369 dicendo
513 1328 597 1369 sale
630 1328 829 1382 defricuit.
1889 1338 1929 1369 15

143 1400 267 1458 [quod
296 1417 327 1443 s.
358 1400 432 1457 m]
493 1399 726 1443 Venustate
756 1400 945 1442 facetiae.
1007 1400 1100 1442 Sale
1143 1400 1267 1443 multo
1311 1400 1407 1451 ideo
1453 1401 1511 1443 ait
1557 1401 1640 1459 [in]
1688 1415 1862 1443 numero

141 1594 300 1625 ACRON.
348 1596 407 1625 AD
433 1595 812 1626 MALEDICTIONEM
849 1593 1010 1624 LVCILII
1047 1593 1309 1624 RESPONDET
1347 1595 1613 1633 (RESPONDIT
1638 1597 1674 1635 b)
1711 1596 1862 1638 THPWb.

33 1651 141 1682 Ambr.
168 1652 294 1690 Egloga
318 1652 488 1682 undecima
514 1653 553 1681 ad
579 1652 841 1682 maledictionem
866 1649 978 1688 lucilii,
1015 1659 1076 1680 om.
1103 1650 1288 1688 respondet,
1325 1651 1359 1680 F.
1386 1651 1528 1681 Lucillus
1554 1653 1730 1690 respondet
1755 1663 1778 1694 μ
1803 1652 1861 1691 (19

33 1718 80 1747 ap.
105 1708 236 1738 Pottier.
265 1710 360 1738 7980.
388 1718 469 1738 saec.
495 1708 597 1747 XIV).
638 1707 760 1738 Contra
785 1707 926 1737 lucillum
951 1708 988 1736 de
1014 1712 1158 1744 poemate
1195 1708 1279 1738 Flor.
1308 1707 1402 1737 Laur.
1428 1707 1575 1738 XXXIV.
1606 1709 1655 1738 12.
1682 1718 1763 1738 saec.
1788 1708 1861 1739 XII.

33 1765 156 1803 Egloga
191 1765 355 1794 undecima
391 1765 452 1795 JO.
491 1764 671 1795 EGLOGA
696 1765 750 1794 XI.
789 1764 900 1807 1⁴]ssqu
940 1763 1095 1794 Sol-boun.
1122 1764 1204 1793 Item
1229 1764 1269 1794 de
1293 1765 1403 1794 lucilio
1430 1768 1525 1802 poeta
1550 1766 1666 1803 egloga
1689 1765 1728 1794 X.
1754 1765 1780 1794 I.
1806 1765 1861 1794 In-

33 1822 233 1860 scriptionem
259 1822 308 1851 ed.
333 1822 418 1851 Med.
447 1823 486 1851 74
518 1823 632 1860 Satyra
656 1823 688 1851 X
709 1821 751 1851 ad
773 1821 1006 1851 maledictionem
1031 1820 1144 1850 Lucilii
1165 1821 1324 1859 respondet
1358 1821 1512 1851 Pithoeus
1549 1822 1682 1856 deleuit.
1720 1831 1860 1859 ponens:

34 1877 143 1917 Ecloya
166 1879 197 1907 X
218 1878 253 1907 de
277 1878 403 1909 Lucilio.
432 1896 470 1900 —
500 1878 581 1908 Octo
607 1887 719 1908 uersus
745 1878 793 1907 illi
820 1878 1003 1908 subditicii:
1041 1877 1150 1913 Lucili,
1177 1887 1265 1915 quam
1289 1877 1329 1906 sis
1365 1877 1530 1914 mendosus,
1568 1882 1636 1907 teste
1675 1876 1793 1914 Catone,
1818 1895 1861 1899 -——

37 1934 302 1964 Grammaticorum
326 1934 453 1973 equitum
477 1934 670 1964 doctissimus.
715 1935 753 1964 Ut
774 1934 896 1963 redeam
919 1934 1000 1971 illuc,
1038 1934 1077 1963 ‹le
1102 1935 1219 1972 quibus
1246 1936 1316 1972 lege
1341 1934 1463 1964 Iacobs.
1493 1934 1596 1964 Lectt.
1622 1934 1779 1963 Venusin.
1804 1934 1861 1971 XI,

35 1991 106 2028 225,
131 2001 194 2021 van
218 1992 355 2031 Heusdii
393 1993 456 2021 iun.
494 1991 596 2021 Lucil.
622 2001 651 2029 p.
683 1993 754 2021 121.
794 1992 909 2022 Orellii
935 1991 1017 2023 Exc.
1043 2000 1073 2029 p.
1104 1991 1288 2020 183ᾉ186.
1315 1991 1527 2020 Walckenaer
1551 1990 1576 2027 I,
1603 1991 1677 2020 393.
1714 1991 1861 2020 Lambin.

35 2048 87 2085 al„
111 2057 168 2077 non
193 2033 346 2086 leguntur
372 2049 403 2078 in
429 2044 594 2090 -sDFNMtl
616 2048 677 2087 (18
703 2048 913 2086 ap.-1’0ttie1·.
941 2048 1044 2086 8218)
1061 2057 1082 2077 χ
1108 2047 1177 2087 (23.
1207 2048 1309 2085 7984)
1343 2047 1502 2077 Sorbonn.
1530 2047 1561 2076 S.
1590 2046 1741 2077 German.
1768 2047 1861 2076 Barc.

33 2104 138 2135 Ambr.
163 2105 331 2144 Bamberg.
358 2105 492 2143 Argent.
518 2104 543 2135 C
567 2104 711 2143 (Oberl.)
738 2114 820 2134 saec.
846 2105 890 2133 XI
917 2108 949 2134 et
966 2104 994 2133 D
1014 2103 1157 2143 (Oberl.)
1183 2113 1265 2133 saec.
1290 2103 1344 2133 XI.
1372 2103 1515 2141 Sangall.
1543 2103 1710 2133 Harleiani
1736 2107 1863 2141 praeter

0 2170 1 2207 J
36 2161 119 2191 2724
144 2170 225 2191 saec.
250 2161 327 2190 XIII
352 2167 383 2190 et
410 2162 495 2191 2699
524 2162 665 2190 eiusdem
691 2161 818 2196 aetatis,
845 2164 929 2190 teste
948 2161 1162 2198 Babingtone.
1190 2160 1272 2189 Flor.
1302 2159 1394 2189 Laur.
1421 2160 1469 2188 Pl.
1496 2160 1673 2189 XXXVIII.
1700 2169 1782 2190 saec.
1808 2159 1863 2190 XI.

0 2209 2 2248 Ξ
37 2220 66 2247 et
89 2217 136 2247 Pl.
162 2217 296 2246 XXXIV
324 2222 389 2247 tres
416 2228 498 2247 saec.
525 2218 580 2246 XI.
599 2217 671 2246 XII.
691 2221 723 2246 et
739 2216 826 2246 XIII.
854 2225 895 2245 ex
920 2216 1069 2246 Romanis
1096 2220 1161 2246 uet.
1189 2216 1355 2246 Sueeouat.
1390 2218 1474 2245 1666
1502 2226 1584 2246 saec.
1610 2216 1649 2245 X.
1676 2216 1750 2246 Vat.
1776 2216 1864 2245 3257

0 2260 3 2310 i
36 2281 114 2302 saec.
140 2272 193 2302 XI.
218 2273 291 2303 Vat.
317 2274 386 2303 Pal.
418 2275 502 2303 1657
521 2277 551 2302 et
569 2272 659 2303 Chis.
685 2273 724 2302 H.
742 2273 779 2302 V.
809 2273 868 2302 165
897 2272 998 2301 eiusd.
1025 2274 1154 2302 aetatis.
1180 2273 1254 2302 Vat.
1282 2273 1366 2302 2776
1395 2276 1426 2302 et
1453 2273 1538 2302 5183
1565 2281 1647 2302 saec,
1666 2271 1737 2301 XII.
1763 2271 1865 2301 Valli-

1 2325 4 2359 ἱ
37 2329 103 2358 cell.
129 2328 165 2359 C.
193 2331 243 2359 76.
271 2339 353 2359 saec.
378 2329 450 2359 XII.
477 2334 512 2359 ut
535 2330 588 2359 hic
614 2331 653 2359 de
678 2330 752 2359 aliis
777 2333 911 2359 taceam.
949 2330 1049 2367 Neap.
1076 2327 1253 2358 CCLXXV.
1280 2329 1333 2358 IV.
1361 2329 1395 2359 F.
1425 2330 1475 2358 27.
1514 2338 1595 2358 saec.
1621 2327 1692 2357 XII.
1718 2327 1863 2357 Monacc.

3 2390 5 2434 j
36 2384 69 2415 F.
98 2386 124 2414 1.
149 2385 330 2416 Emmeran.
356 2386 502 2416 Ratisbo.
529 2395 610 2416 saec.
637 2386 667 2415 X
703 2386 847 2425 (Krause
871 2396 902 2424 p.
934 2387 971 2415 16
1000 2389 1031 2415 et
1058 2386 1094 2415 O.
1122 2385 1210 2414 Iahn.
1248 2384 1394 2422 Prolegg.
1434 2386 1465 2415 in
1491 2385 1576 2415 Pers.
1603 2395 1631 2422 p.
1659 2383 1771 2422 CCV).
1800 2384 1863 2413 375

4 2437 7 2476 l
38 2450 116 2472 saec.
140 2442 200 2471 XII
226 2446 287 2472 etc.
315 2446 375 2473 etc.
425 2444 570 2473 Exstant
595 2447 702 2473 autem
726 2453 839 2473 uersus
866 2443 915 2472 illi
952 2443 985 2472 in
1021 2442 1109 2472 Parr.
1147 2441 1384 2484 EBcpHINOW
1421 2440 1544 2471 Genou.
1582 2441 1698 2471 Bernn.
1736 2439 1863 2469 ACDF.

5 2512 7 2541 ι
37 2497 155 2528 Romm.
179 2497 347 2529 Suecouat.
379 2500 461 2529 1675
483 2504 514 2529 et
533 2500 686 2529 Ottobon.
716 2500 812 2529 1660.
840 2508 923 2529 saec.
950 2499 1022 2529 XII.
1026 2499 1098 2528 Vat.
1126 2499 1211 2528 3259
1239 2508 1320 2527 saec.
1345 2498 1400 2527 XI.
1430 2498 1515 2527 2766
1531 2506 1612 2526 saec.
1638 2497 1709 2526 XII.
1725 2497 1750 2526 Ι.
1763 2496 1817 2525 VI.
1833 2497 1863 2526 2.

6 2544 8 2588 i
38 2563 116 2587 saec.
141 2555 211 2585 XII.
258 2556 442 2586 Notandum
469 2560 528 2593 est,
556 2557 635 2585 istos
662 2556 788 2594 spurios
813 2565 927 2586 uersus
953 2556 985 2585 in
1011 2556 1178 2585 nonnullis
1204 2555 1296 2585 codd.
1322 2558 1379 2583 aut
1404 2563 1421 2582 a
1441 2555 1455 2582 1
1479 2563 1533 2589 m„
1562 2556 1597 2581 ut
1624 2553 1657 2581 in
1682 2552 1755 2581 Vat.
1776 2553 1865 2581 2777

6 2589 9 2646 i
39 2619 116 2641 saec.
132 2611 216 2649 XIV,
241 2612 332 2641 Ha1l.
360 2613 446 2641 2724
473 2621 555 2642 saec.
574 2612 663 2649 XIII,
689 2616 745 2641 aut
770 2621 788 2641 a
812 2621 895 2644 man.
921 2621 997 2648 rec.,
1023 2616 1060 2641 ut
1086 2613 1118 2642 in
1144 2612 1241 2640 Burn.
1271 2612 1332 2640 179
1360 2610 1501 2639 eiusdem
1527 2608 1865 2645 aetatis.adse1iptos

8 2647 10 2692 l
39 2666 184 2705 iuuenili,
210 2672 304 2706 atque
330 2669 554 2706 inscriptiones
579 2678 643 2698 non
668 2672 742 2697 ante
768 2668 823 2697 sed
849 2672 922 2706 post
946 2678 1059 2697 uersus
1086 2669 1119 2697 in
1147 2668 1231 2703 aliis,
1259 2671 1294 2696 ut
1319 2667 1351 2695 in
1369 2666 1437 2702 ΗΡ,
1464 2666 1588 2703 positas
1613 2673 1645 2693 es
1651 2674 1694 2701 se,
1722 2664 1753 2692 in
1778 2664 1864 2701 aliis,

8 2716 73 2752 lut
96 2732 128 2766 φ,
163 2725 270 2754 nullas
295 2726 418 2763 glossas
455 2726 497 2755 iis
522 2726 615 2755 datas
642 2734 720 2761 esse
758 2725 791 2754 in
816 2724 842 2753 Β
869 2734 997 2763 paucas.
1037 2723 1130 2755 Conf.
1156 2723 1298 2753 Ulrichs.
1325 2723 1408 2752 Mus.
1434 2722 1492 2750 Rh.
1517 2721 1572 2759 XI,
1601 2721 1676 2757 602,
1713 2719 1865 2750 Doederl.

10 2777 157 2810 Peerlk
180 2780 338 2811 Meineke.

11 2837 13 2840 '
148 2837 182 2875 5)
207 2837 273 2867 Aut
298 2838 355 2867 int.
382 2842 436 2867 aut
461 2838 545 2867 conf.
573 2847 598 2879 γ.
624 2837 691 2867 Aut
717 2837 797 2867 conf.
825 2840 878 2866 aut
907 2837 966 2866 int.
983 2834 1221 2876 X(G?Q),¹nva.
1252 2835 1317 2865 Aut
1342 2844 1401 2863 non
1427 2834 1506 2863 firm.
1532 2832 1578 2862 fh.
1606 2832 1809 2862 concedentis
1828 2830 1864 2862 C.

12 2881 14 2921 l
43 2890 75 2929 6)
100 2891 226 2922 Lemma
251 2894 437 2932 interposui.
464 2895 500 2923 Id
526 2899 576 2923 est
600 2904 663 2925 om.
691 2903 718 2935 γ.
771 2892 804 2931 7)
830 2893 907 2923 fecit
931 2893 1107 2935 7XG,mva.
1134 2892 1242 2922 fecerit
1267 2892 1304 2926 Q.
1336 2890 1455 2920 fecisset
1479 2890 1525 2919 fh.
1554 2888 1595 2918 C:
1616 2906 1655 2908 n—
1675 2888 1730 2917 sed
1755 2897 1865 2917 uersus

13 2938 16 2992 i
43 2947 118 2985 eius,
144 2958 220 2987 quos
245 2959 307 2979 non
333 2960 398 2980 suo.
433 2951 488 2980 secl
514 2951 583 2980 eius
611 2951 729 2979 saeculi
754 2950 834 2979 uitio
859 2950 955 2979 duros
981 2949 1121 2979 fecisset.
1158 2947 1335 2986 Respondit
1357 2956 1384 2988 γ.
1421 2950 1455 2975 ut
1482 2946 1653 2983 inscriptio
1690 2945 1723 2974 in
1748 2945 1778 2975 b.
1830 2942 1865 2983 8)

14 2993 17 3053 j
42 3001 174 3041 Eupolus
190 3016 251 3035 mv.
268 3024 304 3027 ψ-
325 3016 383 3035 non
402 3017 462 3037 om.
481 3017 507 3049 γ.
534 3006 722 3045 improbasse
738 3004 976 3049 «sBep.G(G‘?)Q.
998 3007 1208 3044 increpassem
1226 3004 1315 3033 vash.
1369 3003 1423 3041 10)
1451 3002 1552 3031 stulte
1570 3011 1629 3030 om.
1648 3011 1674 3042 γ.
1695 3002 1801 3038 inepta
1818 3000 1863 3030 fh.

15 3064 18 3109 l
46 3058 98 3097 15)
123 3061 189 3090 sale
205 3062 339 3091 dicendo
357 3063 435 3091 defr.
454 3073 479 3104 γ.
507 3063 642 3092 dicendo
668 3072 728 3092 om.
754 3071 836 3093 mva.
890 3062 944 3100 16)
972 3062 1141 3091 Venustate
1165 3060 1298 3090 facetiae
1321 3069 1347 3101 γ.
1375 3062 1511 3088 uenuste
1537 3057 1674 3087 faceciae
1698 3067 1728 3087 v.
1748 3065 1865 3086 uenus-

16 3114 19 3142 ’.
43 3116 96 3143 tate
120 3115 236 3146 facecia
260 3127 302 3149 m.
339 3118 506 3148 Venustale
531 3118 643 3148 facecia
672 3116 790 3157 (G‘?Q).
823 3117 963 3154 Venusle,
1006 3117 1103 3147 facete
1129 3116 1194 3146 afh.
1220 3126 1276 3155 pro
1303 3116 1385 3144 salse
1412 3120 1443 3145 et
1468 3124 1574 3145 amare
1600 3114 1807 3153 reprehendit
1833 3117 1867 3143 et.

17 3159 20 3220 i
43 3167 141 3200 facete
166 3171 200 3201 C.
226 3173 286 3212 agit
310 3183 394 3204 num.
419 3184 446 3215 'l‘-
472 3175 519 3204 ait
543 3183 675 3204 numero
700 3174 821 3204 mvafh.
848 3174 896 3204 ait
920 3173 952 3203 in
977 3183 1062 3204 num.
1089 3172 1192 3212 G(Q.)
