2148 3412
832 120 879 151 m
905 119 1041 153 sERM.
1067 120 1113 160 Π,
1140 125 1169 152 8.
1837 111 1917 150 347

204 245 266 283 77.
305 244 353 284 Et
381 243 509 284 soleas
534 244 674 299 poscit.
736 242 795 284 Ut
829 243 970 284 redeat
1017 244 1070 284 ad
1115 244 1282 295 lectum,
1329 245 1465 286 denuo
1512 252 1773 294 caenaturus,
1820 244 1920 298 quia

91 316 255 358 territus
287 315 376 357 sine
409 316 532 357 soleis
564 316 796 371 aufugerat.

202 391 266 431 78.
299 389 489 431 Sl'ridere.
549 389 599 429 Id
632 397 710 430 est:
758 397 980 443 postquam
1013 405 1056 431 se
1086 390 1343 433 Nasidienus
1374 392 1530 433 leuauit
1561 408 1583 432 a
1615 392 1734 441 lecto,
1768 406 1918 446 coepe-

91 470 186 504 runt
232 463 436 504 conuiuae
483 477 702 505 susurrare
747 463 1002 516 quaerentis,
1051 464 1252 517 quidnam
1299 465 1381 506 illis
1412 464 1667 507 Nasidienus
1703 465 1918 506 adlaturus

89 543 206 587 esset,
238 544 283 577 ut.
313 536 599 585 comederent:
630 552 728 576 nam
760 536 854 576 ideo
886 536 1078 586 surrexit,
1110 545 1153 577 ut
1186 552 1324 579 escam
1353 539 1546 579 adferret.
1608 538 1791 579 Aliter.
1845 538 1917 581 Ob

90 610 166 651 hoc
197 609 369 660 scilicet,
402 610 513 664 quod
545 610 614 650 ille
647 610 907 650 discesserat.
954 609 1010 650 Et
1040 610 1283 661 notandum,
1321 612 1432 665 quod
1464 612 1555 667 ipso
1588 627 1710 653 uersu
1731 613 1918 653 imitatus

90 691 150 725 est
182 698 327 724 sonum
360 683 532 733 susurri,
574 691 618 723 ut
650 683 788 738 (I'ery.
821 682 919 732 VII,
945 684 1065 738 634):
1094 710 1127 713 —
1157 685 1260 726 [etilo
1293 686 1445 726 dueum
1476 694 1651 740 amento,
1686 694 1722 726 ct
1756 685 1829 739 (A.
1863 685 1916 735 V,

88 758 187 799 866:
217 784 255 788 -—
285 758 365 798 sale
395 773 500 799 saxa
533 758 737 798 sonabant.
800 758 850 796 ds.
883 772 978 798 cure
1009 772 1214 798 susurros.
1277 756 1524 799 Subtractos
1560 773 1785 799 sermones.

199 833 263 877 79.
298 831 441 873 Nullos
474 832 532 872 lu's
562 832 723 872 mallem
756 830 810 871 lu.
843 839 959 886 spect.
1020 829 1116 871 Hoc
1147 829 1370 880 Horatius3
1404 831 1452 871 Id
1485 839 1563 873 est:
1598 833 1735 886 magis
1765 832 1916 873 uellem

85 904 160 946 hos
191 912 414 945 caenantes
446 911 669 959 spectasse,
702 919 827 958 quam
859 903 1029 957 quosuis
1059 903 1192 945 ludos.

200 978 284 1034 [80.
325 978 513 1019 Vibidius.
573 976 608 1017 F
612 977 854 1034 undanius.]

198 1053 262 1093 83.
292 1052 407 1108 fictis.
467 1051 519 1092 Id
550 1058 623 1101 est,
669 1051 785 1101 iocis,
833 1051 944 1106 quia,
990 1052 1062 1106 qui
1098 1052 1186 1092 uult
1217 1067 1385 1093 mouere
1417 1053 1561 1101 risum,
1606 1053 1726 1108 fingit
1759 1067 1802 1092 se
1848 1061 1917 1093 aut

87 1133 301 1175 maestum,
349 1133 419 1166 aut
449 1125 615 1175 iratum,
662 1133 731 1165 aut
763 1125 923 1179 aliquid
954 1125 1050 1175 tale,
1097 1126 1211 1179 quod
1244 1126 1375 1167 solent
1407 1135 1445 1167 et
1476 1126 1593 1167 mimi
1634 1127 1784 1167 facere.
1844 1141 1916 1167 se-

90 1200 229 1242 cundo.
288 1197 330 1239 A
361 1198 469 1240 tristi
501 1200 611 1240 facto
642 1198 778 1239 hilari.
808 1201 824 1253 Η
853 1198 1048 1255 &anapia-q)
1082 1199 1374 1254 subsequente,
1421 1200 1463 1240 id
1496 1207 1568 1249 est,
1615 1208 1653 1240 et
1684 1200 1776 1254 ipso
1808 1214 1916 1254 pos—

87 1279 202 1315 cente
232 1272 395 1328 pocula.

198 1346 282 1404 [84.
316 1355 491 1388 mutatae
519 1348 675 1400 smmis.
734 1345 824 1386 Iam
861 1345 1043 1402 laetior.]

196 1422 262 1462 86.
295 1435 540 1462 mazonomo.
602 1418 748 1461 Genus
784 1419 916 1460 lancis
966 1419 1080 1476 [est]
1128 1420 1171 1460 in
1218 1435 1299 1475 quo
1344 1428 1563 1476 portantur
1608 1435 1741 1470 escae,
1788 1420 1917 1462 ueluti

86 1494 257 1550 grande,
291 1494 496 1550 saliarefs)
558 1496 767 1549 discerpta.
800 1492 966 1534 Diuisa.

196 1569 260 1610 88.
293 1570 415 1610 iecur.
478 1567 519 1608 A
550 1575 669 1622 parte
700 1575 844 1609 totum.

197 1643 260 1683 89.
294 1651 339 1684 ut
369 1643 493 1683 mullo
525 1643 705 1683 suam'us.
765 1640 875 1681 Nam
907 1640 1076 1683 suauius
1108 1648 1183 1691 est,
1217 1641 1326 1683 solos
1343 1656 1480 1682 armos
1503 1641 1660 1696 leporis
1682 1642 1914 1691 comedere,

86 1729 208 1769 quani
241 1730 334 1756 cum
366 1715 534 1766 lumbis,
580 1716 681 1769 quia
721 1715 765 1756 in
796 1714 990 1756 clunibus
1022 1715 1182 1770 aliquid
1214 1715 1369 1756 habent
1402 1715 1618 1772 [habetur]
1652 1716 1746 1756 tetri
1778 1715 1918 1756 odoris

86 1795 125 1830 et
154 1789 314 1844 saporis
346 1789 485 1830 minus
516 1789 760 1830 iucundum.

195 1864 260 1904 89.
293 1864 357 1905 90.
392 1879 538 1913 armos,
577 1865 710 1913 (jacam.
741 1864 777 1903 εἰ
796 1877 885 1904 cani
908 1862 1064 1904 lumbis.
1129 1863 1270 1904 Lumbi
1298 1863 1391 1917 plus
1422 1863 1578 1903 habent
1609 1863 1761 1912 carnis,
1795 1864 1920 1904 armis

86 1950 183 1977 uero
213 1936 509 1992 indigestiores
540 1944 647 1979 sunt.
724 1936 871 1978 Oblati
913 1943 1007 1977 sunt
1038 1935 1170 1991 igitur
1200 1936 1322 1977 nobis
1355 1938 1464 1977 armi
1491 1951 1579 1978 cum
1612 1937 1767 1986 lumbis,
1816 1951 1918 1990 quos

86 2011 344 2053 commodius
376 2011 485 2053 solos
516 2026 619 2061 esse,
653 2025 777 2066 quam
810 2009 936 2050 simul
968 2024 1062 2050 cuin
1094 2008 1260 2051 lumbis.

222 2111 254 2149 1)
280 2111 325 2140 Ut
352 2129 393 2131 ἕ
419 2110 588 2150 aufugerat
612 2120 639 2152 γ.
667 2111 736 2140 rell.
763 2120 823 2140 om.
851 2109 934 2139 conf.
963 2108 1003 2138 C:
1030 2108 1138 2137 soleas.
1165 2108 1344 2146 calopodes,
1380 2117 1492 2147 nempe
1525 2109 1564 2138 ad
1599 2109 1810 2146 reparandum
1844 2117 1919 2138 con-

86 2166 215 2196 uiuium.
265 2169 299 2206 3)
327 2168 463 2197 Stridere
480 2168 692 2197 ——sonabant
717 2177 744 2209 γ.
772 2167 841 2196 rell.
869 2176 931 2196 om.
959 2165 1044 2195 conf.
1072 2165 1114 2194 C:
1140 2165 1277 2194 stridere.
1305 2170 1473 2204 postquam
1500 2167 1559 2195 Na.
1586 2166 1804 2204 discessisset,
1831 2174 1917 2203 coep.

86 2231 173 2252 conu.
200 2233 246 2253 su.
273 2225 307 2254 in
332 2234 451 2261 aurem,
490 2226 706 2261 sciscitantes,
744 2233 900 2262 quasnam
938 2226 1090 2261 putarent
1119 2231 1208 2251 escas
1242 2223 1414 2253 allaturum
1442 2223 1661 2258 Nasidienum,
1700 2226 1731 2251 et
1759 2240 1797 2242 —
1826 2231 1918 2250 uersu

85 2279 123 2309 sit
142 2279 271 2310 imitatus
294 2280 420 2311 sonitum
444 2282 576 2318 susurri,
604 2286 638 2311 ut
664 2299 703 2302 ›—
731 2282 905 2311 sonabunt.
966 2280 1000 2318 8)
1028 2277 1421 2321 Subtaetsssss‘sssssfermones
1447 2279 1527 2317 (litt.
1554 2279 1770 2316 euanuerunt)
1796 2288 1820 2319 γ.
1850 2278 1918 2306 rell.

87 2345 146 2366 om.
172 2336 265 2367 Posui
290 2337 458 2367 subtractos
482 2347 640 2367 sermones.
698 2339 733 2377 9)
758 2337 794 2366 Id
821 2341 880 2374 est,
906 2336 1024 2366 mallem
1048 2336 1095 2366 fh.
1122 2336 1189 2366 rell.
1216 2336 1253 2364 Id
1280 2340 1338 2366 est.
1364 2336 1459 2375 vtzccyis
1484 2336 1596 2365 uellem.
1649 2335 1704 2373 11)
1730 2334 1918 2363 Fundanius

88 2403 146 2423 om.
170 2403 196 2435 γ.
222 2394 329 2424 Verba
353 2395 514 2425 Fundanii
541 2395 578 2427 C.
649 2396 703 2433 12)
718 2394 814 2433 fictis.
842 2394 876 2423 Id
904 2398 951 2424 est
966 2412 1005 2414 we
1022 2393 1127 2423 facere
1152 2403 1177 2435 γ.
1204 2394 1272 2423 rell.
1300 2403 1360 2423 om.
1386 2393 1469 2423 conf.
1497 2392 1538 2421 C:
1567 2390 1798 2429 ‘ridetur-fictis.
1827 2391 1918 2426 iocis,

88 2451 159 2488 quia
174 2469 211 2471 -ν
226 2452 335 2489 risum,
363 2462 395 2481 se
422 2453 517 2490 fingit
543 2457 598 2482 aut
624 2457 795 2487 maestum,
833 2456 888 2480 aut
915 2452 1043 2486 iratum,
1069 2455 1122 2480 aut
1145 2450 1282 2487 Izistzrem,
1310 2455 1369 2480 etc.
1395 2450 1494 2479 instar
1518 2449 1689 2485 mimorum3
1717 2452 1772 2477 aut
1796 2447 1919 2476 ridetur

87 2512 214 2546 propter
240 2509 394 2547 figmenta
419 2509 589 2538 Nasidieni
610 2510 727 2538 eteius
754 2509 901 2538 sordeis.'
954 2509 1009 2546 14)
1035 2507 1173 2537 secundo.
1200 2518 1219 2536 a
1243 2508 1333 2537 tristi
1359 2506 1448 2536 factis
1474 2505 1587 2535 hilaris
1612 2515 1640 2546 γ.
1665 2514 1700 2533 ea:
1725 2504 1813 2533 tristi
1839 2503 1919 2532 facto

88 2563 183 2603 hylari
207 2575 227 2595 v
252 2565 361 2604 (hilari
387 2576 447 2595 ina.
480 2567 594 2595 hilaris
619 2566 680 2604 fh).
699 2584 709 2585 e
729 2583 738 2585 -
754 2559 955 2596 Tlltlplll'l'a
981 2564 1060 2602 (sie)
1076 2583 1110 2585 r*
1132 2565 1245 2603 pocula
1269 2573 1294 2604 γ.
1323 2565 1391 2593 rell.
1418 2573 1478 2592 om.
1506 2562 1588 2591 conf.
1608 2561 1652 2590 G:
1679 2560 1857 2589 ‘Balatrone
1873 2569 1919 2588 se-

88 2621 190 2651 cundo.
210 2623 411 2661 hypocritam
431 2627 559 2661 agente,
589 2624 814 2660 subsequente,
846 2622 1077 2657 subseruiente,
1098 2622 1213 2659 pocula
1230 2621 1324 2649 etiam
1342 2623 1506 2658 poscente.
1523 2617 1702 2648 secundabat
1718 2618 1823 2647 omnia
1842 2617 1919 2646 iocis

90 2678 176 2708 suis.'
227 2681 281 2718 16)
306 2679 373 2709 Iam
398 2680 514 2710 laetior
540 2689 600 2709 om.
625 2689 652 2719 γ.
704 2677 760 2717 17)
788 2683 835 2708 est
862 2688 922 2707 om.
950 2688 978 2720 γ.
1006 2688 1065 2716 quo
1089 2678 1153 2720 -(‚C.
1173 2679 1243 2708 rell.
1270 2687 1341 2716 qua.
1369 2677 1448 2706 conf.
1468 2676 1511 2705 C:
1538 2676 1730 2704 Jlazonomus
1748 2683 1850 2711 genus
1870 2678 1920 2702 est

88 2734 187 2765 lancis
205 2737 393 2774 capacioris,
421 2738 452 2765 in
471 2746 531 2775 quo
549 2735 821 2775 deferunturescae,
848 2745 957 2774 massua
974 2735 1117 2765 scutella!
1136 2754 1173 2756 -—
1189 2735 1287 2765 ueluti
1303 2744 1384 2765 omn.
1404 2734 1485 2763 libri.
1517 2733 1544 2768 Q
1561 2733 1660 2761 tacite
1687 2731 1799 2760 incule.
1827 2731 1919 2761 uelut.

92 2792 146 2830 18)
170 2792 285 2822 Diuisa
308 2792 375 2835 «μῦ.
402 2794 472 2823 rell.
501 2803 563 2822 om.
616 2791 670 2827 19)
698 2797 802 2830 aperte
829 2796 931 2821 totum
958 2801 986 2834 γ.
1039 2792 1095 2830 20)
1121 2802 1157 2834 γε
1186 2792 1227 2821 ιῐη
1252 2791 1346 2821 clune.
1375 2791 1456 2826 Quia
1482 2791 1515 2819 in
1541 2789 1689 2818 clunibus
1714 2787 1837 2825 aliquid
1862 2788 1918 2816 hnt

92 2847 149 2885 (Ξ
166 2849 312 2889 habent)
340 2855 363 2879 t.
390 2861 417 2879 o.
446 2855 475 2880 et
503 2860 570 2887 sap.
596 2860 635 2878 m.
663 2849 820 2878 iocundi-1.7
847 2848 991 2878 Alterum
1018 2849 1160 2878 scholion
1187 2850 1267 2878 Nam
1295 2866 1332 2869 ---
1360 2847 1463 2877 lumbis
1489 2846 1664 2883 separatim
1690 2845 1810 2882 legitur
1837 2845 1867 2873 in
1893 2854 1918 2886 γ.

91 2904 157 2934 rell.
183 2915 242 2934 om.
292 2906 349 2944 21)
376 2906 498 2944 aliquid
518 2906 648 2934 habetur
665 2905 784 2934 mvash.
814 2906 839 2939 (ξ
858 2905 970 2934 iterum
996 2905 1095 2934 tacite
1120 2905 1318 2942 transposuit
1344 2903 1470 2933 hahetur
1494 2902 1618 2941 aliqum.
1645 2902 1726 2931 cons.
1754 2901 1795 2930 C:
1824 2909 1921 2939 *qnam

90 2961 117 2989 si
140 2970 203 2991 cum
220 2963 239 2992 l.
266 2964 366 2992 lumbi
393 2964 464 3001 plus
490 2964 520 2992 h.
548 2973 574 2991 c.
602 2963 683 2991 armi
709 2972 738 2990 u.
767 2961 904 2990 duriores
930 2971 952 2990 s.
981 2971 1008 2991 o.
1037 2963 1079 2999 ig.
1107 2963 1200 2991 nobis
1226 2966 1301 2990 sunt
1327 2961 1404 2989 armi
1431 2960 1494 2988 sine
1521 2959 1637 2987 lumbis
1672 2968 1750 2995 quos
1784 2967 1920 2986 commo-

92 3017 161 3047 dius
187 3023 234 3048 est
260 3029 284 3049 s.
312 3029 338 3049 e.
365 3030 393 3058 q.
420 3029 444 3049 s.
473 3029 543 3049 cum
570 3019 699 3055 lumbis,
725 3017 796 3056 quia
821 3017 911 3047 lambi
926 3018 1033 3047 liabent
1049 3019 1174 3056 aliquid
1194 3018 1268 3047 tetri
1286 3018 1335 3046 od.
1355 3021 1386 3045 et
1404 3026 1469 3053 sap.
1489 3016 1595 3045 minus
1623 3014 1770 3044 iucundi.y
1796 3013 1922 3043 iucundi

91 3074 236 3111 mvath.
286 3077 343 3116 23)
370 3076 484 3106 Lumbi
504 3094 543 3096 ὼ
563 3076 680 3105 lumbis
705 3084 731 3116 γ.
757 3075 828 3104 ι·θ11.
856 3084 917 3104 om.
943 3074 1025 3104 armi
1047 3085 1122 3105 uero
1147 3084 1175 3117 γ.
1224 3074 1281 3112 24)
1310 3073 1502 3111 digestiorcs
1529 3071 1563 3100 (3.
1591 3071 1701 3100 Herm.
1750 3071 1808 3110 25)
1834 3080 1919 3099 esse-

90 3139 152 3161 mus
177 3131 213 3162 C.
239 3133 347 3163 Herm.
395 3132 426 3173 †)
452 3133 539 3163 Lect.
567 3133 656 3171 uulg.
683 3132 798 3162 sals-are
825 3133 990 3171 ingeniose
1018 3142 1077 3162 cm.
1105 3130 1142 3162 C.
1167 3130 1275 3161 Herm.
1303 3129 1431 3160 cfiAcr.
1461 3127 1537 3164 C.1‚
1559 3129 1611 3165 37,
1632 3128 1656 3160 2.
1685 3126 1750 3158 Cic.
1769 3131 1801 3157 et
1824 3126 1918 3164 Apul.

1966 548 1984 578 <5¹

1943 914 1985 945 10

1941 1282 1981 1312 15

1943 1651 1984 1682 20
