<?xml version="1.0" encoding="UTF-8"?>
<!DOCTYPE html PUBLIC "-//W3C//DTD XHTML 1.0 Transitional//EN"
    "http://www.w3.org/TR/xhtml1/DTD/xhtml1-transitional.dtd">
<html xmlns="http://www.w3.org/1999/xhtml" xml:lang="en" lang="en">
 <head>
  <title>
</title>
<meta http-equiv="Content-Type" content="text/html;charset=utf-8" />
  <meta name='ocr-system' content='tesseract 3.04.00' />
  <meta name='ocr-capabilities' content='ocr_page ocr_carea ocr_par ocr_line ocrx_word'/>
</head>
<body>
  <div class='ocr_page' id='page_1' title='image "acronisetporphyr02pseuuoft_0176.png"; bbox 0 0 2148 3412; ppageno 0'>
   <div class='ocr_carea' id='block_1_1' title="bbox 144 623 161 652">
    <p class='ocr_par' dir='ltr' id='par_1_1' title="bbox 144 623 161 652">
     <span class='ocr_line' id='line_1_1' title="bbox 144 623 161 652; textangle 90"><span class='ocrx_word' id='word_1_1' title='bbox 144 623 161 652; x_wconf 57' lang='lat' dir='ltr'>&lt;JV</span> 
     </span>
    </p>
   </div>
   <div class='ocr_carea' id='block_1_2' title="bbox 144 987 182 1017">
    <p class='ocr_par' dir='ltr' id='par_1_2' title="bbox 144 987 182 1017">
     <span class='ocr_line' id='line_1_2' title="bbox 144 987 182 1017; baseline 0 0"><span class='ocrx_word' id='word_1_2' title='bbox 144 987 182 1017; x_wconf 89' lang='lat'>10</span> 
     </span>
    </p>
   </div>
   <div class='ocr_carea' id='block_1_3' title="bbox 141 1353 180 1384">
    <p class='ocr_par' dir='ltr' id='par_1_3' title="bbox 141 1353 180 1384">
     <span class='ocr_line' id='line_1_3' title="bbox 141 1353 180 1384; baseline 0 0"><span class='ocrx_word' id='word_1_3' title='bbox 141 1353 180 1384; x_wconf 86' lang='lat'>15</span> 
     </span>
    </p>
   </div>
   <div class='ocr_carea' id='block_1_4' title="bbox 138 1718 180 1750">
    <p class='ocr_par' dir='ltr' id='par_1_4' title="bbox 138 1718 180 1750">
     <span class='ocr_line' id='line_1_4' title="bbox 138 1718 180 1750; baseline 0.024 -1"><span class='ocrx_word' id='word_1_4' title='bbox 138 1718 180 1750; x_wconf 82' lang='lat'>20</span> 
     </span>
    </p>
   </div>
   <div class='ocr_carea' id='block_1_5' title="bbox 138 2082 178 2113">
    <p class='ocr_par' dir='ltr' id='par_1_5' title="bbox 138 2082 178 2113">
     <span class='ocr_line' id='line_1_5' title="bbox 138 2082 178 2113; baseline -0.025 0"><span class='ocrx_word' id='word_1_5' title='bbox 138 2082 178 2113; x_wconf 85' lang='lat'>25</span> 
     </span>
    </p>
   </div>
   <div class='ocr_carea' id='block_1_6' title="bbox 144 2447 185 2479">
    <p class='ocr_par' dir='ltr' id='par_1_6' title="bbox 144 2447 185 2479">
     <span class='ocr_line' id='line_1_6' title="bbox 144 2447 185 2479; baseline 0.024 -1"><span class='ocrx_word' id='word_1_6' title='bbox 144 2447 185 2479; x_wconf 87' lang='lat'>30</span> 
     </span>
    </p>
   </div>
   <div class='ocr_carea' id='block_1_7' title="bbox 2104 0 2148 253">
    <p class='ocr_par' dir='ltr' id='par_1_7' title="bbox 2104 0 2148 253">
     <span class='ocr_line' id='line_1_7' title="bbox 2104 0 2148 253; textangle 90"><span class='ocrx_word' id='word_1_7' title='bbox 2104 0 2148 253; x_wconf 41' lang='lat' dir='ltr'>*fini-3</span> 
     </span>
    </p>
   </div>
   <div class='ocr_carea' id='block_1_8' title="bbox 213 191 1402 230">
    <p class='ocr_par' dir='ltr' id='par_1_8' title="bbox 213 191 1402 230">
     <span class='ocr_line' id='line_1_8' title="bbox 213 191 1402 230; baseline -0.003 0"><span class='ocrx_word' id='word_1_8' title='bbox 213 191 291 230; x_wconf 75' lang='grc'>168</span> <span class='ocrx_word' id='word_1_9' title='bbox 846 197 951 229; x_wconf 74' lang='lat' dir='ltr'>Aen.</span> <span class='ocrx_word' id='word_1_10' title='bbox 978 197 1038 228; x_wconf 78' lang='grc' dir='ltr'>ΕΤ</span> <span class='ocrx_word' id='word_1_11' title='bbox 1063 196 1230 229; x_wconf 76' lang='lat' dir='ltr'>PonPH.</span> <span class='ocrx_word' id='word_1_12' title='bbox 1255 195 1402 228; x_wconf 80' lang='lat' dir='ltr'>coMM.</span> 
     </span>
    </p>
   </div>
   <div class='ocr_carea' id='block_1_9' title="bbox 202 318 2129 2274">
    <p class='ocr_par' dir='ltr' id='par_1_9' title="bbox 210 318 2034 451">
     <span class='ocr_line' id='line_1_9' title="bbox 210 318 2034 378; baseline -0.002 -15"><span class='ocrx_word' id='word_1_13' title='bbox 210 322 413 378; x_wconf 80' lang='lat' dir='ltr'>singulari</span> <span class='ocrx_word' id='word_1_14' title='bbox 446 322 556 377; x_wconf 87' lang='lat' dir='ltr'>quod</span> <span class='ocrx_word' id='word_1_15' title='bbox 588 321 775 362; x_wconf 76' lang='lat' dir='ltr'>(licturus</span> <span class='ocrx_word' id='word_1_16' title='bbox 806 327 892 361; x_wconf 77' lang='lat' dir='ltr'>crat</span> <span class='ocrx_word' id='word_1_17' title='bbox 918 320 1149 376; x_wconf 67' lang='lat' dir='ltr'>perfricuit,</span> <span class='ocrx_word' id='word_1_18' title='bbox 1180 325 1225 359; x_wconf 85' lang='lat' dir='ltr'>ut</span> <span class='ocrx_word' id='word_1_19' title='bbox 1256 318 1373 373; x_wconf 82' lang='lat' dir='ltr'>quasi</span> <span class='ocrx_word' id='word_1_20' title='bbox 1395 332 1495 360; x_wconf 88' lang='lat' dir='ltr'>uero</span> <span class='ocrx_word' id='word_1_21' title='bbox 1517 318 1577 360; x_wconf 85' lang='lat' dir='ltr'>sal</span> <span class='ocrx_word' id='word_1_22' title='bbox 1597 319 1772 368; x_wconf 83' lang='lat' dir='ltr'>faceret3</span> <span class='ocrx_word' id='word_1_23' title='bbox 1804 333 1900 359; x_wconf 89' lang='lat' dir='ltr'>nam</span> <span class='ocrx_word' id='word_1_24' title='bbox 1931 318 2034 360; x_wconf 77' lang='lat' dir='ltr'>sales</span> 
     </span>
     <span class='ocr_line' id='line_1_10' title="bbox 212 392 1864 451; baseline -0.001 -15"><span class='ocrx_word' id='word_1_25' title='bbox 212 395 468 451; x_wconf 69' lang='lat' dir='ltr'>[pluraliter]</span> <span class='ocrx_word' id='word_1_26' title='bbox 502 394 653 449; x_wconf 80' lang='lat' dir='ltr'>plurali</span> <span class='ocrx_word' id='word_1_27' title='bbox 686 408 859 434; x_wconf 84' lang='lat' dir='ltr'>numero</span> <span class='ocrx_word' id='word_1_28' title='bbox 891 392 1058 434; x_wconf 83' lang='lat' dir='ltr'>dicendi</span> <span class='ocrx_word' id='word_1_29' title='bbox 1090 400 1197 441; x_wconf 85' lang='lat' dir='ltr'>sunt,</span> <span class='ocrx_word' id='word_1_30' title='bbox 1229 406 1322 433; x_wconf 89' lang='lat' dir='ltr'>cum</span> <span class='ocrx_word' id='word_1_31' title='bbox 1353 392 1564 434; x_wconf 72' lang='lat' dir='ltr'>urbanitas</span> <span class='ocrx_word' id='word_1_32' title='bbox 1595 392 1864 447; x_wconf 81' lang='lat' dir='ltr'>significatur.</span> 
     </span>
    </p>

    <p class='ocr_par' dir='ltr' id='par_1_10' title="bbox 209 463 2035 661">
     <span class='ocr_line' id='line_1_11' title="bbox 321 463 2034 523; baseline -0.002 -14"><span class='ocrx_word' id='word_1_33' title='bbox 321 469 455 509; x_wconf 55' lang='lat' dir='ltr'>‘urbem</span> <span class='ocrx_word' id='word_1_34' title='bbox 474 469 701 523; x_wconf 55' lang='lat' dir='ltr'>perfricuit.</span> <span class='ocrx_word' id='word_1_35' title='bbox 765 465 879 522; x_wconf 91' lang='lat' dir='ltr'>[Non</span> <span class='ocrx_word' id='word_1_36' title='bbox 910 465 1057 506; x_wconf 85' lang='lat' dir='ltr'>urbem</span> <span class='ocrx_word' id='word_1_37' title='bbox 1090 464 1162 506; x_wconf 81' lang='lat' dir='ltr'>sed</span> <span class='ocrx_word' id='word_1_38' title='bbox 1193 464 1409 520; x_wconf 77' lang='lat' dir='ltr'>principes</span> <span class='ocrx_word' id='word_1_39' title='bbox 1439 463 1568 514; x_wconf 87' lang='lat' dir='ltr'>urbis,</span> <span class='ocrx_word' id='word_1_40' title='bbox 1601 463 1782 505; x_wconf 89' lang='lat' dir='ltr'>Mutium</span> <span class='ocrx_word' id='word_1_41' title='bbox 1804 471 1844 506; x_wconf 88' lang='lat' dir='ltr'>et</span> <span class='ocrx_word' id='word_1_42' title='bbox 1864 463 2034 519; x_wconf 89' lang='lat' dir='ltr'>Lupum</span> 
     </span>
     <span class='ocr_line' id='line_1_12' title="bbox 209 536 2035 596; baseline 0 -15"><span class='ocrx_word' id='word_1_43' title='bbox 209 549 246 581; x_wconf 85' lang='lat' dir='ltr'>ct</span> <span class='ocrx_word' id='word_1_44' title='bbox 278 540 470 596; x_wconf 72' lang='lat' dir='ltr'>cetoros]</span> <span class='ocrx_word' id='word_1_45' title='bbox 532 539 581 580; x_wconf 89' lang='lat' dir='ltr'>Id</span> <span class='ocrx_word' id='word_1_46' title='bbox 613 547 686 589; x_wconf 82' lang='lat' dir='ltr'>cst,</span> <span class='ocrx_word' id='word_1_47' title='bbox 719 538 932 594; x_wconf 74' lang='lat' dir='ltr'>principes</span> <span class='ocrx_word' id='word_1_48' title='bbox 964 537 1158 587; x_wconf 84' lang='lat' dir='ltr'>ciuitatis,</span> <span class='ocrx_word' id='word_1_49' title='bbox 1192 537 1290 592; x_wconf 88' lang='lat' dir='ltr'>quia</span> <span class='ocrx_word' id='word_1_50' title='bbox 1311 537 1482 592; x_wconf 89' lang='lat' dir='ltr'>Lupum</span> <span class='ocrx_word' id='word_1_51' title='bbox 1504 544 1544 579; x_wconf 84' lang='lat' dir='ltr'>et</span> <span class='ocrx_word' id='word_1_52' title='bbox 1563 536 1746 578; x_wconf 88' lang='lat' dir='ltr'>Mutium</span> <span class='ocrx_word' id='word_1_53' title='bbox 1768 536 2035 581; x_wconf 80' lang='lat' dir='ltr'>uehementer</span> 
     </span>
     <span class='ocr_line' id='line_1_13' title="bbox 211 613 578 661; baseline -0.003 -7"><span class='ocrx_word' id='word_1_54' title='bbox 211 613 393 661; x_wconf 84' lang='lat' dir='ltr'>adflixit3</span> <span class='ocrx_word' id='word_1_55' title='bbox 427 613 578 654; x_wconf 88' lang='lat' dir='ltr'>iocose.</span> 
     </span>
    </p>

    <p class='ocr_par' dir='ltr' id='par_1_11' title="bbox 322 685 1330 739">
     <span class='ocr_line' id='line_1_14' title="bbox 322 685 1330 739; baseline -0.003 -12"><span class='ocrx_word' id='word_1_56' title='bbox 322 687 462 728; x_wconf 76' lang='lat' dir='ltr'>charta</span> <span class='ocrx_word' id='word_1_57' title='bbox 492 687 689 728; x_wconf 63' lang='lat' dir='ltr'>lcncdatur</span> <span class='ocrx_word' id='word_1_58' title='bbox 720 687 806 727; x_wconf 78' lang='lat' dir='ltr'>eud.</span> <span class='ocrx_word' id='word_1_59' title='bbox 865 685 915 725; x_wconf 88' lang='lat' dir='ltr'>In</span> <span class='ocrx_word' id='word_1_60' title='bbox 947 685 1094 726; x_wconf 87' lang='lat' dir='ltr'>eodem</span> <span class='ocrx_word' id='word_1_61' title='bbox 1127 691 1330 739; x_wconf 81' lang='lat' dir='ltr'>poemate.</span> 
     </span>
    </p>

    <p class='ocr_par' dir='ltr' id='par_1_12' title="bbox 207 755 2129 1106">
     <span class='ocr_line' id='line_1_15' title="bbox 321 755 2036 813; baseline -0.002 -13"><span class='ocrx_word' id='word_1_62' title='bbox 321 761 358 800; x_wconf 85' lang='lat'>5.</span> <span class='ocrx_word' id='word_1_63' title='bbox 392 761 428 800; x_wconf 89' lang='grc'>6.</span> <span class='ocrx_word' id='word_1_64' title='bbox 461 761 541 801; x_wconf 80' lang='lat' dir='ltr'>Nec</span> <span class='ocrx_word' id='word_1_65' title='bbox 572 769 701 800; x_wconf 61' lang='lat' dir='ltr'>tannen</span> <span class='ocrx_word' id='word_1_66' title='bbox 733 759 805 800; x_wconf 79' lang='lat' dir='ltr'>hoc</span> <span class='ocrx_word' id='word_1_67' title='bbox 836 759 1014 799; x_wconf 76' lang='lat' dir='ltr'>tribuens</span> <span class='ocrx_word' id='word_1_68' title='bbox 1046 759 1132 799; x_wconf 87' lang='lat' dir='ltr'>ded.</span> <span class='ocrx_word' id='word_1_69' title='bbox 1165 772 1198 813; x_wconf 86' lang='lat' dir='ltr'>q.</span> <span class='ocrx_word' id='word_1_70' title='bbox 1232 774 1263 798; x_wconf 80' lang='lat' dir='ltr'>c.</span> <span class='ocrx_word' id='word_1_71' title='bbox 1324 757 1374 797; x_wconf 86' lang='lat' dir='ltr'>Id</span> <span class='ocrx_word' id='word_1_72' title='bbox 1406 763 1486 798; x_wconf 87' lang='lat' dir='ltr'>est:</span> <span class='ocrx_word' id='word_1_73' title='bbox 1524 756 1717 811; x_wconf 90' lang='lat' dir='ltr'>quamuis</span> <span class='ocrx_word' id='word_1_74' title='bbox 1749 755 1932 797; x_wconf 88' lang='lat' dir='ltr'>concedo</span> <span class='ocrx_word' id='word_1_75' title='bbox 1962 756 2036 797; x_wconf 88' lang='lat' dir='ltr'>fa·-</span> 
     </span>
     <span class='ocr_line' id='line_1_16' title="bbox 210 828 2034 884; baseline -0.002 -11"><span class='ocrx_word' id='word_1_76' title='bbox 210 832 337 873; x_wconf 85' lang='lat' dir='ltr'>cetias</span> <span class='ocrx_word' id='word_1_77' title='bbox 368 840 408 873; x_wconf 46' lang='lat' dir='ltr'>et.</span> <span class='ocrx_word' id='word_1_78' title='bbox 436 840 695 874; x_wconf 82' lang='lat' dir='ltr'>uenustatem</span> <span class='ocrx_word' id='word_1_79' title='bbox 727 831 909 881; x_wconf 92' lang='lat' dir='ltr'>Lucilio,</span> <span class='ocrx_word' id='word_1_80' title='bbox 941 838 1079 871; x_wconf 83' lang='lat' dir='ltr'>tamen</span> <span class='ocrx_word' id='word_1_81' title='bbox 1112 846 1195 872; x_wconf 93' lang='lat' dir='ltr'>non</span> <span class='ocrx_word' id='word_1_82' title='bbox 1216 830 1310 871; x_wconf 90' lang='lat' dir='ltr'>ideo</span> <span class='ocrx_word' id='word_1_83' title='bbox 1333 829 1518 871; x_wconf 83' lang='lat' dir='ltr'>concedo</span> <span class='ocrx_word' id='word_1_84' title='bbox 1540 830 1579 871; x_wconf 93' lang='lat' dir='ltr'>ei</span> <span class='ocrx_word' id='word_1_85' title='bbox 1599 829 1753 880; x_wconf 89' lang='lat' dir='ltr'>omnia,</span> <span class='ocrx_word' id='word_1_86' title='bbox 1786 844 1893 884; x_wconf 89' lang='lat' dir='ltr'>quae</span> <span class='ocrx_word' id='word_1_87' title='bbox 1913 828 2034 870; x_wconf 90' lang='lat' dir='ltr'>debet</span> 
     </span>
     <span class='ocr_line' id='line_1_17' title="bbox 209 902 2129 961; baseline -0.001 -16"><span class='ocrx_word' id='word_1_88' title='bbox 209 905 363 947; x_wconf 82' lang='lat' dir='ltr'>habere</span> <span class='ocrx_word' id='word_1_89' title='bbox 394 914 530 961; x_wconf 84' lang='lat' dir='ltr'>poeta,</span> <span class='ocrx_word' id='word_1_90' title='bbox 562 906 633 960; x_wconf 90' lang='lat' dir='ltr'>qui</span> <span class='ocrx_word' id='word_1_91' title='bbox 665 906 802 947; x_wconf 89' lang='lat' dir='ltr'>iocose</span> <span class='ocrx_word' id='word_1_92' title='bbox 835 911 875 945; x_wconf 85' lang='lat' dir='ltr'>et</span> <span class='ocrx_word' id='word_1_93' title='bbox 905 903 1004 945; x_wconf 86' lang='lat' dir='ltr'>satis</span> <span class='ocrx_word' id='word_1_94' title='bbox 1034 903 1194 944; x_wconf 83' lang='lat' dir='ltr'>urbane</span> <span class='ocrx_word' id='word_1_95' title='bbox 1225 903 1427 944; x_wconf 84' lang='lat' dir='ltr'>laccrauit</span> <span class='ocrx_word' id='word_1_96' title='bbox 1456 902 1630 944; x_wconf 86' lang='lat' dir='ltr'>uitiosos</span> <span class='ocrx_word' id='word_1_97' title='bbox 1656 902 1859 944; x_wconf 88' lang='lat' dir='ltr'>homines.</span> <span class='ocrx_word' id='word_1_98' title='bbox 1920 902 2035 943; x_wconf 82' lang='lat' dir='ltr'>dede·</span> <span class='ocrx_word' id='word_1_99' title='bbox 2096 941 2097 944; x_wconf 75' lang='grc'>,</span> <span class='ocrx_word' id='word_1_100' title='bbox 2125 924 2129 943; x_wconf 55' lang='lat' dir='ltr'><em>J</em></span> 
     </span>
     <span class='ocr_line' id='line_1_18' title="bbox 208 975 2127 1034; baseline -0.001 -15"><span class='ocrx_word' id='word_1_101' title='bbox 208 981 283 1019; x_wconf 77' lang='lat' dir='ltr'>rim</span> <span class='ocrx_word' id='word_1_102' title='bbox 318 994 479 1034; x_wconf 77' lang='lat' dir='ltr'>quoque.</span> <span class='ocrx_word' id='word_1_103' title='bbox 540 979 589 1019; x_wconf 90' lang='lat' dir='ltr'>Id</span> <span class='ocrx_word' id='word_1_104' title='bbox 621 986 700 1020; x_wconf 91' lang='lat' dir='ltr'>est:</span> <span class='ocrx_word' id='word_1_105' title='bbox 750 993 832 1018; x_wconf 89' lang='lat' dir='ltr'>non</span> <span class='ocrx_word' id='word_1_106' title='bbox 864 977 972 1026; x_wconf 85' lang='lat' dir='ltr'>ideo,</span> <span class='ocrx_word' id='word_1_107' title='bbox 1010 977 1109 1031; x_wconf 84' lang='lat' dir='ltr'>quia</span> <span class='ocrx_word' id='word_1_108' title='bbox 1148 977 1333 1018; x_wconf 88' lang='lat' dir='ltr'>concedo</span> <span class='ocrx_word' id='word_1_109' title='bbox 1379 976 1440 1016; x_wconf 94' lang='lat' dir='ltr'>illi</span> <span class='ocrx_word' id='word_1_110' title='bbox 1484 975 1657 1018; x_wconf 78' lang='lat' dir='ltr'>facetias</span> <span class='ocrx_word' id='word_1_111' title='bbox 1702 975 1727 1016; x_wconf 89' lang='lat' dir='ltr'>i.</span> <span class='ocrx_word' id='word_1_112' title='bbox 1774 975 1959 1017; x_wconf 87' lang='lat' dir='ltr'>concedo</span> <span class='ocrx_word' id='word_1_113' title='bbox 1998 975 2035 1016; x_wconf 93' lang='lat' dir='ltr'>ei</span> <span class='ocrx_word' id='word_1_114' title='bbox 2122 979 2127 1017; x_wconf 73' lang='grc' dir='ltr'>ἐ</span> 
     </span>
     <span class='ocr_line' id='line_1_19' title="bbox 207 1046 2096 1106; baseline -0.003 -14"><span class='ocrx_word' id='word_1_115' title='bbox 207 1052 360 1101; x_wconf 84' lang='lat' dir='ltr'>omnia,</span> <span class='ocrx_word' id='word_1_116' title='bbox 394 1067 500 1106; x_wconf 85' lang='lat' dir='ltr'>quae</span> <span class='ocrx_word' id='word_1_117' title='bbox 532 1052 654 1093; x_wconf 80' lang='lat' dir='ltr'>debet</span> <span class='ocrx_word' id='word_1_118' title='bbox 686 1050 841 1091; x_wconf 83' lang='lat' dir='ltr'>habere</span> <span class='ocrx_word' id='word_1_119' title='bbox 873 1056 1008 1104; x_wconf 82' lang='lat' dir='ltr'>pocta.</span> <span class='ocrx_word' id='word_1_120' title='bbox 2094 1046 2096 1050; x_wconf 75' lang='grc'><strong>’</strong></span> 
     </span>
    </p>

    <p class='ocr_par' dir='ltr' id='par_1_13' title="bbox 204 1120 2126 1545">
     <span class='ocr_line' id='line_1_20' title="bbox 318 1120 2027 1171; baseline -0.002 -5"><span class='ocrx_word' id='word_1_121' title='bbox 318 1140 412 1166; x_wconf 75' lang='grc' dir='ltr'>ηαηι</span> <span class='ocrx_word' id='word_1_122' title='bbox 443 1126 501 1166; x_wconf 70' lang='lat' dir='ltr'>sic</span> <span class='ocrx_word' id='word_1_123' title='bbox 540 1127 589 1165; x_wconf 78' lang='lat' dir='ltr'>Et</span> <span class='ocrx_word' id='word_1_124' title='bbox 627 1125 774 1166; x_wconf 74' lang='lat' dir='ltr'>Laberi</span> <span class='ocrx_word' id='word_1_125' title='bbox 801 1125 944 1166; x_wconf 76' lang='lat' dir='ltr'>Minos.</span> <span class='ocrx_word' id='word_1_126' title='bbox 1016 1122 1067 1162; x_wconf 91' lang='lat' dir='ltr'>Id</span> <span class='ocrx_word' id='word_1_127' title='bbox 1112 1128 1193 1163; x_wconf 85' lang='lat' dir='ltr'>est:</span> <span class='ocrx_word' id='word_1_128' title='bbox 1241 1122 1275 1163; x_wconf 90' lang='lat' dir='ltr'>si</span> <span class='ocrx_word' id='word_1_129' title='bbox 1320 1121 1428 1171; x_wconf 89' lang='lat' dir='ltr'>dico,</span> <span class='ocrx_word' id='word_1_130' title='bbox 1474 1121 1689 1163; x_wconf 82' lang='lat' dir='ltr'>Lucilium</span> <span class='ocrx_word' id='word_1_131' title='bbox 1733 1120 1829 1162; x_wconf 90' lang='lat' dir='ltr'>ideo</span> <span class='ocrx_word' id='word_1_132' title='bbox 1874 1120 2027 1162; x_wconf 90' lang='lat' dir='ltr'>bonum</span> 
     </span>
     <span class='ocr_line' id='line_1_21' title="bbox 206 1193 2125 1252; baseline -0.003 -13"><span class='ocrx_word' id='word_1_133' title='bbox 206 1205 345 1252; x_wconf 87' lang='lat' dir='ltr'>petam</span> <span class='ocrx_word' id='word_1_134' title='bbox 377 1212 479 1247; x_wconf 87' lang='lat' dir='ltr'>esse,</span> <span class='ocrx_word' id='word_1_135' title='bbox 512 1197 623 1252; x_wconf 89' lang='lat' dir='ltr'>quod</span> <span class='ocrx_word' id='word_1_136' title='bbox 653 1197 780 1238; x_wconf 88' lang='lat' dir='ltr'>habet</span> <span class='ocrx_word' id='word_1_137' title='bbox 809 1196 995 1245; x_wconf 81' lang='lat' dir='ltr'>facetias,</span> <span class='ocrx_word' id='word_1_138' title='bbox 1027 1195 1139 1236; x_wconf 91' lang='lat' dir='ltr'>idem</span> <span class='ocrx_word' id='word_1_139' title='bbox 1171 1194 1273 1236; x_wconf 87' lang='lat' dir='ltr'>mihi</span> <span class='ocrx_word' id='word_1_140' title='bbox 1304 1194 1531 1236; x_wconf 86' lang='lat' dir='ltr'>dicendum</span> <span class='ocrx_word' id='word_1_141' title='bbox 1561 1202 1623 1236; x_wconf 88' lang='lat' dir='ltr'>est</span> <span class='ocrx_word' id='word_1_142' title='bbox 1653 1193 1704 1235; x_wconf 91' lang='lat' dir='ltr'>de</span> <span class='ocrx_word' id='word_1_143' title='bbox 1736 1193 1922 1235; x_wconf 86' lang='lat' dir='ltr'>Laberio</span> <span class='ocrx_word' id='word_1_144' title='bbox 1952 1193 2033 1234; x_wconf 89' lang='lat' dir='ltr'>mi-</span> <span class='ocrx_word' id='word_1_145' title='bbox 2121 1205 2125 1241; x_wconf 62' lang='lat' dir='ltr'>t</span> 
     </span>
     <span class='ocr_line' id='line_1_22' title="bbox 206 1243 2124 1326; baseline -0.002 -15"><span class='ocrx_word' id='word_1_146' title='bbox 206 1271 453 1326; x_wconf 81' lang='lat' dir='ltr'>mographo,</span> <span class='ocrx_word' id='word_1_147' title='bbox 486 1285 583 1311; x_wconf 86' lang='lat' dir='ltr'>nam</span> <span class='ocrx_word' id='word_1_148' title='bbox 615 1278 652 1311; x_wconf 91' lang='lat' dir='ltr'>et</span> <span class='ocrx_word' id='word_1_149' title='bbox 685 1270 719 1311; x_wconf 90' lang='lat' dir='ltr'>is</span> <span class='ocrx_word' id='word_1_150' title='bbox 750 1269 877 1311; x_wconf 82' lang='lat' dir='ltr'>habet</span> <span class='ocrx_word' id='word_1_151' title='bbox 906 1268 1098 1317; x_wconf 81' lang='lat' dir='ltr'>facetias3</span> <span class='ocrx_word' id='word_1_152' title='bbox 1140 1269 1214 1310; x_wconf 87' lang='lat' dir='ltr'>sed</span> <span class='ocrx_word' id='word_1_153' title='bbox 1254 1268 1395 1309; x_wconf 91' lang='lat' dir='ltr'>multis</span> <span class='ocrx_word' id='word_1_154' title='bbox 1436 1275 1562 1318; x_wconf 86' lang='lat' dir='ltr'>caret,</span> <span class='ocrx_word' id='word_1_155' title='bbox 1604 1282 1710 1323; x_wconf 87' lang='lat' dir='ltr'>quae</span> <span class='ocrx_word' id='word_1_156' title='bbox 1750 1274 1875 1322; x_wconf 88' lang='lat' dir='ltr'>poeta</span> <span class='ocrx_word' id='word_1_157' title='bbox 1914 1266 2037 1308; x_wconf 83' lang='lat' dir='ltr'>debet</span> <span class='ocrx_word' id='word_1_158' title='bbox 2117 1243 2124 1312; x_wconf 74' lang='lat' dir='ltr'>l</span> 
     </span>
     <span class='ocr_line' id='line_1_23' title="bbox 207 1341 2124 1392; baseline -0.002 -8"><span class='ocrx_word' id='word_1_159' title='bbox 207 1343 373 1385; x_wconf 85' lang='lat' dir='ltr'>habere.</span> <span class='ocrx_word' id='word_1_160' title='bbox 439 1344 583 1384; x_wconf 75' lang='lat' dir='ltr'>Laberi</span> <span class='ocrx_word' id='word_1_161' title='bbox 608 1345 758 1384; x_wconf 68' lang='lat' dir='ltr'>mimos.</span> <span class='ocrx_word' id='word_1_162' title='bbox 818 1341 928 1383; x_wconf 84' lang='lat' dir='ltr'>Nam</span> <span class='ocrx_word' id='word_1_163' title='bbox 961 1349 1000 1383; x_wconf 89' lang='lat' dir='ltr'>et</span> <span class='ocrx_word' id='word_1_164' title='bbox 1030 1341 1253 1383; x_wconf 87' lang='lat' dir='ltr'>mimorum</span> <span class='ocrx_word' id='word_1_165' title='bbox 1285 1341 1378 1383; x_wconf 90' lang='lat' dir='ltr'>ioca</span> <span class='ocrx_word' id='word_1_166' title='bbox 1410 1342 1470 1383; x_wconf 92' lang='lat' dir='ltr'>sic</span> <span class='ocrx_word' id='word_1_167' title='bbox 1500 1341 1639 1392; x_wconf 87' lang='lat' dir='ltr'>laudo,</span> <span class='ocrx_word' id='word_1_168' title='bbox 1683 1348 1729 1382; x_wconf 91' lang='lat' dir='ltr'>ut</span> <span class='ocrx_word' id='word_1_169' title='bbox 1758 1356 1842 1383; x_wconf 92' lang='lat' dir='ltr'>non</span> <span class='ocrx_word' id='word_1_170' title='bbox 1873 1347 2036 1382; x_wconf 88' lang='lat' dir='ltr'>caetera</span> <span class='ocrx_word' id='word_1_171' title='bbox 2090 1375 2091 1386; x_wconf 19' lang='grc' dir='ltr'>ἶ</span> <span class='ocrx_word' id='word_1_172' title='bbox 2120 1361 2124 1375; x_wconf 80' lang='lat'><em>=</em></span> 
     </span>
     <span class='ocr_line' id='line_1_24' title="bbox 206 1413 2126 1473; baseline -0.001 -17"><span class='ocrx_word' id='word_1_173' title='bbox 206 1416 289 1458; x_wconf 90' lang='lat' dir='ltr'>illis</span> <span class='ocrx_word' id='word_1_174' title='bbox 324 1417 557 1473; x_wconf 85' lang='lat' dir='ltr'>adsignem,</span> <span class='ocrx_word' id='word_1_175' title='bbox 606 1431 711 1471; x_wconf 89' lang='lat' dir='ltr'>quae</span> <span class='ocrx_word' id='word_1_176' title='bbox 743 1415 918 1470; x_wconf 85' lang='lat' dir='ltr'>perfecti</span> <span class='ocrx_word' id='word_1_177' title='bbox 963 1422 1058 1456; x_wconf 87' lang='lat' dir='ltr'>sunt</span> <span class='ocrx_word' id='word_1_178' title='bbox 1102 1414 1254 1469; x_wconf 88' lang='lat' dir='ltr'>operis.</span> <span class='ocrx_word' id='word_1_179' title='bbox 1315 1413 1400 1455; x_wconf 91' lang='lat' dir='ltr'>Per</span> <span class='ocrx_word' id='word_1_180' title='bbox 1430 1415 1508 1456; x_wconf 89' lang='lat' dir='ltr'>hoc</span> <span class='ocrx_word' id='word_1_181' title='bbox 1538 1414 1697 1456; x_wconf 86' lang='lat' dir='ltr'>Lucilii</span> <span class='ocrx_word' id='word_1_182' title='bbox 1727 1429 1832 1469; x_wconf 86' lang='lat' dir='ltr'>opus</span> <span class='ocrx_word' id='word_1_183' title='bbox 1862 1413 2036 1455; x_wconf 87' lang='lat' dir='ltr'>Laberii</span> <span class='ocrx_word' id='word_1_184' title='bbox 2088 1421 2090 1461; x_wconf 68' lang='grc' dir='ltr'><em>ξ</em></span> <span class='ocrx_word' id='word_1_185' title='bbox 2119 1431 2126 1468; x_wconf 73' lang='lat'>:¹</span> 
     </span>
     <span class='ocr_line' id='line_1_25' title="bbox 204 1490 590 1545; baseline 0 -15"><span class='ocrx_word' id='word_1_186' title='bbox 204 1490 345 1531; x_wconf 87' lang='lat' dir='ltr'>mimis</span> <span class='ocrx_word' id='word_1_187' title='bbox 377 1497 590 1545; x_wconf 83' lang='lat' dir='ltr'>conparat.</span> 
     </span>
    </p>

    <p class='ocr_par' dir='ltr' id='par_1_14' title="bbox 205 1559 2123 1750">
     <span class='ocr_line' id='line_1_26' title="bbox 319 1559 2121 1614; baseline -0.003 -9"><span class='ocrx_word' id='word_1_188' title='bbox 319 1566 354 1604; x_wconf 86' lang='lat'>7.</span> <span class='ocrx_word' id='word_1_189' title='bbox 388 1566 474 1605; x_wconf 75' lang='lat' dir='ltr'>risu</span> <span class='ocrx_word' id='word_1_190' title='bbox 506 1564 694 1605; x_wconf 72' lang='lat' dir='ltr'>diducere</span> <span class='ocrx_word' id='word_1_191' title='bbox 725 1563 883 1603; x_wconf 78' lang='lat' dir='ltr'>rictum.</span> <span class='ocrx_word' id='word_1_192' title='bbox 943 1559 1127 1614; x_wconf 89' lang='lat' dir='ltr'>Aperire</span> <span class='ocrx_word' id='word_1_193' title='bbox 1158 1575 1203 1601; x_wconf 93' lang='lat' dir='ltr'>os</span> <span class='ocrx_word' id='word_1_194' title='bbox 1234 1566 1272 1601; x_wconf 93' lang='lat' dir='ltr'>et</span> <span class='ocrx_word' id='word_1_195' title='bbox 1295 1559 1423 1601; x_wconf 90' lang='lat' dir='ltr'>risum</span> <span class='ocrx_word' id='word_1_196' title='bbox 1455 1574 1637 1602; x_wconf 89' lang='lat' dir='ltr'>mouere.</span> <span class='ocrx_word' id='word_1_197' title='bbox 1697 1560 1859 1602; x_wconf 76' lang='lat' dir='ltr'>Rz&#39;ctum</span> <span class='ocrx_word' id='word_1_198' title='bbox 1887 1559 2034 1601; x_wconf 87' lang='lat' dir='ltr'>incerti</span> <span class='ocrx_word' id='word_1_199' title='bbox 2086 1591 2088 1607; x_wconf 30' lang='grc' dir='ltr'><strong><em>ἶ</em></strong></span> <span class='ocrx_word' id='word_1_200' title='bbox 2116 1564 2121 1582; x_wconf 76' lang='lat'>²</span> 
     </span>
     <span class='ocr_line' id='line_1_27' title="bbox 205 1632 2123 1691; baseline -0.003 -14"><span class='ocrx_word' id='word_1_201' title='bbox 205 1636 373 1691; x_wconf 82' lang='lat' dir='ltr'>generis</span> <span class='ocrx_word' id='word_1_202' title='bbox 403 1643 482 1684; x_wconf 85' lang='lat' dir='ltr'>est3</span> <span class='ocrx_word' id='word_1_203' title='bbox 529 1651 626 1676; x_wconf 85' lang='lat' dir='ltr'>nam</span> <span class='ocrx_word' id='word_1_204' title='bbox 658 1643 696 1676; x_wconf 91' lang='lat' dir='ltr'>et</span> <span class='ocrx_word' id='word_1_205' title='bbox 728 1635 792 1676; x_wconf 71' lang='lat' dir='ltr'>hic</span> <span class='ocrx_word' id='word_1_206' title='bbox 823 1636 951 1676; x_wconf 76' lang='lat' dir='ltr'>rictus</span> <span class='ocrx_word' id='word_1_207' title='bbox 981 1632 1135 1674; x_wconf 87' lang='lat' dir='ltr'>dicitur</span> <span class='ocrx_word' id='word_1_208' title='bbox 1165 1639 1206 1674; x_wconf 85' lang='lat' dir='ltr'>et</span> <span class='ocrx_word' id='word_1_209' title='bbox 1235 1633 1308 1675; x_wconf 78' lang='lat' dir='ltr'>hoc</span> <span class='ocrx_word' id='word_1_210' title='bbox 1338 1634 1484 1675; x_wconf 75' lang='lat' dir='ltr'>rictum</span> <span class='ocrx_word' id='word_1_211' title='bbox 1513 1647 1709 1675; x_wconf 86' lang='lat' dir='ltr'>mensura</span> <span class='ocrx_word' id='word_1_212' title='bbox 1740 1633 1838 1683; x_wconf 88' lang='lat' dir='ltr'>oris,</span> <span class='ocrx_word' id='word_1_213' title='bbox 1885 1640 1924 1674; x_wconf 88' lang='lat' dir='ltr'>et</span> <span class='ocrx_word' id='word_1_214' title='bbox 1953 1639 2032 1674; x_wconf 87' lang='lat' dir='ltr'>est:</span> <span class='ocrx_word' id='word_1_215' title='bbox 2086 1635 2087 1675; x_wconf 63' lang='grc' dir='ltr'>ξ</span> <span class='ocrx_word' id='word_1_216' title='bbox 2115 1650 2123 1686; x_wconf 71' lang='lat'>¹:</span> 
     </span>
     <span class='ocr_line' id='line_1_28' title="bbox 206 1694 2119 1750; baseline -0.004 -1"><span class='ocrx_word' id='word_1_217' title='bbox 206 1709 437 1750; x_wconf 82' lang='lat' dir='ltr'>auditorem</span> <span class='ocrx_word' id='word_1_218' title='bbox 469 1722 639 1749; x_wconf 88' lang='lat' dir='ltr'>mouere</span> <span class='ocrx_word' id='word_1_219' title='bbox 671 1707 724 1748; x_wconf 88' lang='lat' dir='ltr'>ad</span> <span class='ocrx_word' id='word_1_220' title='bbox 755 1707 896 1748; x_wconf 90' lang='lat' dir='ltr'>risum.</span> <span class='ocrx_word' id='word_1_221' title='bbox 2086 1707 2087 1710; x_wconf 77' lang='grc'>’</span> <span class='ocrx_word' id='word_1_222' title='bbox 2117 1694 2119 1699; x_wconf 61' lang='grc'><strong>’</strong></span> 
     </span>
    </p>

    <p class='ocr_par' dir='ltr' id='par_1_15' title="bbox 319 1778 2033 1838">
     <span class='ocr_line' id='line_1_29' title="bbox 319 1778 2033 1838; baseline -0.002 -15"><span class='ocrx_word' id='word_1_223' title='bbox 319 1783 356 1823; x_wconf 82' lang='lat' dir='ltr'>S.</span> <span class='ocrx_word' id='word_1_224' title='bbox 388 1782 450 1824; x_wconf 76' lang='lat' dir='ltr'>hic</span> <span class='ocrx_word' id='word_1_225' title='bbox 472 1796 623 1838; x_wconf 76' lang='lat' dir='ltr'>quoque</span> <span class='ocrx_word' id='word_1_226' title='bbox 644 1782 790 1822; x_wconf 61' lang='lat' dir='ltr'>uirtus.</span> <span class='ocrx_word' id='word_1_227' title='bbox 850 1778 922 1819; x_wconf 91' lang='lat' dir='ltr'>Ad</span> <span class='ocrx_word' id='word_1_228' title='bbox 945 1778 1074 1820; x_wconf 87' lang='lat' dir='ltr'>risum</span> <span class='ocrx_word' id='word_1_229' title='bbox 1096 1778 1364 1829; x_wconf 89' lang='lat' dir='ltr'>mouendum,</span> <span class='ocrx_word' id='word_1_230' title='bbox 1387 1786 1429 1820; x_wconf 90' lang='lat' dir='ltr'>ut</span> <span class='ocrx_word' id='word_1_231' title='bbox 1453 1779 1561 1821; x_wconf 87' lang='lat' dir='ltr'>risus</span> <span class='ocrx_word' id='word_1_232' title='bbox 1582 1778 1785 1821; x_wconf 84' lang='lat' dir='ltr'>auditoris</span> <span class='ocrx_word' id='word_1_233' title='bbox 1807 1786 2033 1820; x_wconf 87' lang='lat' dir='ltr'>moueatur.</span> 
     </span>
    </p>

    <p class='ocr_par' dir='ltr' id='par_1_16' title="bbox 202 1844 2120 2274">
     <span class='ocr_line' id='line_1_30' title="bbox 317 1851 2119 1910; baseline 0.003 -20"><span class='ocrx_word' id='word_1_234' title='bbox 317 1857 353 1895; x_wconf 61' lang='lat' dir='ltr'>t),</span> <span class='ocrx_word' id='word_1_235' title='bbox 391 1857 458 1896; x_wconf 81' lang='lat' dir='ltr'>Est</span> <span class='ocrx_word' id='word_1_236' title='bbox 489 1857 680 1897; x_wconf 74' lang='lat' dir='ltr'>breuitate</span> <span class='ocrx_word' id='word_1_237' title='bbox 712 1869 823 1910; x_wconf 80' lang='lat' dir='ltr'>opus.</span> <span class='ocrx_word' id='word_1_238' title='bbox 900 1851 948 1894; x_wconf 85' lang='lat' dir='ltr'>Si</span> <span class='ocrx_word' id='word_1_239' title='bbox 978 1852 1042 1893; x_wconf 89' lang='lat' dir='ltr'>uis</span> <span class='ocrx_word' id='word_1_240' title='bbox 1072 1853 1305 1907; x_wconf 86' lang='lat' dir='ltr'>perfectum</span> <span class='ocrx_word' id='word_1_241' title='bbox 1347 1867 1453 1907; x_wconf 91' lang='lat' dir='ltr'>opus</span> <span class='ocrx_word' id='word_1_242' title='bbox 1483 1853 1635 1902; x_wconf 85' lang='lat' dir='ltr'>facere,</span> <span class='ocrx_word' id='word_1_243' title='bbox 1681 1851 1886 1893; x_wconf 84' lang='lat' dir='ltr'>breuitate</span> <span class='ocrx_word' id='word_1_244' title='bbox 1931 1867 2035 1908; x_wconf 92' lang='lat' dir='ltr'>opus</span> <span class='ocrx_word' id='word_1_245' title='bbox 2114 1871 2119 1895; x_wconf 66' lang='lat'>1</span> 
     </span>
     <span class='ocr_line' id='line_1_31' title="bbox 205 1925 2119 1979; baseline -0.001 -10"><span class='ocrx_word' id='word_1_246' title='bbox 205 1934 278 1975; x_wconf 87' lang='lat' dir='ltr'>est,</span> <span class='ocrx_word' id='word_1_247' title='bbox 308 1935 351 1969; x_wconf 90' lang='lat' dir='ltr'>ut</span> <span class='ocrx_word' id='word_1_248' title='bbox 383 1928 464 1969; x_wconf 89' lang='lat' dir='ltr'>cito</span> <span class='ocrx_word' id='word_1_249' title='bbox 496 1928 702 1969; x_wconf 86' lang='lat' dir='ltr'>sententia</span> <span class='ocrx_word' id='word_1_250' title='bbox 731 1927 912 1967; x_wconf 83' lang='lat' dir='ltr'>finiatur.</span> <span class='ocrx_word' id='word_1_251' title='bbox 975 1925 1193 1966; x_wconf 85' lang='lat' dir='ltr'>Sententia</span> <span class='ocrx_word' id='word_1_252' title='bbox 1215 1926 1299 1975; x_wconf 85' lang='lat' dir='ltr'>illa,</span> <span class='ocrx_word' id='word_1_253' title='bbox 1332 1940 1446 1979; x_wconf 44' lang='lat' dir='ltr'>quae.</span> <span class='ocrx_word' id='word_1_254' title='bbox 1462 1925 1593 1967; x_wconf 87' lang='lat' dir='ltr'>risum</span> <span class='ocrx_word' id='word_1_255' title='bbox 1614 1933 1766 1974; x_wconf 88' lang='lat' dir='ltr'>mouet,</span> <span class='ocrx_word' id='word_1_256' title='bbox 1798 1925 1923 1967; x_wconf 86' lang='lat' dir='ltr'>debet</span> <span class='ocrx_word' id='word_1_257' title='bbox 1943 1940 2031 1967; x_wconf 86' lang='lat' dir='ltr'>esse</span> <span class='ocrx_word' id='word_1_258' title='bbox 2081 1935 2083 1969; x_wconf 67' lang='grc' dir='ltr'><em>ἑ</em></span> <span class='ocrx_word' id='word_1_259' title='bbox 2114 1938 2119 1967; x_wconf 67' lang='lat'>⁵.</span> 
     </span>
     <span class='ocr_line' id='line_1_32' title="bbox 205 1996 2120 2055; baseline -0.001 -13"><span class='ocrx_word' id='word_1_260' title='bbox 205 2001 287 2041; x_wconf 87' lang='lat' dir='ltr'>cita</span> <span class='ocrx_word' id='word_1_261' title='bbox 317 2009 357 2042; x_wconf 82' lang='lat' dir='ltr'>et</span> <span class='ocrx_word' id='word_1_262' title='bbox 387 2002 618 2042; x_wconf 82' lang='lat' dir='ltr'>manifesta.</span> <span class='ocrx_word' id='word_1_263' title='bbox 679 1999 876 2041; x_wconf 85' lang='lat' dir='ltr'>Aliter:</span> <span class='ocrx_word' id='word_1_264' title='bbox 912 1997 1090 2040; x_wconf 85' lang='lat' dir='ltr'>Sensus:</span> <span class='ocrx_word' id='word_1_265' title='bbox 1125 2013 1209 2039; x_wconf 91' lang='lat' dir='ltr'>non</span> <span class='ocrx_word' id='word_1_266' title='bbox 1240 1998 1373 2040; x_wconf 89' lang='lat' dir='ltr'>solum</span> <span class='ocrx_word' id='word_1_267' title='bbox 1404 1998 1448 2039; x_wconf 93' lang='lat' dir='ltr'>in</span> <span class='ocrx_word' id='word_1_268' title='bbox 1479 2013 1527 2040; x_wconf 90' lang='lat' dir='ltr'>eo</span> <span class='ocrx_word' id='word_1_269' title='bbox 1558 2005 1619 2040; x_wconf 87' lang='lat' dir='ltr'>est</span> <span class='ocrx_word' id='word_1_270' title='bbox 1642 1998 1801 2055; x_wconf 79' lang='lat' dir='ltr'>[opus]‚</span> <span class='ocrx_word' id='word_1_271' title='bbox 1823 2006 1867 2040; x_wconf 88' lang='lat' dir='ltr'>ut</span> <span class='ocrx_word' id='word_1_272' title='bbox 1897 2013 2033 2054; x_wconf 87' lang='lat' dir='ltr'>pauca</span> <span class='ocrx_word' id='word_1_273' title='bbox 2080 2001 2082 2046; x_wconf 71' lang='grc' dir='ltr'>ξ</span> <span class='ocrx_word' id='word_1_274' title='bbox 2115 1996 2120 2039; x_wconf 60' lang='grc' dir='ltr'><em>ᾗ</em></span> 
     </span>
     <span class='ocr_line' id='line_1_33' title="bbox 205 2064 2082 2129; baseline -0.002 -14"><span class='ocrx_word' id='word_1_275' title='bbox 205 2074 386 2129; x_wconf 85' lang='lat' dir='ltr'>copiose,</span> <span class='ocrx_word' id='word_1_276' title='bbox 420 2075 493 2116; x_wconf 90' lang='lat' dir='ltr'>sed</span> <span class='ocrx_word' id='word_1_277' title='bbox 523 2082 565 2115; x_wconf 91' lang='lat' dir='ltr'>ut</span> <span class='ocrx_word' id='word_1_278' title='bbox 597 2073 782 2115; x_wconf 88' lang='lat' dir='ltr'>breuiter</span> <span class='ocrx_word' id='word_1_279' title='bbox 812 2072 936 2114; x_wconf 86' lang='lat' dir='ltr'>multa</span> <span class='ocrx_word' id='word_1_280' title='bbox 966 2071 1170 2113; x_wconf 87' lang='lat' dir='ltr'>dicantur.</span> <span class='ocrx_word' id='word_1_281' title='bbox 1233 2064 1311 2113; x_wconf 77' lang='lat' dir='ltr'>Sic&#39;</span> <span class='ocrx_word' id='word_1_282' title='bbox 1338 2078 1380 2112; x_wconf 90' lang='lat' dir='ltr'>et</span> <span class='ocrx_word' id='word_1_283' title='bbox 1411 2069 1518 2113; x_wconf 87' lang='lat' dir='ltr'>Cato</span> <span class='ocrx_word' id='word_1_284' title='bbox 1564 2087 1589 2112; x_wconf 86' lang='lat' dir='ltr'>a</span> <span class='ocrx_word' id='word_1_285' title='bbox 1619 2072 1799 2114; x_wconf 70' lang='lat' dir='ltr'>Salustt&#39;o</span> <span class='ocrx_word' id='word_1_286' title='bbox 1842 2071 2035 2113; x_wconf 87' lang='lat' dir='ltr'>laudatur</span> <span class='ocrx_word' id='word_1_287' title='bbox 2079 2067 2082 2121; x_wconf 66' lang='grc'><strong>1</strong></span> 
     </span>
     <span class='ocr_line' id='line_1_34' title="bbox 205 2142 2080 2211; baseline -0.002 -23"><span class='ocrx_word' id='word_1_288' title='bbox 205 2146 352 2202; x_wconf 89' lang='lat' dir='ltr'>(Histt.</span> <span class='ocrx_word' id='word_1_289' title='bbox 384 2148 534 2204; x_wconf 85' lang='lat' dir='ltr'>fragm.</span> <span class='ocrx_word' id='word_1_290' title='bbox 565 2146 600 2197; x_wconf 87' lang='lat' dir='ltr'>I,</span> <span class='ocrx_word' id='word_1_291' title='bbox 632 2148 670 2196; x_wconf 79' lang='lat'>2,</span> <span class='ocrx_word' id='word_1_292' title='bbox 702 2145 880 2201; x_wconf 86' lang='lat' dir='ltr'>Kritz.):</span> <span class='ocrx_word' id='word_1_293' title='bbox 928 2146 1033 2201; x_wconf 85' lang='lat' dir='ltr'>quod</span> <span class='ocrx_word' id='word_1_294' title='bbox 1062 2146 1191 2186; x_wconf 78' lang='lat' dir='ltr'>multa</span> <span class='ocrx_word' id='word_1_295' title='bbox 1219 2146 1362 2199; x_wconf 79' lang='lat' dir='ltr'>paucis</span> <span class='ocrx_word' id='word_1_296' title='bbox 1391 2145 1623 2186; x_wconf 79' lang='lat' dir='ltr'>absoluerz&#39;t.</span> <span class='ocrx_word' id='word_1_297' title='bbox 1684 2143 1877 2185; x_wconf 83' lang='lat' dir='ltr'>Aliter:</span> <span class='ocrx_word' id='word_1_298' title='bbox 1916 2142 2033 2186; x_wconf 84' lang='lat' dir='ltr'>Sen-</span> <span class='ocrx_word' id='word_1_299' title='bbox 2078 2148 2080 2211; x_wconf 55' lang='grc'><strong>1</strong></span> 
     </span>
     <span class='ocr_line' id='line_1_35' title="bbox 202 2217 2115 2274; baseline -0.001 -14"><span class='ocrx_word' id='word_1_300' title='bbox 202 2220 332 2262; x_wconf 89' lang='lat' dir='ltr'>tentia</span> <span class='ocrx_word' id='word_1_301' title='bbox 366 2235 450 2262; x_wconf 90' lang='lat' dir='ltr'>non</span> <span class='ocrx_word' id='word_1_302' title='bbox 495 2219 620 2261; x_wconf 87' lang='lat' dir='ltr'>debet</span> <span class='ocrx_word' id='word_1_303' title='bbox 663 2233 752 2261; x_wconf 90' lang='lat' dir='ltr'>esse</span> <span class='ocrx_word' id='word_1_304' title='bbox 797 2217 1014 2273; x_wconf 87' lang='lat' dir='ltr'>prolixior,</span> <span class='ocrx_word' id='word_1_305' title='bbox 1061 2231 1113 2259; x_wconf 89' lang='lat' dir='ltr'>ne</span> <span class='ocrx_word' id='word_1_306' title='bbox 1157 2231 1278 2258; x_wconf 87' lang='lat' dir='ltr'>aures</span> <span class='ocrx_word' id='word_1_307' title='bbox 1323 2223 1465 2258; x_wconf 86' lang='lat' dir='ltr'>oneret</span> <span class='ocrx_word' id='word_1_308' title='bbox 1508 2217 1711 2260; x_wconf 87' lang='lat' dir='ltr'>auditoris</span> <span class='ocrx_word' id='word_1_309' title='bbox 1756 2224 1796 2258; x_wconf 89' lang='lat' dir='ltr'>et</span> <span class='ocrx_word' id='word_1_310' title='bbox 1839 2232 1922 2260; x_wconf 89' lang='lat' dir='ltr'>non</span> <span class='ocrx_word' id='word_1_311' title='bbox 1967 2217 2031 2258; x_wconf 90' lang='lat' dir='ltr'>in-</span> <span class='ocrx_word' id='word_1_312' title='bbox 2078 2233 2115 2274; x_wconf 63' lang='lat'>5·</span> 
     </span>
    </p>
   </div>
   <div class='ocr_carea' id='block_1_10' title="bbox 2081 1478 2090 1995">
    <p class='ocr_par' dir='ltr' id='par_1_17' title="bbox 2081 1478 2090 1995">
     <span class='ocr_line' id='line_1_36' title="bbox 2081 1478 2090 1995; baseline 0 0"><span class='ocrx_word' id='word_1_313' title='bbox 2081 1478 2090 1995; x_wconf 95' lang='lat' dir='ltr'> </span> 
     </span>
    </p>
   </div>
   <div class='ocr_carea' id='block_1_11' title="bbox 204 2293 1448 2419">
    <p class='ocr_par' dir='ltr' id='par_1_18' title="bbox 204 2293 1448 2419">
     <span class='ocr_line' id='line_1_37' title="bbox 204 2293 439 2349; baseline 0 -15"><span class='ocrx_word' id='word_1_314' title='bbox 204 2293 439 2349; x_wconf 86' lang='lat' dir='ltr'>tellegatur.</span> 
     </span>
     <span class='ocr_line' id='line_1_38' title="bbox 317 2361 1448 2419; baseline -0.004 -11"><span class='ocrx_word' id='word_1_315' title='bbox 317 2368 353 2408; x_wconf 82' lang='lat'>9.</span> <span class='ocrx_word' id='word_1_316' title='bbox 386 2374 430 2408; x_wconf 80' lang='lat' dir='ltr'>ut</span> <span class='ocrx_word' id='word_1_317' title='bbox 461 2375 605 2409; x_wconf 81' lang='lat' dir='ltr'>currat</span> <span class='ocrx_word' id='word_1_318' title='bbox 634 2367 837 2408; x_wconf 74' lang='lat' dir='ltr'>sententia.</span> <span class='ocrx_word' id='word_1_319' title='bbox 899 2361 996 2405; x_wconf 86' lang='lat' dir='ltr'>Cito</span> <span class='ocrx_word' id='word_1_320' title='bbox 1028 2363 1260 2419; x_wconf 84' lang='lat' dir='ltr'>explicetur</span> <span class='ocrx_word' id='word_1_321' title='bbox 1291 2378 1448 2406; x_wconf 88' lang='lat' dir='ltr'>sensus.</span> 
     </span>
    </p>
   </div>
   <div class='ocr_carea' id='block_1_12' title="bbox 204 2436 2110 2847">
    <p class='ocr_par' dir='ltr' id='par_1_19' title="bbox 326 2436 1112 2482">
     <span class='ocr_line' id='line_1_39' title="bbox 326 2436 1112 2482; baseline -0.004 -2"><span class='ocrx_word' id='word_1_322' title='bbox 326 2440 390 2480; x_wconf 90' lang='grc'>10.</span> <span class='ocrx_word' id='word_1_323' title='bbox 422 2440 694 2482; x_wconf 76' lang='lat' dir='ltr'>onerantibus.</span> <span class='ocrx_word' id='word_1_324' title='bbox 755 2436 911 2479; x_wconf 87' lang='lat' dir='ltr'>Verbis</span> <span class='ocrx_word' id='word_1_325' title='bbox 942 2436 1112 2478; x_wconf 89' lang='lat' dir='ltr'>scilicet.</span> 
     </span>
    </p>

    <p class='ocr_par' dir='ltr' id='par_1_20' title="bbox 204 2562 2110 2847">
     <span class='ocr_line' id='line_1_40' title="bbox 321 2562 2075 2605; baseline -0.001 -12"><span class='ocrx_word' id='word_1_326' title='bbox 321 2565 353 2603; x_wconf 91' lang='grc'><strong>1)</strong></span> <span class='ocrx_word' id='word_1_327' title='bbox 380 2574 453 2594; x_wconf 86' lang='lat' dir='ltr'>uero</span> <span class='ocrx_word' id='word_1_328' title='bbox 478 2574 503 2605; x_wconf 71' lang='grc' dir='ltr'>γ.</span> <span class='ocrx_word' id='word_1_329' title='bbox 531 2568 627 2594; x_wconf 84' lang='lat' dir='ltr'>recte.</span> <span class='ocrx_word' id='word_1_330' title='bbox 666 2563 749 2595; x_wconf 83' lang='lat' dir='ltr'>conf.</span> <span class='ocrx_word' id='word_1_331' title='bbox 776 2564 881 2594; x_wconf 85' lang='lat' dir='ltr'>Plaut.</span> <span class='ocrx_word' id='word_1_332' title='bbox 920 2563 1012 2602; x_wconf 49' lang='lat' dir='ltr'>capt..</span> <span class='ocrx_word' id='word_1_333' title='bbox 1039 2563 1097 2598; x_wconf 83' lang='lat'>111,</span> <span class='ocrx_word' id='word_1_334' title='bbox 1124 2563 1154 2600; x_wconf 83' lang='lat'>4,</span> <span class='ocrx_word' id='word_1_335' title='bbox 1182 2564 1234 2593; x_wconf 84' lang='lat'>35.</span> <span class='ocrx_word' id='word_1_336' title='bbox 1262 2562 1328 2593; x_wconf 85' lang='lat' dir='ltr'>Cic.</span> <span class='ocrx_word' id='word_1_337' title='bbox 1366 2564 1453 2593; x_wconf 83' lang='lat' dir='ltr'>Verr.</span> <span class='ocrx_word' id='word_1_338' title='bbox 1480 2564 1516 2600; x_wconf 85' lang='lat' dir='ltr'>V,</span> <span class='ocrx_word' id='word_1_339' title='bbox 1543 2564 1594 2592; x_wconf 88' lang='grc'>47.</span> <span class='ocrx_word' id='word_1_340' title='bbox 1622 2564 1694 2593; x_wconf 83' lang='lat' dir='ltr'>Ter.</span> <span class='ocrx_word' id='word_1_341' title='bbox 1734 2564 1835 2593; x_wconf 87' lang='lat' dir='ltr'>Andr.</span> <span class='ocrx_word' id='word_1_342' title='bbox 1862 2563 1898 2598; x_wconf 90' lang='lat' dir='ltr'>V,</span> <span class='ocrx_word' id='word_1_343' title='bbox 1924 2563 1954 2600; x_wconf 88' lang='lat'>4,</span> <span class='ocrx_word' id='word_1_344' title='bbox 1980 2563 2031 2592; x_wconf 89' lang='grc'>23.</span> <span class='ocrx_word' id='word_1_345' title='bbox 2072 2578 2075 2602; x_wconf 74' lang='lat' dir='ltr'>j</span> 
     </span>
     <span class='ocr_line' id='line_1_41' title="bbox 204 2606 2110 2661; baseline 0.001 -13"><span class='ocrx_word' id='word_1_346' title='bbox 204 2620 272 2649; x_wconf 88' lang='lat' dir='ltr'>rell.</span> <span class='ocrx_word' id='word_1_347' title='bbox 299 2630 380 2649; x_wconf 79' lang='lat' dir='ltr'>uere.</span> <span class='ocrx_word' id='word_1_348' title='bbox 408 2620 470 2651; x_wconf 86' lang='lat' dir='ltr'>Cic.</span> <span class='ocrx_word' id='word_1_349' title='bbox 501 2620 563 2650; x_wconf 86' lang='lat' dir='ltr'>Off.</span> <span class='ocrx_word' id='word_1_350' title='bbox 588 2620 646 2657; x_wconf 89' lang='grc' dir='ltr'>ΙΙΙ,</span> <span class='ocrx_word' id='word_1_351' title='bbox 674 2622 710 2649; x_wconf 89' lang='lat'>3:</span> <span class='ocrx_word' id='word_1_352' title='bbox 738 2621 834 2661; x_wconf 13' lang='lat' dir='ltr'>quod&amp;</span> <span class='ocrx_word' id='word_1_353' title='bbox 848 2621 975 2658; x_wconf 82' lang='lat' dir='ltr'>proprie</span> <span class='ocrx_word' id='word_1_354' title='bbox 1001 2629 1139 2657; x_wconf 87' lang='lat' dir='ltr'>uereque</span> <span class='ocrx_word' id='word_1_355' title='bbox 1164 2619 1283 2649; x_wconf 71' lang='lat' dir='ltr'>dicitur.</span> <span class='ocrx_word' id='word_1_356' title='bbox 1351 2621 1385 2658; x_wconf 86' lang='grc'>2)</span> <span class='ocrx_word' id='word_1_357' title='bbox 1412 2621 1527 2658; x_wconf 88' lang='lat' dir='ltr'>plurali</span> <span class='ocrx_word' id='word_1_358' title='bbox 1552 2629 1683 2649; x_wconf 80' lang='lat' dir='ltr'>numero</span> <span class='ocrx_word' id='word_1_359' title='bbox 1708 2629 1734 2661; x_wconf 70' lang='grc' dir='ltr'>γ.</span> <span class='ocrx_word' id='word_1_360' title='bbox 1761 2620 1829 2650; x_wconf 87' lang='lat' dir='ltr'>rell.</span> <span class='ocrx_word' id='word_1_361' title='bbox 1856 2619 2030 2656; x_wconf 79' lang='lat' dir='ltr'>pluraliter.</span> <span class='ocrx_word' id='word_1_362' title='bbox 2071 2606 2074 2650; x_wconf 77' lang='lat' dir='ltr'>l</span> <span class='ocrx_word' id='word_1_363' title='bbox 2107 2626 2110 2632; x_wconf 85' lang='grc'><strong><em>’</em></strong></span> 
     </span>
     <span class='ocr_line' id='line_1_42' title="bbox 206 2672 2109 2717; baseline -0.001 -12"><span class='ocrx_word' id='word_1_364' title='bbox 206 2678 240 2715; x_wconf 87' lang='grc'>3)</span> <span class='ocrx_word' id='word_1_365' title='bbox 265 2677 336 2706; x_wconf 84' lang='lat' dir='ltr'>Nou</span> <span class='ocrx_word' id='word_1_366' title='bbox 363 2695 401 2698; x_wconf 73' lang='lat'>-—</span> <span class='ocrx_word' id='word_1_367' title='bbox 430 2681 551 2707; x_wconf 53' lang='grc' dir='ltr'>σείει-ος</span> <span class='ocrx_word' id='word_1_368' title='bbox 578 2687 661 2706; x_wconf 89' lang='lat' dir='ltr'>omn.</span> <span class='ocrx_word' id='word_1_369' title='bbox 688 2677 761 2706; x_wconf 71' lang='lat' dir='ltr'>libri</span> <span class='ocrx_word' id='word_1_370' title='bbox 788 2676 905 2716; x_wconf 80' lang='lat' dir='ltr'>(Lupos</span> <span class='ocrx_word' id='word_1_371' title='bbox 931 2677 1018 2715; x_wconf 77' lang='lat' dir='ltr'>iuva)</span> <span class='ocrx_word' id='word_1_372' title='bbox 1046 2679 1173 2714; x_wconf 78' lang='lat' dir='ltr'>praeter</span> <span class='ocrx_word' id='word_1_373' title='bbox 1197 2685 1224 2717; x_wconf 75' lang='grc' dir='ltr'>γ,</span> <span class='ocrx_word' id='word_1_374' title='bbox 1251 2677 1303 2714; x_wconf 86' lang='lat' dir='ltr'>qui</span> <span class='ocrx_word' id='word_1_375' title='bbox 1331 2676 1446 2706; x_wconf 80' lang='lat' dir='ltr'>habet:</span> <span class='ocrx_word' id='word_1_376' title='bbox 1473 2676 1509 2705; x_wconf 91' lang='lat' dir='ltr'>Id</span> <span class='ocrx_word' id='word_1_377' title='bbox 1534 2680 1583 2705; x_wconf 83' lang='lat' dir='ltr'>est</span> <span class='ocrx_word' id='word_1_378' title='bbox 1609 2694 1649 2696; x_wconf 97' lang='lat'>——</span> <span class='ocrx_word' id='word_1_379' title='bbox 1676 2676 1766 2705; x_wconf 84' lang='lat' dir='ltr'>affix.</span> <span class='ocrx_word' id='word_1_380' title='bbox 1795 2676 1909 2705; x_wconf 87' lang='lat' dir='ltr'>iocose.</span> <span class='ocrx_word' id='word_1_381' title='bbox 1935 2674 2034 2714; x_wconf 70' lang='lat' dir='ltr'>qffiaez&#39;t</span> <span class='ocrx_word' id='word_1_382' title='bbox 2072 2672 2073 2707; x_wconf 63' lang='grc' dir='ltr'>ᾖ</span> <span class='ocrx_word' id='word_1_383' title='bbox 2102 2675 2109 2702; x_wconf 73' lang='lat' dir='ltr'>&#39;c</span> 
     </span>
     <span class='ocr_line' id='line_1_43' title="bbox 204 2730 2110 2773; baseline 0 -13"><span class='ocrx_word' id='word_1_384' title='bbox 204 2741 231 2773; x_wconf 73' lang='grc' dir='ltr'>γ.</span> <span class='ocrx_word' id='word_1_385' title='bbox 258 2734 348 2769; x_wconf 79' lang='lat' dir='ltr'>posui</span> <span class='ocrx_word' id='word_1_386' title='bbox 374 2733 513 2770; x_wconf 81' lang='lat' dir='ltr'>adflixit,</span> <span class='ocrx_word' id='word_1_387' title='bbox 539 2734 712 2768; x_wconf 80' lang='lat' dir='ltr'>hominem⁷</span> <span class='ocrx_word' id='word_1_388' title='bbox 738 2743 826 2762; x_wconf 84' lang='lat' dir='ltr'>reum</span> <span class='ocrx_word' id='word_1_389' title='bbox 853 2733 1022 2762; x_wconf 78' lang='lat' dir='ltr'>sententiis</span> <span class='ocrx_word' id='word_1_390' title='bbox 1048 2732 1117 2763; x_wconf 89' lang='lat' dir='ltr'>Cic.</span> <span class='ocrx_word' id='word_1_391' title='bbox 1146 2732 1227 2761; x_wconf 90' lang='lat' dir='ltr'>Mur.</span> <span class='ocrx_word' id='word_1_392' title='bbox 1255 2733 1307 2769; x_wconf 83' lang='lat'>41,</span> <span class='ocrx_word' id='word_1_393' title='bbox 1347 2736 1377 2761; x_wconf 86' lang='lat' dir='ltr'>et</span> <span class='ocrx_word' id='word_1_394' title='bbox 1402 2742 1470 2761; x_wconf 84' lang='lat' dir='ltr'>rein</span> <span class='ocrx_word' id='word_1_395' title='bbox 1506 2732 1740 2769; x_wconf 83' lang='lat' dir='ltr'>uituuperando</span> <span class='ocrx_word' id='word_1_396' title='bbox 1767 2730 1834 2761; x_wconf 90' lang='lat' dir='ltr'>Cic.</span> <span class='ocrx_word' id='word_1_397' title='bbox 1861 2731 1953 2760; x_wconf 84' lang='lat' dir='ltr'>Brut.</span> <span class='ocrx_word' id='word_1_398' title='bbox 1982 2731 2030 2760; x_wconf 85' lang='grc'><strong>12.</strong></span> <span class='ocrx_word' id='word_1_399' title='bbox 2070 2762 2071 2766; x_wconf 16' lang='grc' dir='ltr'><strong>Ἰ</strong></span> <span class='ocrx_word' id='word_1_400' title='bbox 2102 2733 2110 2759; x_wconf 71' lang='lat' dir='ltr'>&#39;L</span> 
     </span>
     <span class='ocr_line' id='line_1_44' title="bbox 204 2786 2110 2847; baseline 0 -31"><span class='ocrx_word' id='word_1_401' title='bbox 204 2792 317 2817; x_wconf 73' lang='lat' dir='ltr'>mutum</span> <span class='ocrx_word' id='word_1_402' title='bbox 339 2799 366 2830; x_wconf 76' lang='grc' dir='ltr'>γ.</span> <span class='ocrx_word' id='word_1_403' title='bbox 429 2791 463 2828; x_wconf 88' lang='grc'>9)</span> <span class='ocrx_word' id='word_1_404' title='bbox 489 2791 608 2818; x_wconf 74' lang='lat' dir='ltr'>lacerat</span> <span class='ocrx_word' id='word_1_405' title='bbox 632 2790 731 2819; x_wconf 80' lang='lat' dir='ltr'>tacite</span> <span class='ocrx_word' id='word_1_406' title='bbox 757 2790 869 2819; x_wconf 69' lang='lat' dir='ltr'>inculc.</span> <span class='ocrx_word' id='word_1_407' title='bbox 897 2786 1017 2829; x_wconf 85' lang='lat' dir='ltr'>Q(G?).</span> <span class='ocrx_word' id='word_1_408' title='bbox 1047 2806 1085 2808; x_wconf 90' lang='lat'>—</span> <span class='ocrx_word' id='word_1_409' title='bbox 1114 2788 1256 2817; x_wconf 81' lang='lat' dir='ltr'>dederim</span> <span class='ocrx_word' id='word_1_410' title='bbox 1286 2807 1289 2808; x_wconf 29' lang='grc' dir='ltr'><em>ν</em></span> <span class='ocrx_word' id='word_1_411' title='bbox 1311 2806 1324 2809; x_wconf 42' lang='lat'><strong>⁴</strong></span> <span class='ocrx_word' id='word_1_412' title='bbox 1352 2794 1445 2826; x_wconf 81' lang='lat' dir='ltr'>pocta</span> <span class='ocrx_word' id='word_1_413' title='bbox 1469 2797 1495 2830; x_wconf 79' lang='grc' dir='ltr'>γ.</span> <span class='ocrx_word' id='word_1_414' title='bbox 1522 2788 1591 2817; x_wconf 85' lang='lat' dir='ltr'>rell.</span> <span class='ocrx_word' id='word_1_415' title='bbox 1618 2798 1678 2817; x_wconf 89' lang='lat' dir='ltr'>om.</span> <span class='ocrx_word' id='word_1_416' title='bbox 1705 2792 1732 2816; x_wconf 76' lang='lat' dir='ltr'>ec</span> <span class='ocrx_word' id='word_1_417' title='bbox 1754 2788 1860 2816; x_wconf 87' lang='lat' dir='ltr'>omnia</span> <span class='ocrx_word' id='word_1_418' title='bbox 1883 2797 1913 2828; x_wconf 82' lang='grc' dir='ltr'>γ.</span> <span class='ocrx_word' id='word_1_419' title='bbox 1939 2786 2030 2824; x_wconf 87' lang='lat' dir='ltr'>posui</span> <span class='ocrx_word' id='word_1_420' title='bbox 2069 2806 2071 2847; x_wconf 50' lang='lat'><strong>⁴</strong></span> <span class='ocrx_word' id='word_1_421' title='bbox 2103 2801 2110 2812; x_wconf 76' lang='grc' dir='ltr'><strong><em>ι</em></strong></span> 
     </span>
    </p>
   </div>
   <div class='ocr_carea' id='block_1_13' title="bbox 204 2842 2102 3166">
    <p class='ocr_par' dir='ltr' id='par_1_21' title="bbox 204 2842 2030 2885">
     <span class='ocr_line' id='line_1_45' title="bbox 204 2842 2030 2885; baseline 0.001 -13"><span class='ocrx_word' id='word_1_422' title='bbox 204 2844 239 2877; x_wconf 70' lang='grc' dir='ltr'>εἰ,</span> <span class='ocrx_word' id='word_1_423' title='bbox 269 2849 302 2873; x_wconf 64' lang='lat' dir='ltr'>ut.</span> <span class='ocrx_word' id='word_1_424' title='bbox 329 2846 360 2873; x_wconf 90' lang='lat' dir='ltr'>in</span> <span class='ocrx_word' id='word_1_425' title='bbox 387 2847 483 2875; x_wconf 65' lang='lat' dir='ltr'>schol.</span> <span class='ocrx_word' id='word_1_426' title='bbox 510 2846 654 2875; x_wconf 80' lang='lat' dir='ltr'>anteced.</span> <span class='ocrx_word' id='word_1_427' title='bbox 707 2847 761 2884; x_wconf 82' lang='lat'>13)</span> <span class='ocrx_word' id='word_1_428' title='bbox 787 2845 833 2874; x_wconf 72' lang='lat' dir='ltr'>his</span> <span class='ocrx_word' id='word_1_429' title='bbox 858 2855 884 2885; x_wconf 77' lang='grc' dir='ltr'>γ.</span> <span class='ocrx_word' id='word_1_430' title='bbox 938 2845 992 2882; x_wconf 90' lang='grc'><strong>16)</strong></span> <span class='ocrx_word' id='word_1_431' title='bbox 1022 2844 1146 2873; x_wconf 82' lang='lat' dir='ltr'>Laberii</span> <span class='ocrx_word' id='word_1_432' title='bbox 1174 2854 1233 2872; x_wconf 87' lang='lat' dir='ltr'>om.</span> <span class='ocrx_word' id='word_1_433' title='bbox 1259 2853 1284 2883; x_wconf 76' lang='grc' dir='ltr'>γ.</span> <span class='ocrx_word' id='word_1_434' title='bbox 1353 2844 1408 2882; x_wconf 88' lang='grc'>18)</span> <span class='ocrx_word' id='word_1_435' title='bbox 1433 2845 1526 2873; x_wconf 62' lang='lat' dir='ltr'>rit-eus</span> <span class='ocrx_word' id='word_1_436' title='bbox 1550 2843 1760 2885; x_wconf 60' lang='lat' dir='ltr'>7G,mvassio.</span> <span class='ocrx_word' id='word_1_437' title='bbox 1787 2845 1893 2873; x_wconf 77' lang='lat' dir='ltr'>rictum</span> <span class='ocrx_word' id='word_1_438' title='bbox 1918 2842 2030 2881; x_wconf 88' lang='lat' dir='ltr'>(Hor.)</span> 
     </span>
    </p>

    <p class='ocr_par' dir='ltr' id='par_1_22' title="bbox 204 2900 2102 3166">
     <span class='ocr_line' id='line_1_46' title="bbox 206 2900 2070 2938; baseline 0 -10"><span class='ocrx_word' id='word_1_439' title='bbox 206 2900 243 2934; x_wconf 76' lang='lat' dir='ltr'>Q.</span> <span class='ocrx_word' id='word_1_440' title='bbox 270 2902 378 2930; x_wconf 72' lang='lat' dir='ltr'>rictum</span> <span class='ocrx_word' id='word_1_441' title='bbox 415 2903 550 2931; x_wconf 67' lang='lat' dir='ltr'>Ilm-culis</span> <span class='ocrx_word' id='word_1_442' title='bbox 587 2902 653 2931; x_wconf 86' lang='lat' dir='ltr'>Cic.</span> <span class='ocrx_word' id='word_1_443' title='bbox 680 2903 768 2931; x_wconf 78' lang='lat' dir='ltr'>Vei-r.</span> <span class='ocrx_word' id='word_1_444' title='bbox 794 2902 848 2938; x_wconf 85' lang='lat' dir='ltr'>IV,</span> <span class='ocrx_word' id='word_1_445' title='bbox 876 2902 928 2930; x_wconf 79' lang='lat'>32.</span> <span class='ocrx_word' id='word_1_446' title='bbox 955 2905 1041 2930; x_wconf 84' lang='lat' dir='ltr'>ructa</span> <span class='ocrx_word' id='word_1_447' title='bbox 1063 2910 1169 2929; x_wconf 77' lang='lat' dir='ltr'>canum</span> <span class='ocrx_word' id='word_1_448' title='bbox 1201 2900 1291 2929; x_wconf 87' lang='lat' dir='ltr'>Lucr.</span> <span class='ocrx_word' id='word_1_449' title='bbox 1318 2900 1355 2937; x_wconf 81' lang='lat' dir='ltr'>V,</span> <span class='ocrx_word' id='word_1_450' title='bbox 1386 2901 1480 2929; x_wconf 89' lang='lat'>1063.</span> <span class='ocrx_word' id='word_1_451' title='bbox 1520 2900 1596 2929; x_wconf 87' lang='lat' dir='ltr'>item</span> <span class='ocrx_word' id='word_1_452' title='bbox 1633 2901 1727 2929; x_wconf 78' lang='lat' dir='ltr'>rictus</span> <span class='ocrx_word' id='word_1_453' title='bbox 1762 2900 1827 2929; x_wconf 86' lang='lat' dir='ltr'>oris</span> <span class='ocrx_word' id='word_1_454' title='bbox 1865 2906 2030 2937; x_wconf 81' lang='lat' dir='ltr'>expressos</span> <span class='ocrx_word' id='word_1_455' title='bbox 2067 2909 2070 2916; x_wconf 83' lang='grc'>’</span> 
     </span>
     <span class='ocr_line' id='line_1_47' title="bbox 207 2919 2069 2993; baseline -0.001 -9"><span class='ocrx_word' id='word_1_456' title='bbox 207 2955 341 2990; x_wconf 84' lang='lat' dir='ltr'>Quintil.</span> <span class='ocrx_word' id='word_1_457' title='bbox 369 2957 456 2987; x_wconf 64' lang='lat' dir='ltr'>Deci.</span> <span class='ocrx_word' id='word_1_458' title='bbox 483 2958 519 2991; x_wconf 80' lang='grc' dir='ltr'>Χ,</span> <span class='ocrx_word' id='word_1_459' title='bbox 551 2960 599 2987; x_wconf 90' lang='grc'>11.</span> <span class='ocrx_word' id='word_1_460' title='bbox 633 2959 731 2987; x_wconf 84' lang='lat' dir='ltr'>rictus</span> <span class='ocrx_word' id='word_1_461' title='bbox 757 2957 861 2986; x_wconf 77' lang='lat' dir='ltr'>Midae</span> <span class='ocrx_word' id='word_1_462' title='bbox 888 2957 984 2987; x_wconf 90' lang='lat' dir='ltr'>Ouid.</span> <span class='ocrx_word' id='word_1_463' title='bbox 1012 2957 1054 2985; x_wconf 87' lang='lat' dir='ltr'>M.</span> <span class='ocrx_word' id='word_1_464' title='bbox 1082 2956 1136 2992; x_wconf 81' lang='lat' dir='ltr'>xl,</span> <span class='ocrx_word' id='word_1_465' title='bbox 1167 2957 1238 2985; x_wconf 89' lang='grc'><strong>126.</strong></span> <span class='ocrx_word' id='word_1_466' title='bbox 1269 2957 1367 2985; x_wconf 82' lang='lat' dir='ltr'>rictus</span> <span class='ocrx_word' id='word_1_467' title='bbox 1394 2955 1536 2992; x_wconf 81' lang='lat' dir='ltr'>Cerberi,</span> <span class='ocrx_word' id='word_1_468' title='bbox 1568 2956 1709 2992; x_wconf 84' lang='lat' dir='ltr'>leaenae,</span> <span class='ocrx_word' id='word_1_469' title='bbox 1747 2956 1825 2993; x_wconf 84' lang='lat' dir='ltr'>lupi,</span> <span class='ocrx_word' id='word_1_470' title='bbox 1864 2963 2030 2984; x_wconf 80' lang='lat' dir='ltr'>ranarum:</span> <span class='ocrx_word' id='word_1_471' title='bbox 2067 2919 2069 2974; x_wconf 59' lang='grc'><strong>1</strong></span> 
     </span>
     <span class='ocr_line' id='line_1_48' title="bbox 206 2998 2102 3053; baseline -0.002 -12"><span class='ocrx_word' id='word_1_472' title='bbox 206 3012 302 3041; x_wconf 88' lang='lat' dir='ltr'>Ouid.</span> <span class='ocrx_word' id='word_1_473' title='bbox 331 3013 373 3042; x_wconf 82' lang='lat' dir='ltr'>M.</span> <span class='ocrx_word' id='word_1_474' title='bbox 400 3013 482 3050; x_wconf 81' lang='lat' dir='ltr'>xlv,</span> <span class='ocrx_word' id='word_1_475' title='bbox 511 3016 563 3043; x_wconf 81' lang='grc'>65.</span> <span class='ocrx_word' id='word_1_476' title='bbox 590 3014 643 3051; x_wconf 75' lang='lat' dir='ltr'>IV,</span> <span class='ocrx_word' id='word_1_477' title='bbox 671 3016 722 3043; x_wconf 69' lang='lat'>98.</span> <span class='ocrx_word' id='word_1_478' title='bbox 750 3014 804 3051; x_wconf 88' lang='lat' dir='ltr'>XI,</span> <span class='ocrx_word' id='word_1_479' title='bbox 832 3015 883 3043; x_wconf 77' lang='lat'>59.</span> <span class='ocrx_word' id='word_1_480' title='bbox 911 3015 985 3042; x_wconf 75' lang='lat'>367.</span> <span class='ocrx_word' id='word_1_481' title='bbox 1012 3012 1066 3049; x_wconf 92' lang='lat' dir='ltr'>VI,</span> <span class='ocrx_word' id='word_1_482' title='bbox 1093 3014 1167 3042; x_wconf 84' lang='lat'>378.</span> <span class='ocrx_word' id='word_1_483' title='bbox 1218 3013 1275 3051; x_wconf 84' lang='lat'>21)</span> <span class='ocrx_word' id='word_1_484' title='bbox 1303 3013 1590 3041; x_wconf 81' lang='lat' dir='ltr'>hie—moueatur</span> <span class='ocrx_word' id='word_1_485' title='bbox 1613 3021 1639 3053; x_wconf 76' lang='grc' dir='ltr'>γ.</span> <span class='ocrx_word' id='word_1_486' title='bbox 1666 3012 1734 3040; x_wconf 82' lang='lat' dir='ltr'>rell.</span> <span class='ocrx_word' id='word_1_487' title='bbox 1762 3021 1820 3041; x_wconf 88' lang='lat' dir='ltr'>orn.</span> <span class='ocrx_word' id='word_1_488' title='bbox 1870 3010 1928 3050; x_wconf 86' lang='grc'>22)</span> <span class='ocrx_word' id='word_1_489' title='bbox 1953 3008 2029 3048; x_wconf 83' lang='lat' dir='ltr'>perf.</span> <span class='ocrx_word' id='word_1_490' title='bbox 2066 2998 2068 3027; x_wconf 68' lang='lat' dir='ltr'>l</span> <span class='ocrx_word' id='word_1_491' title='bbox 2100 3026 2102 3033; x_wconf 51' lang='grc' dir='ltr'><em>ι</em></span> 
     </span>
     <span class='ocr_line' id='line_1_49' title="bbox 205 3063 2067 3110; baseline 0 -15"><span class='ocrx_word' id='word_1_492' title='bbox 205 3077 283 3105; x_wconf 80' lang='lat' dir='ltr'>opus</span> <span class='ocrx_word' id='word_1_493' title='bbox 308 3077 333 3108; x_wconf 72' lang='grc' dir='ltr'>γ.</span> <span class='ocrx_word' id='word_1_494' title='bbox 360 3070 427 3097; x_wconf 80' lang='lat' dir='ltr'>rell.</span> <span class='ocrx_word' id='word_1_495' title='bbox 455 3080 502 3107; x_wconf 81' lang='lat' dir='ltr'>op.</span> <span class='ocrx_word' id='word_1_496' title='bbox 532 3070 610 3107; x_wconf 81' lang='lat' dir='ltr'>perf.</span> <span class='ocrx_word' id='word_1_497' title='bbox 673 3070 734 3107; x_wconf 87' lang='grc'>24)</span> <span class='ocrx_word' id='word_1_498' title='bbox 761 3071 862 3099; x_wconf 83' lang='lat' dir='ltr'>solum</span> <span class='ocrx_word' id='word_1_499' title='bbox 887 3069 918 3098; x_wconf 82' lang='lat' dir='ltr'>in</span> <span class='ocrx_word' id='word_1_500' title='bbox 945 3078 980 3098; x_wconf 91' lang='lat' dir='ltr'>eo</span> <span class='ocrx_word' id='word_1_501' title='bbox 1007 3073 1054 3098; x_wconf 88' lang='lat' dir='ltr'>est</span> <span class='ocrx_word' id='word_1_502' title='bbox 1080 3073 1116 3098; x_wconf 86' lang='lat' dir='ltr'>ut</span> <span class='ocrx_word' id='word_1_503' title='bbox 1140 3078 1166 3110; x_wconf 84' lang='grc' dir='ltr'>γ.</span> <span class='ocrx_word' id='word_1_504' title='bbox 1193 3069 1262 3098; x_wconf 87' lang='lat' dir='ltr'>rell.</span> <span class='ocrx_word' id='word_1_505' title='bbox 1291 3069 1392 3098; x_wconf 88' lang='lat' dir='ltr'>solum</span> <span class='ocrx_word' id='word_1_506' title='bbox 1419 3078 1454 3098; x_wconf 91' lang='lat' dir='ltr'>eo</span> <span class='ocrx_word' id='word_1_507' title='bbox 1479 3073 1528 3097; x_wconf 78' lang='lat' dir='ltr'>est</span> <span class='ocrx_word' id='word_1_508' title='bbox 1554 3076 1631 3106; x_wconf 85' lang='lat' dir='ltr'>opus</span> <span class='ocrx_word' id='word_1_509' title='bbox 1656 3072 1699 3096; x_wconf 87' lang='lat' dir='ltr'>ut.</span> <span class='ocrx_word' id='word_1_510' title='bbox 1764 3066 1823 3106; x_wconf 83' lang='lat'>26)</span> <span class='ocrx_word' id='word_1_511' title='bbox 1849 3067 1929 3096; x_wconf 85' lang='lat' dir='ltr'>conf.</span> <span class='ocrx_word' id='word_1_512' title='bbox 1956 3065 2030 3095; x_wconf 90' lang='lat' dir='ltr'>Lin-</span> <span class='ocrx_word' id='word_1_513' title='bbox 2064 3063 2067 3074; x_wconf 67' lang='lat'><em>&#39;</em></span> 
     </span>
     <span class='ocr_line' id='line_1_50' title="bbox 204 3105 2067 3166; baseline -0.001 -14"><span class='ocrx_word' id='word_1_514' title='bbox 204 3125 299 3153; x_wconf 81' lang='lat' dir='ltr'>kerus</span> <span class='ocrx_word' id='word_1_515' title='bbox 338 3125 375 3152; x_wconf 81' lang='lat' dir='ltr'>de</span> <span class='ocrx_word' id='word_1_516' title='bbox 412 3125 513 3154; x_wconf 85' lang='lat' dir='ltr'>Histt.</span> <span class='ocrx_word' id='word_1_517' title='bbox 553 3135 687 3163; x_wconf 80' lang='lat' dir='ltr'>procem.</span> <span class='ocrx_word' id='word_1_518' title='bbox 715 3128 766 3156; x_wconf 86' lang='lat'>30.</span> <span class='ocrx_word' id='word_1_519' title='bbox 831 3124 890 3165; x_wconf 81' lang='lat'>29)</span> <span class='ocrx_word' id='word_1_520' title='bbox 918 3124 994 3154; x_wconf 87' lang='lat' dir='ltr'>Cito</span> <span class='ocrx_word' id='word_1_521' title='bbox 1031 3126 1120 3163; x_wconf 81' lang='lat' dir='ltr'>cxpl.</span> <span class='ocrx_word' id='word_1_522' title='bbox 1161 3133 1273 3154; x_wconf 87' lang='lat' dir='ltr'>sensus</span> <span class='ocrx_word' id='word_1_523' title='bbox 1310 3134 1335 3166; x_wconf 74' lang='grc' dir='ltr'>γ.</span> <span class='ocrx_word' id='word_1_524' title='bbox 1373 3125 1442 3154; x_wconf 84' lang='lat' dir='ltr'>rell.</span> <span class='ocrx_word' id='word_1_525' title='bbox 1480 3133 1539 3154; x_wconf 89' lang='lat' dir='ltr'>om.</span> <span class='ocrx_word' id='word_1_526' title='bbox 1605 3124 1662 3162; x_wconf 87' lang='lat'>30)</span> <span class='ocrx_word' id='word_1_527' title='bbox 1689 3123 1802 3153; x_wconf 86' lang='lat' dir='ltr'>Verbis</span> <span class='ocrx_word' id='word_1_528' title='bbox 1840 3123 1964 3152; x_wconf 77' lang='lat' dir='ltr'>seilicet</span> <span class='ocrx_word' id='word_1_529' title='bbox 1998 3129 2024 3162; x_wconf 79' lang='grc' dir='ltr'>γ.</span> <span class='ocrx_word' id='word_1_530' title='bbox 2065 3105 2067 3134; x_wconf 50' lang='lat' dir='ltr'>l</span> 
     </span>
    </p>
   </div>
   <div class='ocr_carea' id='block_1_14' title="bbox 203 3175 2065 3209">
    <p class='ocr_par' dir='ltr' id='par_1_23' title="bbox 203 3175 2065 3209">
     <span class='ocr_line' id='line_1_51' title="bbox 203 3175 2065 3209; baseline -0.009 0"><span class='ocrx_word' id='word_1_531' title='bbox 203 3179 276 3209; x_wconf 87' lang='lat' dir='ltr'>rell.</span> <span class='ocrx_word' id='word_1_532' title='bbox 306 3189 365 3209; x_wconf 91' lang='lat' dir='ltr'>om.</span> <span class='ocrx_word' id='word_1_533' title='bbox 2064 3175 2065 3193; x_wconf 65' lang='lat' dir='ltr'>l</span> 
     </span>
    </p>
   </div>
  </div>
 </body>
</html>
