<?xml version="1.0" encoding="UTF-8"?>
<!DOCTYPE html PUBLIC "-//W3C//DTD XHTML 1.0 Transitional//EN"
    "http://www.w3.org/TR/xhtml1/DTD/xhtml1-transitional.dtd">
<html xmlns="http://www.w3.org/1999/xhtml" xml:lang="en" lang="en">
 <head>
  <title>
</title>
<meta http-equiv="Content-Type" content="text/html;charset=utf-8" />
  <meta name='ocr-system' content='tesseract 3.04.00' />
  <meta name='ocr-capabilities' content='ocr_page ocr_carea ocr_par ocr_line ocrx_word'/>
</head>
<body>
  <div class='ocr_page' id='page_1' title='image "acronisetporphyr02pseuuoft_0320.png"; bbox 0 0 2148 3412; ppageno 0'>
   <div class='ocr_carea' id='block_1_1' title="bbox 188 157 1387 198">
    <p class='ocr_par' dir='ltr' id='par_1_1' title="bbox 188 157 1387 198">
     <span class='ocr_line' id='line_1_1' title="bbox 188 157 1387 198; baseline 0.002 -2"><span class='ocrx_word' id='word_1_1' title='bbox 188 157 268 197; x_wconf 80' lang='lat'>312</span> <span class='ocrx_word' id='word_1_2' title='bbox 827 167 934 198; x_wconf 76' lang='lat' dir='ltr'>Aen.</span> <span class='ocrx_word' id='word_1_3' title='bbox 961 166 1021 198; x_wconf 79' lang='grc' dir='ltr'>ΕΤ</span> <span class='ocrx_word' id='word_1_4' title='bbox 1047 166 1213 197; x_wconf 59' lang='grc'>0011011.</span> <span class='ocrx_word' id='word_1_5' title='bbox 1239 166 1387 198; x_wconf 72' lang='lat' dir='ltr'>comm.</span> 
     </span>
    </p>
   </div>
   <div class='ocr_carea' id='block_1_2' title="bbox 112 289 2025 2191">
    <p class='ocr_par' dir='ltr' id='par_1_2' title="bbox 112 289 2025 2191">
     <span class='ocr_line' id='line_1_2' title="bbox 301 289 2023 345; baseline -0.001 -13"><span class='ocrx_word' id='word_1_6' title='bbox 301 293 366 332; x_wconf 77' lang='lat'>25.</span> <span class='ocrx_word' id='word_1_7' title='bbox 399 291 521 332; x_wconf 78' lang='lat' dir='ltr'>radit.</span> <span class='ocrx_word' id='word_1_8' title='bbox 583 289 768 345; x_wconf 82' lang='lat' dir='ltr'>Stringit</span> <span class='ocrx_word' id='word_1_9' title='bbox 805 297 845 330; x_wconf 87' lang='lat' dir='ltr'>et</span> <span class='ocrx_word' id='word_1_10' title='bbox 881 289 1024 339; x_wconf 79' lang='lat' dir='ltr'>siccat,</span> <span class='ocrx_word' id='word_1_11' title='bbox 1071 296 1141 330; x_wconf 90' lang='lat' dir='ltr'>aut</span> <span class='ocrx_word' id='word_1_12' title='bbox 1180 289 1313 330; x_wconf 91' lang='lat' dir='ltr'>uerrit</span> <span class='ocrx_word' id='word_1_13' title='bbox 1341 289 1442 331; x_wconf 87' lang='lat' dir='ltr'>flatu</span> <span class='ocrx_word' id='word_1_14' title='bbox 1473 304 1561 340; x_wconf 87' lang='lat' dir='ltr'>suo,</span> <span class='ocrx_word' id='word_1_15' title='bbox 1608 289 1652 329; x_wconf 85' lang='lat' dir='ltr'>id</span> <span class='ocrx_word' id='word_1_16' title='bbox 1683 295 1764 331; x_wconf 89' lang='lat' dir='ltr'>est:</span> <span class='ocrx_word' id='word_1_17' title='bbox 1812 289 1900 331; x_wconf 88' lang='lat' dir='ltr'>siue</span> <span class='ocrx_word' id='word_1_18' title='bbox 1931 296 2023 331; x_wconf 85' lang='lat' dir='ltr'>acta</span> 
     </span>
     <span class='ocr_line' id='line_1_3' title="bbox 186 363 944 418; baseline -0.003 -12"><span class='ocrx_word' id='word_1_19' title='bbox 186 365 252 414; x_wconf 85' lang='lat' dir='ltr'>sit,</span> <span class='ocrx_word' id='word_1_20' title='bbox 284 364 355 404; x_wconf 91' lang='lat' dir='ltr'>ubi</span> <span class='ocrx_word' id='word_1_21' title='bbox 387 363 584 418; x_wconf 89' lang='lat' dir='ltr'>pulueres</span> <span class='ocrx_word' id='word_1_22' title='bbox 616 370 944 405; x_wconf 88' lang='lat' dir='ltr'>commouentur.</span> 
     </span>
     <span class='ocr_line' id='line_1_4' title="bbox 298 434 2022 493; baseline 0 -15"><span class='ocrx_word' id='word_1_23' title='bbox 298 439 364 478; x_wconf 79' lang='grc'>26.</span> <span class='ocrx_word' id='word_1_24' title='bbox 397 438 595 479; x_wconf 65' lang='lat' dir='ltr'>Inferiore</span> <span class='ocrx_word' id='word_1_25' title='bbox 627 438 731 478; x_wconf 67' lang='lat' dir='ltr'>diem</span> <span class='ocrx_word' id='word_1_26' title='bbox 761 452 862 493; x_wconf 69' lang='lat' dir='ltr'>yyro</span> <span class='ocrx_word' id='word_1_27' title='bbox 896 437 1031 478; x_wconf 72' lang='lat' dir='ltr'>trahit.</span> <span class='ocrx_word' id='word_1_28' title='bbox 1096 434 1338 492; x_wconf 73' lang='lat' dir='ltr'>[strictiore</span> <span class='ocrx_word' id='word_1_29' title='bbox 1369 451 1445 491; x_wconf 86' lang='lat' dir='ltr'>per</span> <span class='ocrx_word' id='word_1_30' title='bbox 1475 436 1588 477; x_wconf 87' lang='lat' dir='ltr'>diem</span> <span class='ocrx_word' id='word_1_31' title='bbox 1620 435 1858 478; x_wconf 88' lang='lat' dir='ltr'>breuiorem</span> <span class='ocrx_word' id='word_1_32' title='bbox 1888 451 2022 479; x_wconf 86' lang='lat' dir='ltr'>cursu.</span> 
     </span>
     <span class='ocr_line' id='line_1_5' title="bbox 185 507 2024 566; baseline -0.001 -14"><span class='ocrx_word' id='word_1_33' title='bbox 185 509 359 552; x_wconf 77' lang='lat' dir='ltr'>Circulo</span> <span class='ocrx_word' id='word_1_34' title='bbox 400 511 563 552; x_wconf 89' lang='lat' dir='ltr'>minore</span> <span class='ocrx_word' id='word_1_35' title='bbox 602 525 678 566; x_wconf 91' lang='lat' dir='ltr'>per</span> <span class='ocrx_word' id='word_1_36' title='bbox 715 510 897 552; x_wconf 79' lang='lat' dir='ltr'>hiemem</span> <span class='ocrx_word' id='word_1_37' title='bbox 934 510 1003 551; x_wconf 91' lang='lat' dir='ltr'>uel</span> <span class='ocrx_word' id='word_1_38' title='bbox 1041 509 1196 565; x_wconf 84' lang='lat' dir='ltr'>exiguo</span> <span class='ocrx_word' id='word_1_39' title='bbox 1235 510 1370 565; x_wconf 86' lang='lat' dir='ltr'>spatio</span> <span class='ocrx_word' id='word_1_40' title='bbox 1414 509 1596 566; x_wconf 89' lang='lat' dir='ltr'>peruia].</span> <span class='ocrx_word' id='word_1_41' title='bbox 1658 507 1831 552; x_wconf 89' lang='lat' dir='ltr'>Circulo</span> <span class='ocrx_word' id='word_1_42' title='bbox 1862 510 2024 552; x_wconf 89' lang='lat' dir='ltr'>minore</span> 
     </span>
     <span class='ocr_line' id='line_1_6' title="bbox 119 583 2024 639; baseline 0.001 -16"><span class='ocrx_word' id='word_1_43' title='bbox 119 595 136 623; x_wconf 69' lang='grc' dir='ltr'>ε»</span> <span class='ocrx_word' id='word_1_44' title='bbox 185 599 262 639; x_wconf 85' lang='lat' dir='ltr'>per</span> <span class='ocrx_word' id='word_1_45' title='bbox 292 584 471 625; x_wconf 81' lang='lat' dir='ltr'>hiemem</span> <span class='ocrx_word' id='word_1_46' title='bbox 506 585 607 626; x_wconf 76' lang='lat' dir='ltr'>diem</span> <span class='ocrx_word' id='word_1_47' title='bbox 640 585 775 635; x_wconf 64' lang='lat' dir='ltr'>trahit,</span> <span class='ocrx_word' id='word_1_48' title='bbox 809 584 980 625; x_wconf 90' lang='lat' dir='ltr'>breuem</span> <span class='ocrx_word' id='word_1_49' title='bbox 1011 584 1125 634; x_wconf 83' lang='lat' dir='ltr'>facit,</span> <span class='ocrx_word' id='word_1_50' title='bbox 1158 583 1257 638; x_wconf 85' lang='lat' dir='ltr'>quia</span> <span class='ocrx_word' id='word_1_51' title='bbox 1288 583 1425 624; x_wconf 91' lang='lat' dir='ltr'>hieme</span> <span class='ocrx_word' id='word_1_52' title='bbox 1458 583 1547 625; x_wconf 87' lang='lat' dir='ltr'>dies</span> <span class='ocrx_word' id='word_1_53' title='bbox 1585 591 1681 625; x_wconf 84' lang='lat' dir='ltr'>sunt</span> <span class='ocrx_word' id='word_1_54' title='bbox 1717 583 1932 626; x_wconf 89' lang='lat' dir='ltr'>breuiores</span> <span class='ocrx_word' id='word_1_55' title='bbox 1971 585 2024 625; x_wconf 85' lang='lat' dir='ltr'>ad</span> 
     </span>
     <span class='ocr_line' id='line_1_7' title="bbox 183 656 2025 714; baseline 0.001 -16"><span class='ocrx_word' id='word_1_56' title='bbox 183 658 491 713; x_wconf 83' lang='lat' dir='ltr'>spondendum,</span> <span class='ocrx_word' id='word_1_57' title='bbox 524 658 568 699; x_wconf 85' lang='lat' dir='ltr'>id</span> <span class='ocrx_word' id='word_1_58' title='bbox 599 665 673 709; x_wconf 85' lang='lat' dir='ltr'>est,</span> <span class='ocrx_word' id='word_1_59' title='bbox 706 658 860 714; x_wconf 83' lang='lat' dir='ltr'>exiguo</span> <span class='ocrx_word' id='word_1_60' title='bbox 892 658 1042 713; x_wconf 83' lang='lat' dir='ltr'>spatio,</span> <span class='ocrx_word' id='word_1_61' title='bbox 1076 657 1110 699; x_wconf 90' lang='lat' dir='ltr'>si</span> <span class='ocrx_word' id='word_1_62' title='bbox 1132 657 1244 698; x_wconf 89' lang='lat' dir='ltr'>uiam</span> <span class='ocrx_word' id='word_1_63' title='bbox 1278 656 1577 711; x_wconf 81' lang='lat' dir='ltr'>intellegimus,</span> <span class='ocrx_word' id='word_1_64' title='bbox 1610 657 1722 711; x_wconf 86' lang='lat' dir='ltr'>quia,</span> <span class='ocrx_word' id='word_1_65' title='bbox 1765 657 1934 712; x_wconf 87' lang='lat' dir='ltr'>quando</span> <span class='ocrx_word' id='word_1_66' title='bbox 1964 664 2025 699; x_wconf 85' lang='lat' dir='ltr'>est</span> 
     </span>
     <span class='ocr_line' id='line_1_8' title="bbox 181 730 2024 787; baseline 0 -14"><span class='ocrx_word' id='word_1_67' title='bbox 181 740 331 773; x_wconf 82' lang='lat' dir='ltr'>uentus</span> <span class='ocrx_word' id='word_1_68' title='bbox 362 747 438 787; x_wconf 86' lang='lat' dir='ltr'>per</span> <span class='ocrx_word' id='word_1_69' title='bbox 469 732 664 782; x_wconf 86' lang='lat' dir='ltr'>hiemem,</span> <span class='ocrx_word' id='word_1_70' title='bbox 697 732 918 787; x_wconf 83' lang='lat' dir='ltr'>angustior</span> <span class='ocrx_word' id='word_1_71' title='bbox 947 732 1018 772; x_wconf 88' lang='lat' dir='ltr'>uia</span> <span class='ocrx_word' id='word_1_72' title='bbox 1038 732 1082 772; x_wconf 87' lang='lat' dir='ltr'>fit</span> <span class='ocrx_word' id='word_1_73' title='bbox 1113 731 1157 771; x_wconf 90' lang='lat' dir='ltr'>in</span> <span class='ocrx_word' id='word_1_74' title='bbox 1188 730 1675 786; x_wconf 38' lang='lat' dir='ltr'>uertigine(ns*eantis?)</span> <span class='ocrx_word' id='word_1_75' title='bbox 1706 731 1830 772; x_wconf 86' lang='lat' dir='ltr'>niuis.</span> <span class='ocrx_word' id='word_1_76' title='bbox 1893 730 2024 787; x_wconf 77' lang='lat' dir='ltr'>[Diem</span> 
     </span>
     <span class='ocr_line' id='line_1_9' title="bbox 182 803 1846 860; baseline -0.002 -13"><span class='ocrx_word' id='word_1_77' title='bbox 182 813 321 847; x_wconf 89' lang='lat' dir='ltr'>autem</span> <span class='ocrx_word' id='word_1_78' title='bbox 353 807 477 848; x_wconf 69' lang='lat' dir='ltr'>trahit</span> <span class='ocrx_word' id='word_1_79' title='bbox 507 805 532 846; x_wconf 91' lang='lat' dir='ltr'>i.</span> <span class='ocrx_word' id='word_1_80' title='bbox 565 820 599 847; x_wconf 88' lang='lat' dir='ltr'>e.</span> <span class='ocrx_word' id='word_1_81' title='bbox 632 805 872 847; x_wconf 86' lang='lat' dir='ltr'>breuiorem</span> <span class='ocrx_word' id='word_1_82' title='bbox 901 805 1015 855; x_wconf 85' lang='lat' dir='ltr'>facit,</span> <span class='ocrx_word' id='word_1_83' title='bbox 1049 804 1150 859; x_wconf 85' lang='lat' dir='ltr'>quia</span> <span class='ocrx_word' id='word_1_84' title='bbox 1179 804 1318 845; x_wconf 90' lang='lat' dir='ltr'>hieme</span> <span class='ocrx_word' id='word_1_85' title='bbox 1349 804 1440 845; x_wconf 88' lang='lat' dir='ltr'>dies</span> <span class='ocrx_word' id='word_1_86' title='bbox 1471 812 1565 845; x_wconf 89' lang='lat' dir='ltr'>sunt</span> <span class='ocrx_word' id='word_1_87' title='bbox 1596 803 1846 860; x_wconf 48' lang='lat' dir='ltr'>breuiores]</span> 
     </span>
     <span class='ocr_line' id='line_1_10' title="bbox 299 874 2024 934; baseline -0.001 -13"><span class='ocrx_word' id='word_1_88' title='bbox 299 881 365 922; x_wconf 86' lang='grc'>26.</span> <span class='ocrx_word' id='word_1_89' title='bbox 398 882 458 922; x_wconf 75' lang='lat' dir='ltr'>ire</span> <span class='ocrx_word' id='word_1_90' title='bbox 479 895 634 922; x_wconf 77' lang='lat' dir='ltr'>necesse</span> <span class='ocrx_word' id='word_1_91' title='bbox 655 888 722 922; x_wconf 82' lang='lat' dir='ltr'>est.</span> <span class='ocrx_word' id='word_1_92' title='bbox 782 878 855 919; x_wconf 82' lang='lat' dir='ltr'>Ad</span> <span class='ocrx_word' id='word_1_93' title='bbox 887 874 1194 934; x_wconf 86' lang='lat' dir='ltr'>spondendum.</span> <span class='ocrx_word' id='word_1_94' title='bbox 1256 876 1430 934; x_wconf 81' lang='lat' dir='ltr'>Quippe</span> <span class='ocrx_word' id='word_1_95' title='bbox 1462 878 1534 933; x_wconf 91' lang='lat' dir='ltr'>qui</span> <span class='ocrx_word' id='word_1_96' title='bbox 1565 892 1631 919; x_wconf 87' lang='lat' dir='ltr'>me</span> <span class='ocrx_word' id='word_1_97' title='bbox 1666 893 1745 934; x_wconf 86' lang='lat' dir='ltr'>pro</span> <span class='ocrx_word' id='word_1_98' title='bbox 1776 878 1918 933; x_wconf 90' lang='lat' dir='ltr'>aliquo</span> <span class='ocrx_word' id='word_1_99' title='bbox 1949 878 2024 919; x_wconf 91' lang='lat' dir='ltr'>ob-</span> 
     </span>
     <span class='ocr_line' id='line_1_11' title="bbox 123 954 371 1009; baseline 0.008 -16"><span class='ocrx_word' id='word_1_100' title='bbox 123 963 161 993; x_wconf 80' lang='lat'>10</span> <span class='ocrx_word' id='word_1_101' title='bbox 187 954 371 1009; x_wconf 80' lang='lat' dir='ltr'>ligarim.</span> 
     </span>
     <span class='ocr_line' id='line_1_12' title="bbox 296 1024 2022 1084; baseline -0.002 -15"><span class='ocrx_word' id='word_1_102' title='bbox 296 1030 362 1069; x_wconf 83' lang='grc'>27.</span> <span class='ocrx_word' id='word_1_103' title='bbox 395 1029 609 1070; x_wconf 78' lang='lat' dir='ltr'>Postmodo</span> <span class='ocrx_word' id='word_1_104' title='bbox 641 1028 747 1084; x_wconf 81' lang='lat' dir='ltr'><em>quod</em></span> <span class='ocrx_word' id='word_1_105' title='bbox 764 1053 815 1057; x_wconf 28' lang='lat' dir='ltr'>«s</span> <span class='ocrx_word' id='word_1_106' title='bbox 834 1029 976 1069; x_wconf 71' lang='lat' dir='ltr'>locuto.</span> <span class='ocrx_word' id='word_1_107' title='bbox 1039 1024 1087 1068; x_wconf 82' lang='lat' dir='ltr'>Si</span> <span class='ocrx_word' id='word_1_108' title='bbox 1119 1025 1221 1081; x_wconf 90' lang='lat' dir='ltr'>quid</span> <span class='ocrx_word' id='word_1_109' title='bbox 1252 1025 1385 1067; x_wconf 91' lang='lat' dir='ltr'>libere</span> <span class='ocrx_word' id='word_1_110' title='bbox 1407 1033 1447 1067; x_wconf 85' lang='lat' dir='ltr'>et</span> <span class='ocrx_word' id='word_1_111' title='bbox 1466 1040 1566 1067; x_wconf 90' lang='lat' dir='ltr'>uere</span> <span class='ocrx_word' id='word_1_112' title='bbox 1588 1025 1728 1067; x_wconf 86' lang='lat' dir='ltr'>dicam</span> <span class='ocrx_word' id='word_1_113' title='bbox 1750 1027 1864 1081; x_wconf 85' lang='lat' dir='ltr'>(Ter.</span> <span class='ocrx_word' id='word_1_114' title='bbox 1886 1024 2022 1066; x_wconf 83' lang='lat' dir='ltr'>Andr.</span> 
     </span>
     <span class='ocr_line' id='line_1_13' title="bbox 181 1101 1113 1157; baseline -0.001 -15"><span class='ocrx_word' id='word_1_115' title='bbox 181 1101 215 1152; x_wconf 94' lang='lat' dir='ltr'>I,</span> <span class='ocrx_word' id='word_1_116' title='bbox 250 1104 286 1152; x_wconf 82' lang='lat'>1,</span> <span class='ocrx_word' id='word_1_117' title='bbox 318 1104 386 1143; x_wconf 85' lang='lat'>41.</span> <span class='ocrx_word' id='word_1_118' title='bbox 421 1103 472 1144; x_wconf 73' lang='lat'>(38</span> <span class='ocrx_word' id='word_1_119' title='bbox 504 1101 613 1157; x_wconf 85' lang='lat' dir='ltr'>Fl.):</span> <span class='ocrx_word' id='word_1_120' title='bbox 647 1104 797 1143; x_wconf 67' lang='lat' dir='ltr'>ueritas</span> <span class='ocrx_word' id='word_1_121' title='bbox 829 1103 964 1143; x_wconf 69' lang='lat' dir='ltr'>odium</span> <span class='ocrx_word' id='word_1_122' title='bbox 988 1102 1113 1157; x_wconf 77' lang='lat' dir='ltr'>parit.</span> 
     </span>
     <span class='ocr_line' id='line_1_14' title="bbox 297 1173 1368 1231; baseline -0.003 -14"><span class='ocrx_word' id='word_1_123' title='bbox 297 1175 382 1231; x_wconf 77' lang='lat'>[28.</span> <span class='ocrx_word' id='word_1_124' title='bbox 415 1177 559 1217; x_wconf 74' lang='lat' dir='ltr'>tardis.</span> <span class='ocrx_word' id='word_1_125' title='bbox 619 1175 762 1216; x_wconf 83' lang='lat' dir='ltr'>Tarde</span> <span class='ocrx_word' id='word_1_126' title='bbox 793 1174 1060 1216; x_wconf 88' lang='lat' dir='ltr'>uenientibus</span> <span class='ocrx_word' id='word_1_127' title='bbox 1091 1175 1146 1215; x_wconf 84' lang='lat' dir='ltr'>ad</span> <span class='ocrx_word' id='word_1_128' title='bbox 1176 1173 1368 1230; x_wconf 67' lang='lat' dir='ltr'>iussum]</span> 
     </span>
     <span class='ocr_line' id='line_1_15' title="bbox 297 1246 2023 1303; baseline -0.001 -13"><span class='ocrx_word' id='word_1_129' title='bbox 297 1252 362 1291; x_wconf 84' lang='grc'>29.</span> <span class='ocrx_word' id='word_1_130' title='bbox 400 1250 511 1301; x_wconf 65' lang='lat' dir='ltr'>Quid</span> <span class='ocrx_word' id='word_1_131' title='bbox 552 1251 625 1298; x_wconf 66' lang='lat' dir='ltr'>uis,</span> <span class='ocrx_word' id='word_1_132' title='bbox 671 1251 819 1291; x_wconf 71' lang='lat' dir='ltr'>insane.</span> <span class='ocrx_word' id='word_1_133' title='bbox 896 1246 1006 1290; x_wconf 85' lang='lat' dir='ltr'>Cum</span> <span class='ocrx_word' id='word_1_134' title='bbox 1038 1248 1341 1303; x_wconf 75' lang='lat' dir='ltr'>praecedentes</span> <span class='ocrx_word' id='word_1_135' title='bbox 1372 1247 1628 1302; x_wconf 75' lang='lat' dir='ltr'>impellimus.</span> <span class='ocrx_word' id='word_1_136' title='bbox 1688 1246 1835 1288; x_wconf 79' lang='lat' dir='ltr'>Verba</span> <span class='ocrx_word' id='word_1_137' title='bbox 1865 1261 2023 1298; x_wconf 89' lang='lat' dir='ltr'>eorum,</span> 
     </span>
     <span class='ocr_line' id='line_1_16' title="bbox 115 1320 1398 1378; baseline 0 -17"><span class='ocrx_word' id='word_1_138' title='bbox 115 1332 154 1362; x_wconf 78' lang='lat'>15</span> <span class='ocrx_word' id='word_1_139' title='bbox 182 1324 254 1378; x_wconf 87' lang='lat' dir='ltr'>qui</span> <span class='ocrx_word' id='word_1_140' title='bbox 287 1324 505 1365; x_wconf 79' lang='lat' dir='ltr'>calcantur</span> <span class='ocrx_word' id='word_1_141' title='bbox 536 1331 604 1364; x_wconf 88' lang='lat' dir='ltr'>aut</span> <span class='ocrx_word' id='word_1_142' title='bbox 638 1323 748 1364; x_wconf 80' lang='lat' dir='ltr'>tardi</span> <span class='ocrx_word' id='word_1_143' title='bbox 780 1329 887 1364; x_wconf 85' lang='lat' dir='ltr'>sunt.</span> <span class='ocrx_word' id='word_1_144' title='bbox 948 1330 1078 1377; x_wconf 72' lang='lat' dir='ltr'>urqet.</span> <span class='ocrx_word' id='word_1_145' title='bbox 1110 1320 1398 1375; x_wconf 79' lang='lat' dir='ltr'>Persequitur.</span> 
     </span>
     <span class='ocr_line' id='line_1_17' title="bbox 294 1394 1616 1453; baseline -0.002 -14"><span class='ocrx_word' id='word_1_146' title='bbox 294 1399 359 1438; x_wconf 80' lang='lat'>30.</span> <span class='ocrx_word' id='word_1_147' title='bbox 393 1398 515 1439; x_wconf 77' lang='lat' dir='ltr'>Iratz&#39;s</span> <span class='ocrx_word' id='word_1_148' title='bbox 540 1398 742 1453; x_wconf 70' lang='lat' dir='ltr'>precibus.</span> <span class='ocrx_word' id='word_1_149' title='bbox 773 1395 1155 1450; x_wconf 86' lang='lat' dir='ltr'>Inprecationibus.</span> <span class='ocrx_word' id='word_1_150' title='bbox 1211 1395 1361 1451; x_wconf 69' lang='lat' dir='ltr'>pulses.</span> <span class='ocrx_word' id='word_1_151' title='bbox 1395 1394 1616 1450; x_wconf 82' lang='lat' dir='ltr'>Inpingas.</span> 
     </span>
     <span class='ocr_line' id='line_1_18' title="bbox 294 1467 2024 1518; baseline -0.001 -7"><span class='ocrx_word' id='word_1_152' title='bbox 294 1473 359 1512; x_wconf 81' lang='lat'>31.</span> <span class='ocrx_word' id='word_1_153' title='bbox 394 1472 458 1512; x_wconf 74' lang='lat' dir='ltr'>Ad</span> <span class='ocrx_word' id='word_1_154' title='bbox 488 1472 772 1514; x_wconf 77' lang='lat' dir='ltr'>Maecenatem.</span> <span class='ocrx_word' id='word_1_155' title='bbox 834 1468 883 1511; x_wconf 83' lang='lat' dir='ltr'>Si</span> <span class='ocrx_word' id='word_1_156' title='bbox 904 1469 1200 1510; x_wconf 81' lang='lat' dir='ltr'>Maecenatem</span> <span class='ocrx_word' id='word_1_157' title='bbox 1230 1468 1273 1508; x_wconf 91' lang='lat' dir='ltr'>in</span> <span class='ocrx_word' id='word_1_158' title='bbox 1305 1468 1447 1510; x_wconf 88' lang='lat' dir='ltr'>animo</span> <span class='ocrx_word' id='word_1_159' title='bbox 1478 1467 1650 1518; x_wconf 84' lang='lat' dir='ltr'>habeas,</span> <span class='ocrx_word' id='word_1_160' title='bbox 1683 1468 1727 1509; x_wconf 85' lang='lat' dir='ltr'>id</span> <span class='ocrx_word' id='word_1_161' title='bbox 1750 1475 1831 1510; x_wconf 85' lang='lat' dir='ltr'>est:</span> <span class='ocrx_word' id='word_1_162' title='bbox 1863 1468 2024 1511; x_wconf 87' lang='lat' dir='ltr'>habens</span> 
     </span>
     <span class='ocr_line' id='line_1_19' title="bbox 178 1541 1882 1593; baseline -0.001 -7"><span class='ocrx_word' id='word_1_163' title='bbox 178 1546 222 1586; x_wconf 90' lang='lat' dir='ltr'>in</span> <span class='ocrx_word' id='word_1_164' title='bbox 254 1545 458 1586; x_wconf 86' lang='lat' dir='ltr'>memoria</span> <span class='ocrx_word' id='word_1_165' title='bbox 491 1544 697 1585; x_wconf 84' lang='lat' dir='ltr'>beneficia</span> <span class='ocrx_word' id='word_1_166' title='bbox 727 1543 1004 1593; x_wconf 82' lang='lat' dir='ltr'>Maecenatis,</span> <span class='ocrx_word' id='word_1_167' title='bbox 1037 1542 1104 1584; x_wconf 90' lang='lat' dir='ltr'>uel</span> <span class='ocrx_word' id='word_1_168' title='bbox 1137 1542 1226 1583; x_wconf 90' lang='lat' dir='ltr'>eius</span> <span class='ocrx_word' id='word_1_169' title='bbox 1258 1557 1384 1583; x_wconf 85' lang='lat' dir='ltr'>causa</span> <span class='ocrx_word' id='word_1_170' title='bbox 1416 1541 1496 1583; x_wconf 83' lang='lat' dir='ltr'>iter</span> <span class='ocrx_word' id='word_1_171' title='bbox 1525 1541 1707 1583; x_wconf 85' lang='lat' dir='ltr'>Romam</span> <span class='ocrx_word' id='word_1_172' title='bbox 1738 1543 1882 1584; x_wconf 81' lang='lat' dir='ltr'>facias.</span> 
     </span>
     <span class='ocr_line' id='line_1_20' title="bbox 294 1616 2023 1666; baseline -0.001 -6"><span class='ocrx_word' id='word_1_173' title='bbox 294 1620 463 1661; x_wconf 75' lang='lat' dir='ltr'>memori</span> <span class='ocrx_word' id='word_1_174' title='bbox 480 1620 517 1660; x_wconf 63' lang='grc' dir='ltr'>εἰ</span> <span class='ocrx_word' id='word_1_175' title='bbox 536 1627 662 1660; x_wconf 77' lang='lat' dir='ltr'>mente</span> <span class='ocrx_word' id='word_1_176' title='bbox 684 1631 889 1659; x_wconf 78' lang='lat' dir='ltr'>recurras.</span> <span class='ocrx_word' id='word_1_177' title='bbox 950 1616 1001 1657; x_wconf 90' lang='lat' dir='ltr'>Id</span> <span class='ocrx_word' id='word_1_178' title='bbox 1024 1624 1106 1658; x_wconf 92' lang='lat' dir='ltr'>est:</span> <span class='ocrx_word' id='word_1_179' title='bbox 1141 1616 1175 1658; x_wconf 86' lang='lat' dir='ltr'>si</span> <span class='ocrx_word' id='word_1_180' title='bbox 1197 1631 1358 1658; x_wconf 89' lang='lat' dir='ltr'>memor</span> <span class='ocrx_word' id='word_1_181' title='bbox 1381 1616 1450 1666; x_wconf 88' lang='lat' dir='ltr'>sis,</span> <span class='ocrx_word' id='word_1_182' title='bbox 1483 1616 1621 1657; x_wconf 84' lang='lat' dir='ltr'>redire</span> <span class='ocrx_word' id='word_1_183' title='bbox 1644 1616 1697 1657; x_wconf 88' lang='lat' dir='ltr'>ad</span> <span class='ocrx_word' id='word_1_184' title='bbox 1718 1616 2023 1659; x_wconf 77' lang='lat' dir='ltr'>Maecenatem.</span> 
     </span>
     <span class='ocr_line' id='line_1_21' title="bbox 112 1689 2023 1747; baseline -0.001 -13"><span class='ocrx_word' id='word_1_185' title='bbox 112 1702 153 1730; x_wconf 62' lang='grc' dir='ltr'>’λυ</span> <span class='ocrx_word' id='word_1_186' title='bbox 295 1695 361 1734; x_wconf 83' lang='grc'>32.</span> <span class='ocrx_word' id='word_1_187' title='bbox 395 1694 482 1735; x_wconf 87' lang='lat' dir='ltr'>Hoc</span> <span class='ocrx_word' id='word_1_188' title='bbox 513 1694 642 1734; x_wconf 69' lang='lat' dir='ltr'>iuuat.</span> <span class='ocrx_word' id='word_1_189' title='bbox 717 1690 885 1733; x_wconf 88' lang='lat' dir='ltr'>Bonum</span> <span class='ocrx_word' id='word_1_190' title='bbox 916 1698 977 1733; x_wconf 87' lang='lat' dir='ltr'>est</span> <span class='ocrx_word' id='word_1_191' title='bbox 1009 1690 1285 1745; x_wconf 88' lang='lat' dir='ltr'>(consilium).</span> <span class='ocrx_word' id='word_1_192' title='bbox 1363 1689 1483 1731; x_wconf 87' lang='lat' dir='ltr'>Haec</span> <span class='ocrx_word' id='word_1_193' title='bbox 1514 1690 1651 1747; x_wconf 83' lang='lat' dir='ltr'>magis</span> <span class='ocrx_word' id='word_1_194' title='bbox 1682 1691 1873 1733; x_wconf 83' lang='lat' dir='ltr'>adferant.</span> <span class='ocrx_word' id='word_1_195' title='bbox 1903 1691 2023 1733; x_wconf 90' lang='lat' dir='ltr'>uolu-</span> 
     </span>
     <span class='ocr_line' id='line_1_22' title="bbox 179 1774 352 1823; baseline 0 -15"><span class='ocrx_word' id='word_1_196' title='bbox 179 1774 352 1823; x_wconf 86' lang='lat' dir='ltr'>ptatem.</span> 
     </span>
     <span class='ocr_line' id='line_1_23' title="bbox 293 1836 2023 1895; baseline -0.001 -13"><span class='ocrx_word' id='word_1_197' title='bbox 293 1842 405 1883; x_wconf 72' lang='lat' dir='ltr'>melli</span> <span class='ocrx_word' id='word_1_198' title='bbox 433 1850 501 1882; x_wconf 81' lang='lat' dir='ltr'>est.</span> <span class='ocrx_word' id='word_1_199' title='bbox 563 1839 774 1881; x_wconf 77' lang='lat' dir='ltr'>Suauitati</span> <span class='ocrx_word' id='word_1_200' title='bbox 806 1846 845 1880; x_wconf 91' lang='lat' dir='ltr'>et</span> <span class='ocrx_word' id='word_1_201' title='bbox 877 1838 1092 1880; x_wconf 85' lang='lat' dir='ltr'>dulcedini</span> <span class='ocrx_word' id='word_1_202' title='bbox 1125 1838 1171 1894; x_wconf 88' lang='lat' dir='ltr'>[i.</span> <span class='ocrx_word' id='word_1_203' title='bbox 1194 1853 1228 1879; x_wconf 89' lang='lat' dir='ltr'>e.</span> <span class='ocrx_word' id='word_1_204' title='bbox 1261 1838 1314 1878; x_wconf 81' lang='lat' dir='ltr'>ad</span> <span class='ocrx_word' id='word_1_205' title='bbox 1345 1837 1462 1894; x_wconf 89' lang='lat' dir='ltr'>mel]‚</span> <span class='ocrx_word' id='word_1_206' title='bbox 1495 1846 1539 1879; x_wconf 89' lang='lat' dir='ltr'>ut</span> <span class='ocrx_word' id='word_1_207' title='bbox 1570 1836 1641 1892; x_wconf 85' lang='lat' dir='ltr'>(C.</span> <span class='ocrx_word' id='word_1_208' title='bbox 1664 1838 1698 1887; x_wconf 90' lang='grc' dir='ltr'>Ι,</span> <span class='ocrx_word' id='word_1_209' title='bbox 1723 1839 1788 1889; x_wconf 86' lang='grc'>17,</span> <span class='ocrx_word' id='word_1_210' title='bbox 1813 1840 1906 1894; x_wconf 84' lang='lat'>14):</span> <span class='ocrx_word' id='word_1_211' title='bbox 1941 1839 2023 1895; x_wconf 70' lang='lat' dir='ltr'>[dis</span> 
     </span>
     <span class='ocr_line' id='line_1_24' title="bbox 172 1911 1946 1973; baseline -0.003 -15"><span class='ocrx_word' id='word_1_212' title='bbox 172 1918 307 1973; x_wconf 76' lang='lat' dir='ltr'>pietas</span> <span class='ocrx_word' id='word_1_213' title='bbox 338 1931 424 1956; x_wconf 82' lang='lat' dir='ltr'>mea</span> <span class='ocrx_word' id='word_1_214' title='bbox 459 1917 509 1956; x_wconf 79' lang='lat' dir='ltr'>Et</span> <span class='ocrx_word' id='word_1_215' title='bbox 540 1914 681 1971; x_wconf 69' lang='lat' dir='ltr'>Musa]</span> <span class='ocrx_word' id='word_1_216' title='bbox 717 1915 833 1956; x_wconf 75' lang='lat' dir='ltr'>cordi</span> <span class='ocrx_word' id='word_1_217' title='bbox 862 1924 926 1962; x_wconf 68' lang='lat' dir='ltr'>ess,</span> <span class='ocrx_word' id='word_1_218' title='bbox 959 1913 1039 1954; x_wconf 91' lang='grc'>1100</span> <span class='ocrx_word' id='word_1_219' title='bbox 1070 1920 1149 1953; x_wconf 88' lang='lat' dir='ltr'>est:</span> <span class='ocrx_word' id='word_1_220' title='bbox 1181 1911 1286 1952; x_wconf 88' lang='lat' dir='ltr'>mihi</span> <span class='ocrx_word' id='word_1_221' title='bbox 1317 1911 1438 1952; x_wconf 83' lang='lat' dir='ltr'>dulce</span> <span class='ocrx_word' id='word_1_222' title='bbox 1470 1919 1544 1961; x_wconf 84' lang='lat' dir='ltr'>est,</span> <span class='ocrx_word' id='word_1_223' title='bbox 1576 1927 1653 1967; x_wconf 90' lang='lat' dir='ltr'>pro</span> <span class='ocrx_word' id='word_1_224' title='bbox 1684 1912 1946 1954; x_wconf 86' lang='lat' dir='ltr'>Maecenate.</span> 
     </span>
     <span class='ocr_line' id='line_1_25' title="bbox 292 1986 2023 2042; baseline -0.001 -13"><span class='ocrx_word' id='word_1_225' title='bbox 292 1990 358 2029; x_wconf 76' lang='lat'>32.</span> <span class='ocrx_word' id='word_1_226' title='bbox 392 1990 457 2029; x_wconf 79' lang='lat'>33.</span> <span class='ocrx_word' id='word_1_227' title='bbox 491 1996 533 2030; x_wconf 74' lang='lat' dir='ltr'>at</span> <span class='ocrx_word' id='word_1_228' title='bbox 569 1989 690 2029; x_wconf 63' lang='lat' dir='ltr'>simul</span> <span class='ocrx_word' id='word_1_229' title='bbox 732 1997 846 2029; x_wconf 79' lang='lat' dir='ltr'>acras</span> <span class='ocrx_word' id='word_1_230' title='bbox 892 1989 1055 2029; x_wconf 58' lang='lat' dir='ltr'>Ventum</span> <span class='ocrx_word' id='word_1_231' title='bbox 1096 1996 1149 2027; x_wconf 74' lang='lat' dir='ltr'>est</span> <span class='ocrx_word' id='word_1_232' title='bbox 1191 1987 1406 2041; x_wconf 69' lang='lat' dir='ltr'>Esquilias.</span> <span class='ocrx_word' id='word_1_233' title='bbox 1466 1986 1606 2028; x_wconf 80' lang='lat' dir='ltr'>Atras.</span> <span class='ocrx_word' id='word_1_234' title='bbox 1664 1986 1847 2042; x_wconf 87' lang='lat' dir='ltr'>Propter</span> <span class='ocrx_word' id='word_1_235' title='bbox 1875 1987 2023 2028; x_wconf 87' lang='lat' dir='ltr'>funera</span> 
     </span>
     <span class='ocr_line' id='line_1_26' title="bbox 112 2059 2022 2118; baseline -0.001 -15"><span class='ocrx_word' id='word_1_236' title='bbox 112 2069 153 2099; x_wconf 79' lang='grc'>25</span> <span class='ocrx_word' id='word_1_237' title='bbox 179 2070 450 2104; x_wconf 83' lang='lat' dir='ltr'>mortuorum.</span> <span class='ocrx_word' id='word_1_238' title='bbox 513 2062 726 2118; x_wconf 67' lang='lat' dir='ltr'>Esquiliae,</span> <span class='ocrx_word' id='word_1_239' title='bbox 758 2061 802 2101; x_wconf 91' lang='grc'>111</span> <span class='ocrx_word' id='word_1_240' title='bbox 833 2060 988 2115; x_wconf 84' lang='lat' dir='ltr'>quibus</span> <span class='ocrx_word' id='word_1_241' title='bbox 1010 2060 1158 2101; x_wconf 85' lang='lat' dir='ltr'>domus</span> <span class='ocrx_word' id='word_1_242' title='bbox 1179 2060 1316 2101; x_wconf 80' lang='lat' dir='ltr'>fuerat</span> <span class='ocrx_word' id='word_1_243' title='bbox 1335 2059 1612 2103; x_wconf 85' lang='lat' dir='ltr'>Maecenatis.</span> <span class='ocrx_word' id='word_1_244' title='bbox 1672 2060 1722 2102; x_wconf 90' lang='lat' dir='ltr'>In</span> <span class='ocrx_word' id='word_1_245' title='bbox 1745 2061 1898 2115; x_wconf 91' lang='lat' dir='ltr'>quibus</span> <span class='ocrx_word' id='word_1_246' title='bbox 1919 2061 2022 2102; x_wconf 88' lang='lat' dir='ltr'>locis</span> 
     </span>
     <span class='ocr_line' id='line_1_27' title="bbox 180 2132 1498 2191; baseline -0.002 -14"><span class='ocrx_word' id='word_1_247' title='bbox 180 2137 335 2179; x_wconf 89' lang='lat' dir='ltr'>mortui</span> <span class='ocrx_word' id='word_1_248' title='bbox 366 2144 462 2177; x_wconf 90' lang='lat' dir='ltr'>ante</span> <span class='ocrx_word' id='word_1_249' title='bbox 493 2135 772 2191; x_wconf 81' lang='lat' dir='ltr'>ponebantur,</span> <span class='ocrx_word' id='word_1_250' title='bbox 804 2142 898 2191; x_wconf 87' lang='lat' dir='ltr'>post</span> <span class='ocrx_word' id='word_1_251' title='bbox 930 2141 1049 2175; x_wconf 86' lang='lat' dir='ltr'>erant</span> <span class='ocrx_word' id='word_1_252' title='bbox 1079 2134 1190 2176; x_wconf 87' lang='lat' dir='ltr'>horti</span> <span class='ocrx_word' id='word_1_253' title='bbox 1220 2132 1498 2175; x_wconf 82' lang='lat' dir='ltr'>Maecenatis.</span> 
     </span>
    </p>
   </div>
   <div class='ocr_carea' id='block_1_3' title="bbox 179 2273 2022 3220">
    <p class='ocr_par' dir='ltr' id='par_1_3' title="bbox 179 2273 2022 3220">
     <span class='ocr_line' id='line_1_28' title="bbox 295 2273 2021 2315; baseline -0.001 -11"><span class='ocrx_word' id='word_1_254' title='bbox 295 2276 331 2314; x_wconf 82' lang='lat'>4)</span> <span class='ocrx_word' id='word_1_255' title='bbox 359 2275 489 2305; x_wconf 87' lang='lat' dir='ltr'>Circulo</span> <span class='ocrx_word' id='word_1_256' title='bbox 511 2292 550 2294; x_wconf 40' lang='grc' dir='ltr'><em>Ἀ</em></span> <span class='ocrx_word' id='word_1_257' title='bbox 567 2275 782 2313; x_wconf 76' lang='lat' dir='ltr'>intelligimus</span> <span class='ocrx_word' id='word_1_258' title='bbox 808 2284 833 2315; x_wconf 74' lang='grc' dir='ltr'>γ.</span> <span class='ocrx_word' id='word_1_259' title='bbox 855 2274 923 2303; x_wconf 84' lang='lat' dir='ltr'>rell.</span> <span class='ocrx_word' id='word_1_260' title='bbox 951 2284 1014 2305; x_wconf 85' lang='lat' dir='ltr'>om.</span> <span class='ocrx_word' id='word_1_261' title='bbox 1067 2274 1101 2312; x_wconf 78' lang='lat'>7)</span> <span class='ocrx_word' id='word_1_262' title='bbox 1130 2275 1163 2303; x_wconf 89' lang='lat' dir='ltr'>in</span> <span class='ocrx_word' id='word_1_263' title='bbox 1188 2274 1378 2312; x_wconf 80' lang='lat' dir='ltr'>uertiginem</span> <span class='ocrx_word' id='word_1_264' title='bbox 1403 2274 1505 2304; x_wconf 78' lang='lat' dir='ltr'>euntis</span> <span class='ocrx_word' id='word_1_265' title='bbox 1530 2283 1556 2315; x_wconf 82' lang='grc' dir='ltr'>γ.</span> <span class='ocrx_word' id='word_1_266' title='bbox 1584 2274 1615 2303; x_wconf 90' lang='grc'>111</span> <span class='ocrx_word' id='word_1_267' title='bbox 1641 2274 1799 2313; x_wconf 77' lang='lat' dir='ltr'>uertigine</span> <span class='ocrx_word' id='word_1_268' title='bbox 1824 2274 1960 2304; x_wconf 74' lang='lat' dir='ltr'>cadentis</span> <span class='ocrx_word' id='word_1_269' title='bbox 1985 2273 2021 2303; x_wconf 88' lang='lat' dir='ltr'>C.</span> 
     </span>
     <span class='ocr_line' id='line_1_29' title="bbox 180 2330 2021 2373; baseline -0.002 -11"><span class='ocrx_word' id='word_1_270' title='bbox 180 2334 355 2363; x_wconf 85' lang='lat' dir='ltr'>Hermann.</span> <span class='ocrx_word' id='word_1_271' title='bbox 383 2333 475 2370; x_wconf 82' lang='lat' dir='ltr'>posui</span> <span class='ocrx_word' id='word_1_272' title='bbox 494 2331 626 2360; x_wconf 70' lang='lat' dir='ltr'>meantis.</span> <span class='ocrx_word' id='word_1_273' title='bbox 653 2331 746 2360; x_wconf 82' lang='lat' dir='ltr'>Lucr.</span> <span class='ocrx_word' id='word_1_274' title='bbox 767 2331 806 2367; x_wconf 71' lang='lat' dir='ltr'>II⁷</span> <span class='ocrx_word' id='word_1_275' title='bbox 826 2331 898 2360; x_wconf 81' lang='lat'>150.</span> <span class='ocrx_word' id='word_1_276' title='bbox 927 2330 1017 2360; x_wconf 85' lang='lat' dir='ltr'>Curt.</span> <span class='ocrx_word' id='word_1_277' title='bbox 1043 2330 1146 2367; x_wconf 87' lang='lat'>111‚5.</span> <span class='ocrx_word' id='word_1_278' title='bbox 1174 2331 1269 2360; x_wconf 87' lang='lat' dir='ltr'>Diem</span> <span class='ocrx_word' id='word_1_279' title='bbox 1288 2335 1394 2360; x_wconf 87' lang='lat' dir='ltr'>autem</span> <span class='ocrx_word' id='word_1_280' title='bbox 1411 2349 1450 2351; x_wconf 62' lang='lat'>—</span> <span class='ocrx_word' id='word_1_281' title='bbox 1466 2331 1632 2361; x_wconf 83' lang='lat' dir='ltr'>breuiores</span> <span class='ocrx_word' id='word_1_282' title='bbox 1659 2340 1719 2360; x_wconf 89' lang='lat' dir='ltr'>om.</span> <span class='ocrx_word' id='word_1_283' title='bbox 1746 2332 1777 2363; x_wconf 82' lang='lat' dir='ltr'>h.</span> <span class='ocrx_word' id='word_1_284' title='bbox 1796 2331 1816 2360; x_wconf 86' lang='lat'>1.</span> <span class='ocrx_word' id='word_1_285' title='bbox 1833 2340 1861 2373; x_wconf 77' lang='grc' dir='ltr'>γ.</span> <span class='ocrx_word' id='word_1_286' title='bbox 1910 2332 1945 2368; x_wconf 84' lang='grc'>9)</span> <span class='ocrx_word' id='word_1_287' title='bbox 1971 2331 2021 2360; x_wconf 87' lang='lat' dir='ltr'>Ad</span> 
     </span>
     <span class='ocr_line' id='line_1_30' title="bbox 183 2381 2022 2430; baseline -0.002 -11"><span class='ocrx_word' id='word_1_288' title='bbox 183 2390 408 2428; x_wconf 80' lang='lat' dir='ltr'>spondendum</span> <span class='ocrx_word' id='word_1_289' title='bbox 434 2399 450 2430; x_wconf 76' lang='grc' dir='ltr'>γ</span> <span class='ocrx_word' id='word_1_290' title='bbox 475 2392 507 2418; x_wconf 87' lang='grc'>01</span> <span class='ocrx_word' id='word_1_291' title='bbox 533 2387 569 2425; x_wconf 91' lang='lat' dir='ltr'>C,</span> <span class='ocrx_word' id='word_1_292' title='bbox 597 2381 650 2426; x_wconf 89' lang='lat' dir='ltr'>qui</span> <span class='ocrx_word' id='word_1_293' title='bbox 677 2388 786 2417; x_wconf 79' lang='lat' dir='ltr'>addit:</span> <span class='ocrx_word' id='word_1_294' title='bbox 816 2391 847 2417; x_wconf 88' lang='lat' dir='ltr'>et</span> <span class='ocrx_word' id='word_1_295' title='bbox 875 2392 924 2417; x_wconf 79' lang='lat' dir='ltr'>est</span> <span class='ocrx_word' id='word_1_296' title='bbox 951 2387 1078 2427; x_wconf 71' lang='lat' dir='ltr'>ellipsis</span> <span class='ocrx_word' id='word_1_297' title='bbox 1102 2387 1340 2416; x_wconf 80' lang='lat' dir='ltr'>coniunctionis</span> <span class='ocrx_word' id='word_1_298' title='bbox 1371 2392 1488 2416; x_wconf 83' lang='lat' dir='ltr'>tamen.</span> <span class='ocrx_word' id='word_1_299' title='bbox 1515 2387 1584 2416; x_wconf 87' lang='lat' dir='ltr'>rell.</span> <span class='ocrx_word' id='word_1_300' title='bbox 1612 2396 1671 2416; x_wconf 91' lang='lat' dir='ltr'>om.</span> <span class='ocrx_word' id='word_1_301' title='bbox 1692 2405 1725 2407; x_wconf 81' lang='lat'>—-</span> <span class='ocrx_word' id='word_1_302' title='bbox 1743 2386 1867 2425; x_wconf 81' lang='lat' dir='ltr'>Quippe</span> <span class='ocrx_word' id='word_1_303' title='bbox 1884 2405 1925 2408; x_wconf 42' lang='lat' dir='ltr'><em>m</em></span> <span class='ocrx_word' id='word_1_304' title='bbox 1941 2388 2022 2417; x_wconf 86' lang='lat' dir='ltr'>obli-</span> 
     </span>
     <span class='ocr_line' id='line_1_31' title="bbox 184 2442 2021 2488; baseline -0.001 -13"><span class='ocrx_word' id='word_1_305' title='bbox 184 2447 286 2483; x_wconf 82' lang='lat' dir='ltr'>garim</span> <span class='ocrx_word' id='word_1_306' title='bbox 311 2455 336 2488; x_wconf 72' lang='grc' dir='ltr'>γ.</span> <span class='ocrx_word' id='word_1_307' title='bbox 363 2445 490 2483; x_wconf 85' lang='lat' dir='ltr'>Quippe</span> <span class='ocrx_word' id='word_1_308' title='bbox 509 2449 667 2484; x_wconf 76' lang='lat' dir='ltr'>postquam</span> <span class='ocrx_word' id='word_1_309' title='bbox 693 2455 747 2483; x_wconf 90' lang='lat' dir='ltr'>pro</span> <span class='ocrx_word' id='word_1_310' title='bbox 773 2445 882 2483; x_wconf 81' lang='lat' dir='ltr'>aliquo</span> <span class='ocrx_word' id='word_1_311' title='bbox 907 2443 1078 2482; x_wconf 76' lang='lat' dir='ltr'>spondendo</span> <span class='ocrx_word' id='word_1_312' title='bbox 1102 2452 1151 2473; x_wconf 83' lang='lat' dir='ltr'>me</span> <span class='ocrx_word' id='word_1_313' title='bbox 1176 2444 1348 2482; x_wconf 83' lang='lat' dir='ltr'>obligarim</span> <span class='ocrx_word' id='word_1_314' title='bbox 1375 2442 1411 2473; x_wconf 90' lang='lat' dir='ltr'>C.</span> <span class='ocrx_word' id='word_1_315' title='bbox 1437 2444 1512 2474; x_wconf 87' lang='lat' dir='ltr'>rell.</span> <span class='ocrx_word' id='word_1_316' title='bbox 1538 2454 1599 2473; x_wconf 87' lang='grc'>0111.</span> <span class='ocrx_word' id='word_1_317' title='bbox 1653 2444 1707 2482; x_wconf 93' lang='grc'>11)</span> <span class='ocrx_word' id='word_1_318' title='bbox 1734 2444 1823 2482; x_wconf 85' lang='lat' dir='ltr'>vulg.</span> <span class='ocrx_word' id='word_1_319' title='bbox 1850 2444 1946 2476; x_wconf 82' lang='lat' dir='ltr'>lectio</span> <span class='ocrx_word' id='word_1_320' title='bbox 1973 2443 2021 2473; x_wconf 74' lang='grc' dir='ltr'>εἰὶ-</span> 
     </span>
     <span class='ocr_line' id='line_1_32' title="bbox 180 2499 2018 2543; baseline -0.002 -11"><span class='ocrx_word' id='word_1_321' title='bbox 180 2512 247 2532; x_wconf 82' lang='lat' dir='ltr'>cam</span> <span class='ocrx_word' id='word_1_322' title='bbox 272 2512 332 2531; x_wconf 88' lang='lat' dir='ltr'>om.</span> <span class='ocrx_word' id='word_1_323' title='bbox 358 2512 385 2543; x_wconf 64' lang='grc' dir='ltr'>γ.</span> <span class='ocrx_word' id='word_1_324' title='bbox 410 2511 502 2539; x_wconf 80' lang='lat' dir='ltr'>posui</span> <span class='ocrx_word' id='word_1_325' title='bbox 528 2501 656 2530; x_wconf 61' lang='lat' dir='ltr'>dixerim</span> <span class='ocrx_word' id='word_1_326' title='bbox 681 2500 791 2538; x_wconf 79' lang='lat' dir='ltr'>(locuto</span> <span class='ocrx_word' id='word_1_327' title='bbox 815 2500 922 2538; x_wconf 70' lang='lat' dir='ltr'>Hor)</span> <span class='ocrx_word' id='word_1_328' title='bbox 990 2500 1045 2538; x_wconf 80' lang='lat'>13)</span> <span class='ocrx_word' id='word_1_329' title='bbox 1074 2499 1170 2529; x_wconf 72' lang='lat' dir='ltr'>tardis</span> <span class='ocrx_word' id='word_1_330' title='bbox 1198 2518 1235 2520; x_wconf 62' lang='lat'>›—</span> <span class='ocrx_word' id='word_1_331' title='bbox 1265 2501 1384 2530; x_wconf 82' lang='lat' dir='ltr'>iussum</span> <span class='ocrx_word' id='word_1_332' title='bbox 1412 2510 1472 2530; x_wconf 89' lang='lat' dir='ltr'>om.</span> <span class='ocrx_word' id='word_1_333' title='bbox 1498 2510 1524 2542; x_wconf 72' lang='grc' dir='ltr'>γ.</span> <span class='ocrx_word' id='word_1_334' title='bbox 1552 2510 1630 2539; x_wconf 88' lang='lat' dir='ltr'>quos</span> <span class='ocrx_word' id='word_1_335' title='bbox 1663 2501 1753 2538; x_wconf 87' lang='lat' dir='ltr'>pulso</span> <span class='ocrx_word' id='word_1_336' title='bbox 1786 2504 1817 2530; x_wconf 78' lang='lat' dir='ltr'>et</span> <span class='ocrx_word' id='word_1_337' title='bbox 1850 2510 1946 2538; x_wconf 84' lang='lat' dir='ltr'>urgeo</span> <span class='ocrx_word' id='word_1_338' title='bbox 1982 2500 2018 2530; x_wconf 85' lang='lat' dir='ltr'>C.</span> 
     </span>
     <span class='ocr_line' id='line_1_33' title="bbox 184 2553 2019 2599; baseline -0.001 -12"><span class='ocrx_word' id='word_1_339' title='bbox 184 2559 239 2597; x_wconf 71' lang='lat'>14)</span> <span class='ocrx_word' id='word_1_340' title='bbox 267 2558 351 2594; x_wconf 83' lang='lat' dir='ltr'>Quid</span> <span class='ocrx_word' id='word_1_341' title='bbox 376 2558 429 2587; x_wconf 57' lang='lat' dir='ltr'>aba·</span> <span class='ocrx_word' id='word_1_342' title='bbox 452 2559 502 2587; x_wconf 89' lang='lat' dir='ltr'>uis</span> <span class='ocrx_word' id='word_1_343' title='bbox 527 2557 584 2599; x_wconf 53' lang='grc' dir='ltr'>«μθ</span> <span class='ocrx_word' id='word_1_344' title='bbox 610 2562 646 2587; x_wconf 90' lang='lat' dir='ltr'>ut</span> <span class='ocrx_word' id='word_1_345' title='bbox 671 2557 782 2587; x_wconf 86' lang='lat' dir='ltr'>Ambr.</span> <span class='ocrx_word' id='word_1_346' title='bbox 810 2557 924 2586; x_wconf 83' lang='lat' dir='ltr'>Bernn.</span> <span class='ocrx_word' id='word_1_347' title='bbox 952 2557 1008 2586; x_wconf 85' lang='lat' dir='ltr'>DF</span> <span class='ocrx_word' id='word_1_348' title='bbox 1035 2561 1067 2586; x_wconf 85' lang='grc'>01</span> <span class='ocrx_word' id='word_1_349' title='bbox 1092 2557 1182 2586; x_wconf 81' lang='lat' dir='ltr'>Parr.</span> <span class='ocrx_word' id='word_1_350' title='bbox 1210 2556 1316 2599; x_wconf 61' lang='lat' dir='ltr'>BthP</span> <span class='ocrx_word' id='word_1_351' title='bbox 1343 2557 1391 2595; x_wconf 91' lang='lat' dir='ltr'>(in</span> <span class='ocrx_word' id='word_1_352' title='bbox 1419 2557 1445 2585; x_wconf 91' lang='lat' dir='ltr'>E</span> <span class='ocrx_word' id='word_1_353' title='bbox 1472 2553 1637 2597; x_wconf 72' lang='lat' dir='ltr'>t⁵e1·asum)</span> <span class='ocrx_word' id='word_1_354' title='bbox 1678 2557 1870 2594; x_wconf 75' lang='lat' dir='ltr'>impellimur</span> <span class='ocrx_word' id='word_1_355' title='bbox 1892 2567 1919 2599; x_wconf 82' lang='grc' dir='ltr'>γ.</span> <span class='ocrx_word' id='word_1_356' title='bbox 1950 2557 2019 2586; x_wconf 89' lang='lat' dir='ltr'>rell.</span> 
     </span>
     <span class='ocr_line' id='line_1_34' title="bbox 181 2612 2020 2655; baseline -0.001 -12"><span class='ocrx_word' id='word_1_357' title='bbox 181 2615 380 2653; x_wconf 78' lang='lat' dir='ltr'>impellimus.</span> <span class='ocrx_word' id='word_1_358' title='bbox 408 2615 488 2643; x_wconf 84' lang='lat' dir='ltr'>dicit</span> <span class='ocrx_word' id='word_1_359' title='bbox 514 2615 542 2643; x_wconf 89' lang='lat' dir='ltr'>is</span> <span class='ocrx_word' id='word_1_360' title='bbox 567 2623 660 2652; x_wconf 84' lang='lat' dir='ltr'>quem</span> <span class='ocrx_word' id='word_1_361' title='bbox 686 2614 814 2651; x_wconf 83' lang='lat' dir='ltr'>impello</span> <span class='ocrx_word' id='word_1_362' title='bbox 840 2612 873 2643; x_wconf 80' lang='lat' dir='ltr'>O.</span> <span class='ocrx_word' id='word_1_363' title='bbox 922 2613 1029 2643; x_wconf 84' lang='lat' dir='ltr'>Verba</span> <span class='ocrx_word' id='word_1_364' title='bbox 1055 2631 1096 2634; x_wconf 64' lang='grc'>»-</span> <span class='ocrx_word' id='word_1_365' title='bbox 1123 2618 1199 2643; x_wconf 86' lang='lat' dir='ltr'>sunt</span> <span class='ocrx_word' id='word_1_366' title='bbox 1223 2623 1249 2655; x_wconf 79' lang='grc' dir='ltr'>γ.</span> <span class='ocrx_word' id='word_1_367' title='bbox 1276 2614 1345 2642; x_wconf 87' lang='lat' dir='ltr'>rell.</span> <span class='ocrx_word' id='word_1_368' title='bbox 1372 2623 1433 2643; x_wconf 88' lang='lat' dir='ltr'>om.</span> <span class='ocrx_word' id='word_1_369' title='bbox 1467 2613 1546 2647; x_wconf 77' lang='lat' dir='ltr'>Quid</span> <span class='ocrx_word' id='word_1_370' title='bbox 1569 2613 1622 2642; x_wconf 76' lang='lat' dir='ltr'>tibi</span> <span class='ocrx_word' id='word_1_371' title='bbox 1644 2613 1699 2650; x_wconf 72' lang='lat' dir='ltr'>ais,</span> <span class='ocrx_word' id='word_1_372' title='bbox 1740 2613 1854 2646; x_wconf 72' lang='lat' dir='ltr'>insane.</span> <span class='ocrx_word' id='word_1_373' title='bbox 1887 2614 1967 2642; x_wconf 88' lang='lat' dir='ltr'>dicit</span> <span class='ocrx_word' id='word_1_374' title='bbox 1994 2614 2020 2642; x_wconf 78' lang='lat' dir='ltr'>is</span> 
     </span>
     <span class='ocr_line' id='line_1_35' title="bbox 181 2670 2019 2712; baseline -0.001 -13"><span class='ocrx_word' id='word_1_375' title='bbox 181 2681 271 2709; x_wconf 87' lang='lat' dir='ltr'>quem</span> <span class='ocrx_word' id='word_1_376' title='bbox 300 2672 430 2709; x_wconf 86' lang='lat' dir='ltr'>impello</span> <span class='ocrx_word' id='word_1_377' title='bbox 457 2670 492 2700; x_wconf 90' lang='lat' dir='ltr'>C.</span> <span class='ocrx_word' id='word_1_378' title='bbox 546 2671 601 2709; x_wconf 82' lang='lat'>15)</span> <span class='ocrx_word' id='word_1_379' title='bbox 627 2674 721 2709; x_wconf 69' lang='lat' dir='ltr'>zcryet.</span> <span class='ocrx_word' id='word_1_380' title='bbox 747 2670 956 2708; x_wconf 85' lang='lat' dir='ltr'>Persequitur</span> <span class='ocrx_word' id='word_1_381' title='bbox 972 2680 999 2712; x_wconf 55' lang='grc' dir='ltr'>γ,</span> <span class='ocrx_word' id='word_1_382' title='bbox 1019 2671 1087 2699; x_wconf 87' lang='lat' dir='ltr'>rell.</span> <span class='ocrx_word' id='word_1_383' title='bbox 1106 2680 1167 2700; x_wconf 87' lang='lat' dir='ltr'>om.</span> <span class='ocrx_word' id='word_1_384' title='bbox 1200 2670 1329 2709; x_wconf 71' lang='lat' dir='ltr'>(urguet</span> <span class='ocrx_word' id='word_1_385' title='bbox 1349 2670 1488 2709; x_wconf 56' lang='lat' dir='ltr'>Amba).</span> <span class='ocrx_word' id='word_1_386' title='bbox 1540 2671 1596 2709; x_wconf 83' lang='lat'>16)</span> <span class='ocrx_word' id='word_1_387' title='bbox 1622 2671 1784 2708; x_wconf 83' lang='lat' dir='ltr'>impingas</span> <span class='ocrx_word' id='word_1_388' title='bbox 1809 2679 1835 2712; x_wconf 79' lang='grc' dir='ltr'>γ.</span> <span class='ocrx_word' id='word_1_389' title='bbox 1862 2670 1931 2700; x_wconf 86' lang='lat' dir='ltr'>rell.</span> <span class='ocrx_word' id='word_1_390' title='bbox 1959 2679 2019 2699; x_wconf 88' lang='lat' dir='ltr'>om.</span> 
     </span>
     <span class='ocr_line' id='line_1_36' title="bbox 183 2726 2020 2766; baseline -0.001 -10"><span class='ocrx_word' id='word_1_391' title='bbox 183 2728 239 2766; x_wconf 81' lang='grc'>17)</span> <span class='ocrx_word' id='word_1_392' title='bbox 266 2729 325 2757; x_wconf 85' lang='lat' dir='ltr'>hoc</span> <span class='ocrx_word' id='word_1_393' title='bbox 353 2732 383 2757; x_wconf 88' lang='grc'>01</span> <span class='ocrx_word' id='word_1_394' title='bbox 410 2737 548 2765; x_wconf 83' lang='lat' dir='ltr'>sequens</span> <span class='ocrx_word' id='word_1_395' title='bbox 575 2728 691 2756; x_wconf 75' lang='lat' dir='ltr'>lemma</span> <span class='ocrx_word' id='word_1_396' title='bbox 716 2728 905 2765; x_wconf 84' lang='lat' dir='ltr'>interposui.</span> <span class='ocrx_word' id='word_1_397' title='bbox 932 2728 1047 2765; x_wconf 78' lang='lat' dir='ltr'>vulgo:</span> <span class='ocrx_word' id='word_1_398' title='bbox 1069 2746 1108 2748; x_wconf 73' lang='lat'>-—</span> <span class='ocrx_word' id='word_1_399' title='bbox 1128 2727 1246 2763; x_wconf 72' lang='lat' dir='ltr'>facias3</span> <span class='ocrx_word' id='word_1_400' title='bbox 1281 2728 1358 2756; x_wconf 82' lang='lat' dir='ltr'>haec</span> <span class='ocrx_word' id='word_1_401' title='bbox 1384 2727 1460 2757; x_wconf 74' lang='lat' dir='ltr'>enim</span> <span class='ocrx_word' id='word_1_402' title='bbox 1485 2727 1618 2757; x_wconf 72' lang='lat' dir='ltr'>afferunt</span> <span class='ocrx_word' id='word_1_403' title='bbox 1640 2727 1703 2757; x_wconf 90' lang='lat' dir='ltr'>uol.</span> <span class='ocrx_word' id='word_1_404' title='bbox 1731 2728 1751 2756; x_wconf 90' lang='lat' dir='ltr'>i.</span> <span class='ocrx_word' id='word_1_405' title='bbox 1779 2737 1806 2756; x_wconf 90' lang='lat' dir='ltr'>e.</span> <span class='ocrx_word' id='word_1_406' title='bbox 1833 2726 1962 2756; x_wconf 75' lang='lat' dir='ltr'>habebis</span> <span class='ocrx_word' id='word_1_407' title='bbox 1986 2727 2020 2755; x_wconf 89' lang='lat' dir='ltr'>in</span> 
     </span>
     <span class='ocr_line' id='line_1_37' title="bbox 179 2782 2020 2825; baseline -0.001 -12"><span class='ocrx_word' id='word_1_408' title='bbox 179 2794 276 2814; x_wconf 88' lang='lat' dir='ltr'>mem.</span> <span class='ocrx_word' id='word_1_409' title='bbox 303 2786 373 2814; x_wconf 86' lang='lat' dir='ltr'>ben.</span> <span class='ocrx_word' id='word_1_410' title='bbox 400 2784 609 2814; x_wconf 82' lang='lat' dir='ltr'>Maecenatis.</span> <span class='ocrx_word' id='word_1_411' title='bbox 659 2783 716 2822; x_wconf 84' lang='grc'>20)</span> <span class='ocrx_word' id='word_1_412' title='bbox 744 2783 864 2813; x_wconf 87' lang='lat' dir='ltr'>Bonum</span> <span class='ocrx_word' id='word_1_413' title='bbox 892 2788 940 2813; x_wconf 84' lang='lat' dir='ltr'>est</span> <span class='ocrx_word' id='word_1_414' title='bbox 964 2793 990 2825; x_wconf 81' lang='grc' dir='ltr'>γ.</span> <span class='ocrx_word' id='word_1_415' title='bbox 1016 2784 1085 2814; x_wconf 88' lang='grc' dir='ltr'>Ηο0</span> <span class='ocrx_word' id='word_1_416' title='bbox 1110 2785 1161 2813; x_wconf 91' lang='lat' dir='ltr'>bo.</span> <span class='ocrx_word' id='word_1_417' title='bbox 1189 2787 1237 2813; x_wconf 58' lang='lat' dir='ltr'>est.</span> <span class='ocrx_word' id='word_1_418' title='bbox 1263 2785 1436 2814; x_wconf 84' lang='lat' dir='ltr'>consilium</span> <span class='ocrx_word' id='word_1_419' title='bbox 1462 2783 1498 2814; x_wconf 84' lang='lat' dir='ltr'>C.</span> <span class='ocrx_word' id='word_1_420' title='bbox 1526 2785 1595 2813; x_wconf 89' lang='lat' dir='ltr'>rell.</span> <span class='ocrx_word' id='word_1_421' title='bbox 1623 2794 1684 2814; x_wconf 89' lang='lat' dir='ltr'>om.</span> <span class='ocrx_word' id='word_1_422' title='bbox 1711 2783 1799 2813; x_wconf 85' lang='lat' dir='ltr'>Haec</span> <span class='ocrx_word' id='word_1_423' title='bbox 1823 2782 1918 2823; x_wconf 71' lang='lat' dir='ltr'>mayz&#39;s</span> <span class='ocrx_word' id='word_1_424' title='bbox 1943 2783 2020 2812; x_wconf 85' lang='lat' dir='ltr'>affe-</span> 
     </span>
     <span class='ocr_line' id='line_1_38' title="bbox 179 2839 2020 2882; baseline -0.002 -12"><span class='ocrx_word' id='word_1_425' title='bbox 179 2847 250 2870; x_wconf 84' lang='lat' dir='ltr'>rant</span> <span class='ocrx_word' id='word_1_426' title='bbox 277 2851 302 2882; x_wconf 69' lang='grc' dir='ltr'>γ.</span> <span class='ocrx_word' id='word_1_427' title='bbox 330 2842 399 2871; x_wconf 82' lang='lat' dir='ltr'>rell.</span> <span class='ocrx_word' id='word_1_428' title='bbox 435 2842 523 2870; x_wconf 77' lang='lat' dir='ltr'>Haec</span> <span class='ocrx_word' id='word_1_429' title='bbox 548 2840 625 2870; x_wconf 76' lang='lat' dir='ltr'>enim</span> <span class='ocrx_word' id='word_1_430' title='bbox 650 2839 790 2869; x_wconf 77' lang='lat' dir='ltr'>afferant.</span> <span class='ocrx_word' id='word_1_431' title='bbox 856 2841 914 2879; x_wconf 84' lang='lat'>22)</span> <span class='ocrx_word' id='word_1_432' title='bbox 941 2840 1107 2871; x_wconf 78' lang='lat' dir='ltr'>suauitatis</span> <span class='ocrx_word' id='word_1_433' title='bbox 1134 2845 1165 2871; x_wconf 83' lang='lat' dir='ltr'>et</span> <span class='ocrx_word' id='word_1_434' title='bbox 1192 2840 1369 2870; x_wconf 70' lang='lat' dir='ltr'>dulcedinis</span> <span class='ocrx_word' id='word_1_435' title='bbox 1393 2845 1431 2870; x_wconf 85' lang='grc'>111</span> <span class='ocrx_word' id='word_1_436' title='bbox 1457 2841 1544 2870; x_wconf 81' lang='lat' dir='ltr'>cordi</span> <span class='ocrx_word' id='word_1_437' title='bbox 1572 2845 1620 2870; x_wconf 83' lang='lat' dir='ltr'>est</span> <span class='ocrx_word' id='word_1_438' title='bbox 1644 2841 1703 2870; x_wconf 89' lang='lat' dir='ltr'>hoc</span> <span class='ocrx_word' id='word_1_439' title='bbox 1729 2840 1809 2869; x_wconf 86' lang='lat' dir='ltr'>mihi</span> <span class='ocrx_word' id='word_1_440' title='bbox 1834 2840 1925 2868; x_wconf 86' lang='lat' dir='ltr'>dulce</span> <span class='ocrx_word' id='word_1_441' title='bbox 1953 2848 2020 2868; x_wconf 79' lang='grc'>0550</span> 
     </span>
     <span class='ocr_line' id='line_1_39' title="bbox 180 2896 2019 2938; baseline -0.001 -13"><span class='ocrx_word' id='word_1_442' title='bbox 180 2907 235 2934; x_wconf 85' lang='lat' dir='ltr'>pro</span> <span class='ocrx_word' id='word_1_443' title='bbox 261 2902 427 2927; x_wconf 76' lang='lat' dir='ltr'>mecenute</span> <span class='ocrx_word' id='word_1_444' title='bbox 453 2903 584 2935; x_wconf 84' lang='lat' dir='ltr'>propter</span> <span class='ocrx_word' id='word_1_445' title='bbox 610 2897 723 2926; x_wconf 81' lang='lat' dir='ltr'>funera</span> <span class='ocrx_word' id='word_1_446' title='bbox 749 2902 946 2927; x_wconf 86' lang='lat' dir='ltr'>mortuorum</span> <span class='ocrx_word' id='word_1_447' title='bbox 973 2906 998 2938; x_wconf 71' lang='grc' dir='ltr'>γ,</span> <span class='ocrx_word' id='word_1_448' title='bbox 1027 2916 1066 2918; x_wconf 25' lang='lat' dir='ltr'>ff</span> <span class='ocrx_word' id='word_1_449' title='bbox 1095 2898 1115 2927; x_wconf 90' lang='lat' dir='ltr'>i.</span> <span class='ocrx_word' id='word_1_450' title='bbox 1144 2908 1168 2927; x_wconf 92' lang='lat' dir='ltr'>e.</span> <span class='ocrx_word' id='word_1_451' title='bbox 1196 2899 1235 2927; x_wconf 80' lang='lat' dir='ltr'>ad</span> <span class='ocrx_word' id='word_1_452' title='bbox 1262 2898 1322 2927; x_wconf 85' lang='lat' dir='ltr'>niel</span> <span class='ocrx_word' id='word_1_453' title='bbox 1349 2908 1408 2927; x_wconf 87' lang='grc'>0111.</span> <span class='ocrx_word' id='word_1_454' title='bbox 1434 2907 1460 2938; x_wconf 78' lang='grc' dir='ltr'>γ.</span> <span class='ocrx_word' id='word_1_455' title='bbox 1510 2898 1567 2936; x_wconf 85' lang='grc'>23)</span> <span class='ocrx_word' id='word_1_456' title='bbox 1595 2898 1701 2935; x_wconf 79' lang='lat' dir='ltr'>posui:</span> <span class='ocrx_word' id='word_1_457' title='bbox 1729 2898 1787 2926; x_wconf 87' lang='lat' dir='ltr'>hoc</span> <span class='ocrx_word' id='word_1_458' title='bbox 1813 2900 1860 2925; x_wconf 81' lang='lat' dir='ltr'>est</span> <span class='ocrx_word' id='word_1_459' title='bbox 1876 2914 1913 2916; x_wconf 92' lang='lat'>—</span> <span class='ocrx_word' id='word_1_460' title='bbox 1931 2896 2019 2925; x_wconf 84' lang='lat' dir='ltr'>Mae-</span> 
     </span>
     <span class='ocr_line' id='line_1_40' title="bbox 180 2951 2017 2994; baseline -0.001 -12"><span class='ocrx_word' id='word_1_461' title='bbox 180 2958 303 2982; x_wconf 82' lang='lat' dir='ltr'>cenate.</span> <span class='ocrx_word' id='word_1_462' title='bbox 333 2953 372 2982; x_wconf 77' lang='lat' dir='ltr'>C:</span> <span class='ocrx_word' id='word_1_463' title='bbox 400 2954 479 2983; x_wconf 71' lang='lat' dir='ltr'>melli</span> <span class='ocrx_word' id='word_1_464' title='bbox 503 2958 554 2983; x_wconf 79' lang='lat' dir='ltr'>est.</span> <span class='ocrx_word' id='word_1_465' title='bbox 583 2955 766 2990; x_wconf 68' lang='lat' dir='ltr'>iucundum,</span> <span class='ocrx_word' id='word_1_466' title='bbox 795 2955 898 2990; x_wconf 79' lang='lat' dir='ltr'>dulce,</span> <span class='ocrx_word' id='word_1_467' title='bbox 926 2963 1023 2983; x_wconf 80' lang='lat' dir='ltr'>suane</span> <span class='ocrx_word' id='word_1_468' title='bbox 1051 2958 1110 2990; x_wconf 82' lang='lat' dir='ltr'>est,</span> <span class='ocrx_word' id='word_1_469' title='bbox 1137 2959 1191 2983; x_wconf 88' lang='lat' dir='ltr'>ut:</span> <span class='ocrx_word' id='word_1_470' title='bbox 1219 2955 1282 2983; x_wconf 75' lang='lat' dir='ltr'>diis</span> <span class='ocrx_word' id='word_1_471' title='bbox 1303 2973 1330 2974; x_wconf 28' lang='lat' dir='ltr'><em>ff</em></span> <span class='ocrx_word' id='word_1_472' title='bbox 1361 2959 1421 2984; x_wconf 84' lang='lat' dir='ltr'>est.</span> <span class='ocrx_word' id='word_1_473' title='bbox 1474 2955 1530 2993; x_wconf 71' lang='lat'>24)</span> <span class='ocrx_word' id='word_1_474' title='bbox 1557 2955 1660 2983; x_wconf 74' lang='lat' dir='ltr'>Acras.</span> <span class='ocrx_word' id='word_1_475' title='bbox 1689 2962 1734 2991; x_wconf 84' lang='lat' dir='ltr'>pr.</span> <span class='ocrx_word' id='word_1_476' title='bbox 1760 2953 1804 2983; x_wconf 82' lang='lat' dir='ltr'>fu.</span> <span class='ocrx_word' id='word_1_477' title='bbox 1830 2956 1923 2982; x_wconf 81' lang='lat' dir='ltr'>mort.</span> <span class='ocrx_word' id='word_1_478' title='bbox 1949 2951 2017 2994; x_wconf 64' lang='grc' dir='ltr'>γ,Ο.</span> 
     </span>
     <span class='ocr_line' id='line_1_41' title="bbox 183 3002 2019 3051; baseline -0.001 -13"><span class='ocrx_word' id='word_1_479' title='bbox 183 3011 250 3039; x_wconf 85' lang='lat' dir='ltr'>rell.</span> <span class='ocrx_word' id='word_1_480' title='bbox 279 3020 338 3039; x_wconf 84' lang='lat' dir='ltr'>om.</span> <span class='ocrx_word' id='word_1_481' title='bbox 434 3011 546 3048; x_wconf 76' lang='lat' dir='ltr'>esquil.</span> <span class='ocrx_word' id='word_1_482' title='bbox 572 3010 685 3051; x_wconf 47' lang='lat' dir='ltr'>33va,</span> <span class='ocrx_word' id='word_1_483' title='bbox 713 3015 748 3040; x_wconf 79' lang='lat' dir='ltr'>ut.</span> <span class='ocrx_word' id='word_1_484' title='bbox 774 3011 893 3040; x_wconf 86' lang='lat' dir='ltr'>Bernn.</span> <span class='ocrx_word' id='word_1_485' title='bbox 920 3009 1008 3040; x_wconf 88' lang='lat' dir='ltr'>ACD</span> <span class='ocrx_word' id='word_1_486' title='bbox 1036 3015 1067 3039; x_wconf 84' lang='grc'>01</span> <span class='ocrx_word' id='word_1_487' title='bbox 1093 3020 1201 3040; x_wconf 83' lang='grc'>01111105</span> <span class='ocrx_word' id='word_1_488' title='bbox 1228 3011 1312 3048; x_wconf 80' lang='lat' dir='ltr'>apud</span> <span class='ocrx_word' id='word_1_489' title='bbox 1339 3011 1591 3049; x_wconf 75' lang='lat' dir='ltr'>Babingtonem,</span> <span class='ocrx_word' id='word_1_490' title='bbox 1629 3010 1683 3048; x_wconf 82' lang='lat' dir='ltr'>qui</span> <span class='ocrx_word' id='word_1_491' title='bbox 1721 3010 1760 3038; x_wconf 86' lang='lat' dir='ltr'>ad</span> <span class='ocrx_word' id='word_1_492' title='bbox 1796 3002 1910 3048; x_wconf 72' lang='lat' dir='ltr'>Esquil.</span> <span class='ocrx_word' id='word_1_493' title='bbox 1937 3009 2019 3038; x_wconf 90' lang='lat' dir='ltr'>nihil</span> 
     </span>
     <span class='ocr_line' id='line_1_42' title="bbox 181 3064 2018 3110; baseline -0.001 -16"><span class='ocrx_word' id='word_1_494' title='bbox 181 3067 666 3105; x_wconf 60' lang='grc'>11(1.501·1[)511.1105111111.1110111</span> <span class='ocrx_word' id='word_1_495' title='bbox 685 3068 768 3110; x_wconf 68' lang='grc' dir='ltr'>ΕΒφ</span> <span class='ocrx_word' id='word_1_496' title='bbox 793 3068 903 3097; x_wconf 85' lang='lat' dir='ltr'>Ambr.</span> <span class='ocrx_word' id='word_1_497' title='bbox 930 3067 1025 3096; x_wconf 85' lang='lat' dir='ltr'>Fran.</span> <span class='ocrx_word' id='word_1_498' title='bbox 1053 3070 1125 3103; x_wconf 60' lang='lat' dir='ltr'>etc„</span> <span class='ocrx_word' id='word_1_499' title='bbox 1152 3068 1204 3103; x_wconf 74' lang='lat' dir='ltr'>aL,</span> <span class='ocrx_word' id='word_1_500' title='bbox 1231 3071 1266 3096; x_wconf 83' lang='lat' dir='ltr'>ut</span> <span class='ocrx_word' id='word_1_501' title='bbox 1292 3076 1319 3099; x_wconf 68' lang='lat' dir='ltr'>a,</span> <span class='ocrx_word' id='word_1_502' title='bbox 1347 3068 1487 3105; x_wconf 65' lang='lat' dir='ltr'>ExquiL,</span> <span class='ocrx_word' id='word_1_503' title='bbox 1514 3068 1566 3104; x_wconf 76' lang='lat' dir='ltr'>aL,</span> <span class='ocrx_word' id='word_1_504' title='bbox 1593 3071 1629 3096; x_wconf 88' lang='lat' dir='ltr'>ut</span> <span class='ocrx_word' id='word_1_505' title='bbox 1654 3066 1757 3101; x_wconf 58' lang='lat' dir='ltr'>Sorb„</span> <span class='ocrx_word' id='word_1_506' title='bbox 1782 3065 1910 3104; x_wconf 78' lang='lat' dir='ltr'>kesqnil.</span> <span class='ocrx_word' id='word_1_507' title='bbox 1937 3064 2018 3094; x_wconf 85' lang='lat' dir='ltr'>conf.</span> 
     </span>
     <span class='ocr_line' id='line_1_43' title="bbox 181 3121 2018 3163; baseline -0.001 -12"><span class='ocrx_word' id='word_1_508' title='bbox 181 3122 211 3151; x_wconf 84' lang='lat' dir='ltr'>S.</span> <span class='ocrx_word' id='word_1_509' title='bbox 240 3123 261 3157; x_wconf 76' lang='lat'>1,</span> <span class='ocrx_word' id='word_1_510' title='bbox 290 3127 318 3159; x_wconf 71' lang='grc' dir='ltr'>ὅ,</span> <span class='ocrx_word' id='word_1_511' title='bbox 350 3124 387 3151; x_wconf 70' lang='lat'>14</span> <span class='ocrx_word' id='word_1_512' title='bbox 415 3131 444 3153; x_wconf 84' lang='lat' dir='ltr'>ct</span> <span class='ocrx_word' id='word_1_513' title='bbox 473 3124 574 3162; x_wconf 73' lang='lat' dir='ltr'>Epod.</span> <span class='ocrx_word' id='word_1_514' title='bbox 602 3125 639 3160; x_wconf 74' lang='lat' dir='ltr'>Vy</span> <span class='ocrx_word' id='word_1_515' title='bbox 671 3126 741 3153; x_wconf 86' lang='lat'>100.</span> <span class='ocrx_word' id='word_1_516' title='bbox 776 3126 869 3153; x_wconf 62' lang='lat' dir='ltr'>Aci-as</span> <span class='ocrx_word' id='word_1_517' title='bbox 896 3141 933 3144; x_wconf 69' lang='lat'>-—</span> <span class='ocrx_word' id='word_1_518' title='bbox 961 3128 1156 3153; x_wconf 76' lang='lat' dir='ltr'>mortuorum</span> <span class='ocrx_word' id='word_1_519' title='bbox 1184 3124 1208 3152; x_wconf 64' lang='lat'>(2¹</span> <span class='ocrx_word' id='word_1_520' title='bbox 1236 3128 1264 3152; x_wconf 86' lang='lat' dir='ltr'>et</span> <span class='ocrx_word' id='word_1_521' title='bbox 1290 3133 1306 3163; x_wconf 78' lang='grc' dir='ltr'>γ</span> <span class='ocrx_word' id='word_1_522' title='bbox 1333 3123 1419 3160; x_wconf 71' lang='lat' dir='ltr'>(sine</span> <span class='ocrx_word' id='word_1_523' title='bbox 1454 3124 1585 3161; x_wconf 71' lang='grc'>10111111)</span> <span class='ocrx_word' id='word_1_524' title='bbox 1616 3122 1770 3161; x_wconf 75' lang='lat' dir='ltr'>Esquiliae</span> <span class='ocrx_word' id='word_1_525' title='bbox 1795 3132 1854 3151; x_wconf 91' lang='lat' dir='ltr'>om.</span> <span class='ocrx_word' id='word_1_526' title='bbox 1881 3131 1909 3162; x_wconf 77' lang='grc' dir='ltr'>γ.</span> <span class='ocrx_word' id='word_1_527' title='bbox 1960 3121 2018 3160; x_wconf 81' lang='grc'>25)</span> 
     </span>
     <span class='ocr_line' id='line_1_44' title="bbox 181 3178 2019 3220; baseline 0 -13"><span class='ocrx_word' id='word_1_528' title='bbox 181 3179 222 3208; x_wconf 81' lang='lat' dir='ltr'>su.</span> <span class='ocrx_word' id='word_1_529' title='bbox 249 3178 348 3208; x_wconf 76' lang='lat' dir='ltr'>Maec.</span> <span class='ocrx_word' id='word_1_530' title='bbox 375 3189 400 3220; x_wconf 62' lang='grc' dir='ltr'>γ.</span> <span class='ocrx_word' id='word_1_531' title='bbox 429 3181 623 3210; x_wconf 74' lang='lat' dir='ltr'>mecoenatis</span> <span class='ocrx_word' id='word_1_532' title='bbox 650 3180 775 3210; x_wconf 78' lang='lat' dir='ltr'>fuerant</span> <span class='ocrx_word' id='word_1_533' title='bbox 798 3191 828 3210; x_wconf 72' lang='lat' dir='ltr'>v.</span> <span class='ocrx_word' id='word_1_534' title='bbox 856 3181 924 3210; x_wconf 86' lang='lat' dir='ltr'>rell.</span> <span class='ocrx_word' id='word_1_535' title='bbox 950 3180 1031 3209; x_wconf 77' lang='lat' dir='ltr'>Moe.</span> <span class='ocrx_word' id='word_1_536' title='bbox 1059 3179 1173 3209; x_wconf 77' lang='lat' dir='ltr'>fuerat.</span> <span class='ocrx_word' id='word_1_537' title='bbox 1201 3181 1231 3209; x_wconf 89' lang='lat' dir='ltr'>in</span> <span class='ocrx_word' id='word_1_538' title='bbox 1258 3190 1287 3218; x_wconf 86' lang='lat' dir='ltr'>q.</span> <span class='ocrx_word' id='word_1_539' title='bbox 1314 3184 1410 3210; x_wconf 77' lang='lat' dir='ltr'>autea</span> <span class='ocrx_word' id='word_1_540' title='bbox 1435 3180 1512 3210; x_wconf 82' lang='lat' dir='ltr'>locis</span> <span class='ocrx_word' id='word_1_541' title='bbox 1541 3178 1586 3209; x_wconf 83' lang='lat' dir='ltr'>fh.</span> <span class='ocrx_word' id='word_1_542' title='bbox 1619 3179 1653 3208; x_wconf 88' lang='lat' dir='ltr'>in</span> <span class='ocrx_word' id='word_1_543' title='bbox 1679 3189 1708 3217; x_wconf 86' lang='lat' dir='ltr'>q.</span> <span class='ocrx_word' id='word_1_544' title='bbox 1737 3179 1759 3208; x_wconf 92' lang='lat'>1.</span> <span class='ocrx_word' id='word_1_545' title='bbox 1784 3178 1903 3209; x_wconf 86' lang='lat' dir='ltr'>mortui</span> <span class='ocrx_word' id='word_1_546' title='bbox 1935 3181 2019 3208; x_wconf 78' lang='lat' dir='ltr'>ante-</span> 
     </span>
    </p>
   </div>
   <div class='ocr_carea' id='block_1_4' title="bbox 2112 0 2148 2060">
    <p class='ocr_par' dir='ltr' id='par_1_4' title="bbox 2112 0 2148 2060">
     <span class='ocr_line' id='line_1_45' title="bbox 2112 0 2148 2060; baseline 0 0"><span class='ocrx_word' id='word_1_547' title='bbox 2112 0 2148 2060; x_wconf 95' lang='lat' dir='ltr'> </span> 
     </span>
    </p>
   </div>
   <div class='ocr_carea' id='block_1_5' title="bbox 2095 2257 2142 3074">
    <p class='ocr_par' dir='ltr' id='par_1_5' title="bbox 2095 1905 2142 3142">
     <span class='ocr_line' id='line_1_46' title="bbox 2128 2257 2142 2341; baseline 0 66"><span class='ocrx_word' id='word_1_548' title='bbox 2128 2257 2142 2341; x_wconf 62' lang='grc'><strong>.</strong></span> 
     </span>
     <span class='ocr_line' id='line_1_47' title="bbox 2095 2891 2101 3074; baseline 0 -198"><span class='ocrx_word' id='word_1_549' title='bbox 2095 2891 2101 3074; x_wconf 44' lang='lat'><em>9</em></span> 
     </span>
    </p>
   </div>
  </div>
 </body>
</html>
