2148 3412
785 130 835 162 IN
860 130 1007 163 EPIST.
1032 131 1058 171 1,
1088 135 1137 163 16.
1802 123 1882 164 451

50 260 200 304 teneat,
233 253 451 309 oppositus
483 253 560 295 soli
591 253 741 295 orienti
773 254 897 296 simul
928 262 967 296 ct
997 255 1207 297 occidenti
1225 257 1252 313 Η,
1272 263 1311 298 et
1333 271 1383 298 ex
1415 257 1588 312 obliquo
1619 256 1806 311 loquitur
1837 259 1889 299 de

51 327 377 383 aequanimitate
408 342 457 369 ac
488 328 767 383 temperantia
802 330 940 383 (sua);
988 344 1118 384 quare
1164 346 1298 385 paruo
1344 346 1434 373 esse
1480 338 1698 373 contentus
1738 331 1889 373 debeat

51 401 338 456 unusquisque
369 416 552 456 arguens
585 400 663 458 [et]
698 402 900 455 quosdam
934 401 1209 446 dissimulatis
1241 405 1354 447 uitiis
1390 405 1527 462 magis
1572 405 1705 448 bonos
1749 406 1886 447 uideri

51 475 160 518 uelle
193 474 340 532 [quam
372 488 462 516 esse
494 480 532 515 et
563 474 763 531 laudari]‚
798 490 924 530 quam
955 475 1059 524 fieri.

159 551 196 591 2.
228 548 344 590 Aruo
370 556 529 605 pascat.
591 546 765 590 Scilicet
797 558 947 590 utrum.
1016 553 1157 593 Arnus
1188 565 1292 607 ager
1323 551 1477 593 dicitur
1511 552 1666 608 segetis
1696 553 1815 594 ferax
1846 560 1886 595 et

46 628 322 679 praeparatus
351 623 574 664 frumento.
636 637 761 663 erum.
798 620 973 664 Scilicet
1001 638 1073 665 me.
1135 626 1345 681 opulentet.
1383 624 1626 667 Notandum
1658 628 1869 683 opulentet.

156 697 195 738 3.
227 698 387 738 amicta.
448 695 628 747 Vestita,
659 695 869 737 marita-ta.

156 771 195 811 4.
228 770 456 826 loquaciter.
537 768 666 822 Quod
697 768 866 812 Graece
900 772 1066 812 λαλεοτὶ
1099 771 1299 830 [dicunt]
1345 787 1431 814 non
1461 773 1625 828 poetice
1657 774 1730 816 sed
1762 775 1884 830 quasi

44 859 169 902 prosa
199 844 388 886 oratione
420 852 460 885 et
490 844 703 886 communi
734 859 927 886 sermone
960 861 1008 887 ac
1040 846 1305 902 simplicibus
1334 846 1489 888 uerbis.

157 919 194 961 5.
233 918 424 960 Continui
450 926 612 960 montes.
674 917 783 960 Sunt
813 918 887 959 illi.

156 993 193 1034 5.
227 992 263 1033 6.
296 991 404 1033 Cont.
427 999 588 1041 montes,
609 992 812 1034 m‘dtssoe.
835 1008 963 1049 opaca
992 993 1110 1034 Valle.
1172 992 1258 1034 Hic
1289 993 1437 1049 incipit
1470 993 1710 1036 describere
1743 996 1883 1050 (inon-

43 1067 122 1122 tes)
155 1065 280 1107 situm
312 1066 406 1121 agri
438 1065 515 1115 sui,
548 1065 592 1106 id
624 1073 697 1116 est,
745 1072 853 1108 totus
884 1066 955 1107 ille
986 1081 1090 1122 ager
1123 1067 1278 1124 [meus]
1317 1083 1425 1109 unus
1471 1084 1590 1110 mons
1635 1076 1756 1119 essct,
1801 1069 1883 1111 nisi

43 1140 368 1182 dissociarentur
398 1140 480 1194 ipsi
511 1147 673 1181 montes
703 1139 813 1181 ualle
836 1139 879 1181 in
901 1140 1040 1183 medio
1062 1140 1239 1192 iacente,
1272 1156 1348 1197 per
1369 1142 1481 1196 quod
1504 1143 1700 1193 ostendit,
1733 1158 1882 1199 agrum

46 1214 164 1256 illum
193 1214 303 1255 inter
333 1214 438 1255 duos
468 1220 631 1256 montes
662 1214 813 1255 iacere.

156 1289 192 1329 6.
232 1288 356 1330 Valle.
415 1287 543 1329 Hanc
573 1287 729 1329 uallem
761 1288 805 1328 in
837 1285 1086 1330 Carminum
1132 1289 1241 1331 libro
1272 1289 1293 1330 I
1330 1291 1417 1343 (17,
1452 1291 1524 1345 11)
1566 1290 1758 1332 Usticam
1806 1291 1881 1332 ad-

42 1362 181 1419 pellat.
240 1363 416 1404 ueniens.
466 1360 637 1403 Oriens.
699 1362 815 1404 latus.
861 1360 1034 1404 Scilicet
1067 1363 1173 1418 agri.
1234 1364 1433 1420 adspiciat
1463 1365 1543 1406 Sol.
1605 1363 1667 1406 Ut
1697 1373 1883 1407 extremo

41 1436 215 1478 ueniens
248 1434 323 1477 Sol
354 1435 548 1490 accipiat.

153 1512 192 1552 8.
228 1510 482 1566 Temperiem.
513 1507 626 1564 Agri
658 1509 752 1550 mei.
815 1510 967 1551 laudes.
998 1509 1189 1552 Laudari
1211 1518 1342 1566 potes.
1404 1512 1572 1567 benz'qm'.
1605 1510 1668 1553 Al'
1689 1511 1882 1568 benigne.

153 1586 189 1626 9.
225 1585 369 1626 Corma.
428 1582 563 1624 Poma
585 1582 782 1638 agrestia.
842 1598 996 1639 uepres.
1033 1582 1225 1640 Spineta,
1248 1585 1447 1641 uirgulta,
1471 1600 1578 1641 quae
1601 1585 1713 1628 circa
1736 1600 1882 1642 saepes

40 1666 145 1701 sunt.
204 1657 340 1700 Poma
370 1657 528 1699 habent
558 1657 687 1699 moris
719 1656 886 1698 similia.
947 1656 1044 1699 Non
1078 1666 1139 1699 est
1176 1659 1525 1716 intellegendum,
1573 1660 1685 1715 quod
1731 1675 1883 1716 uepres

39 1732 82 1774 in
113 1747 216 1788 agro
248 1731 361 1773 illius
393 1746 521 1773 corna
553 1739 592 1772 et
624 1746 761 1786 pruna
791 1732 962 1782 ferrent,
1008 1746 1146 1787 neque
1179 1747 1358 1787 quercus
1390 1742 1429 1773 et
1461 1734 1591 1785 ilices,
1638 1750 1764 1790 poma
1806 1736 1881 1777 do-

39 1806 223 1857 mestica,
256 1806 329 1847 sed
360 1812 519 1847 tantam
542 1805 600 1846 ibi
623 1805 726 1846 dicit
747 1805 1052 1847 abundantiam
1074 1821 1164 1848 esse
1185 1806 1410 1856 fructuum,
1444 1813 1600 1861 quanta
1621 1807 1882 1850 abundantia

41 1880 246 1936 ueprium,
280 1894 511 1935 quercuum
544 1886 583 1920 et
613 1879 770 1921 ilicum.

152 1956 217 1996 11.
246 1956 414 2011 propius
443 1954 637 2008 frondere
672 1955 905 1996 Tarentum.
979 1953 1042 1996 Ut
1072 1954 1130 1995 ita
1163 1969 1364 1996 amoenus
1406 1968 1510 2009 ager
1547 1968 1664 1995 meus
1703 1953 1880 2004 dicatur,

40 2028 144 2071 sicut
174 2034 235 2070 est
265 2027 510 2069 Tarentum.
584 2026 841 2078 Notandum,
890 2027 1117 2070 Horatium
1149 2028 1255 2069 nihil
1294 2027 1432 2084 magis
1469 2028 1512 2069 in
1543 2027 1667 2069 Italia
1704 2028 1881 2069 laudare

43 2118 167 2159 quam
198 2101 334 2143 Tibur
365 2108 404 2143 et
428 2100 681 2142 Tarentum.

151 2243 186 2282 2)
212 2252 271 2272 sua
296 2252 356 2272 om.
382 2251 409 2283 γ.
461 2241 496 2280 3)
522 2250 655 2279 arguens
681 2251 730 2279 qu.
758 2240 943 2285 ·sB<?‚C(Q).
968 2242 1135 2281 Argueras
1160 2252 1190 2271 v.
1218 2242 1286 2273 rell.
1313 2241 1429 2280 Arguta
1452 2246 1488 2271 cst.
1520 2260 1557 2262 ρ
1586 2242 1650 2271 uid.
1678 2241 1760 2270 uelle
1786 2250 1881 2279 quam

41 2300 109 2330 fieri
133 2310 161 2342 γ.
192 2300 297 2330 uideri
324 2299 407 2329 uelle
431 2303 458 2328 et
481 2298 605 2328 laudari
629 2308 658 2336 q.
686 2297 708 2327 f.
735 2298 798 2341 Βφ.
836 2308 865 2336 q.
892 2308 922 2328 u,
947 2309 1035 2338 quam
1059 2309 1121 2329 esse
1147 2303 1177 2329 et
1210 2299 1336 2328 laudari
1372 2308 1466 2338 quam
1498 2299 1566 2328 fieri
1600 2299 1644 2327 fh.
1683 2308 1778 2336 quam
1811 2308 1881 2328 esse

40 2367 98 2387 om.
136 2358 232 2388 etiam
268 2366 369 2386 vmca.
436 2356 470 2395 5)
498 2366 522 2385 s.
557 2359 665 2385 utrum
694 2365 719 2397 γ.
754 2357 823 2386 rell.
863 2365 924 2385 om.
952 2374 993 2376 -—
1020 2357 1101 2386 conf.
1137 2355 1180 2386 C:
1220 2358 1317 2386 ‘ai-uo.
1356 2356 1516 2394 frugibus.
1554 2365 1664 2384 aruum
1700 2359 1805 2384 autem
1841 2357 1880 2385 ab

39 2414 154 2444 arando
182 2414 304 2444 dictum
330 2417 390 2451 est,
423 2422 500 2450 ager
525 2422 590 2451 seq.
619 2413 660 2442 fe.
687 2416 719 2442 et
743 2422 789 2450 pr.
829 2413 866 2442 fr.
892 2412 1087 2442 seminando&
1128 2423 1152 2442 s.
1178 2423 1227 2443 me
1253 2423 1278 2453 γ.
1306 2414 1327 2443 i.
1367 2413 1534 2443 dominum
1572 2421 1620 2441 me
1659 2412 1779 2441 scilicet
1814 2412 1879 2455 Βφ.

39 2488 81 2492 ——
105 2471 179 2501 Not.
211 2472 295 2510 opul.
321 2480 348 2512 γ.
374 2470 443 2499 rell.
469 2479 528 2499 om.
580 2471 612 2508 7)
639 2469 733 2498 Vest.
759 2470 868 2498 marit.
895 2468 963 2510 -(‚C.
990 2470 1058 2499 rell.
1088 2480 1147 2500 om.
1205 2471 1239 2510 8)
1266 2470 1380 2500 baliste
1406 2481 1437 2500 v.
1465 2467 1586 2512 βασιστι
1612 2479 1639 2498 a.
1667 2465 1789 2499 λαλιστὶ
1815 2469 1880 2498 cfh.

27 2515 81 2548 K——ss
106 2529 218 2558 dieunt
242 2527 378 2563 vcath.
406 2537 465 2557 om.
491 2526 558 2569 γ,Ο.
599 2530 654 2556 aut
685 2525 802 2556 Graeci
826 2544 865 2547 -ψ
893 2525 995 2556 dicunt
1019 2527 1112 2556 scrib.
1152 2531 1212 2565 est,
1251 2533 1306 2557 aut
1332 2527 1462 2557 Graece.
1501 2525 1583 2556 conf.
1613 2525 1654 2555 C:
1695 2525 1879 2565 ‘loqzccccz‘tetn

40 2587 152 2624 ample,
190 2590 221 2615 et
250 2586 447 2624 eloquenter.
473 2580 594 2614 >alteri
620 2583 752 2621 Graece,
792 2584 839 2613 ita
864 2588 899 2613 ut
924 2584 1016 2622 quasi
1042 2580 1160 2628 ὁρατὴς
1186 2585 1257 2614 sine
1290 2594 1394 2615 errore
1429 2585 1535 2614 onmia
1566 2584 1763 2622 cognoscas.⁷
1805 2584 1877 2626 Βφε

40 2641 92 2681 loq.
119 2643 306 2681 eloquenter
325 2647 355 2671 et
375 2642 491 2680 ample.
543 2641 599 2679 11)
627 2646 751 2671 montes
776 2640 804 2670 εἰ
820 2641 898 2670 diss.
917 2641 959 2670 al.
978 2640 1011 2669 nl
1027 2650 1044 2683 γ
1065 2642 1079 2670 1
1099 2651 1139 2670 m.
1166 2642 1276 2680 glossa
1294 2643 1326 2671 iu
1344 2652 1377 2683 γε
1406 2642 1474 2671 Hoc
1493 2641 1608 2678 incipit
1630 2641 1731 2669 deser.
1758 2644 1878 2679 montes,

40 2699 72 2728 in
98 2700 236 2730 scholio:
275 2700 337 2729 Hic
363 2700 421 2728 inc.
449 2699 514 2727 des.
540 2697 627 2727 situm
652 2708 680 2727 a.
708 2708 732 2727 s.
800 2698 855 2736 12>
882 2707 972 2727 meus
998 2708 1057 2728 om.
1083 2709 1110 2741 γ.
1175 2700 1230 2738 13)
1257 2709 1369 2737 agrum
1396 2700 1489 2728 illum
1514 2708 1539 2739 γ.
1565 2698 1633 2727 rell.
1660 2698 1706 2727 ill.
1742 2707 1808 2736 agr.
1837 2716 1876 2719 —

40 2760 124 2795 atque
156 2757 197 2786 ita
228 2757 373 2787 ostendit
406 2765 519 2794 agrum
544 2764 628 2784 snum
654 2773 694 2775 ἡ
722 2755 825 2784 iacere
851 2756 992 2785 medium
1020 2754 1055 2785 C.
1123 2744 1178 2794 15)
1206 2757 1238 2786 in
1267 2757 1347 2787 (mis
1374 2755 1410 2786 C.
1442 2756 1581 2785 urticam
1607 2765 1633 2796 γ.
1672 2754 1816 2784 [Is-ticam
1843 2755 1877 2784 C.

40 2821 109 2851 app.
125 2813 194 2855 γ,Ο.
220 2815 289 2844 rell.
315 2824 375 2844 om.
404 2814 560 2843 scholion.
612 2812 667 2850 16)
697 2811 814 2841 Oriens
839 2822 866 2854 γ.
891 2814 960 2842 rell.
988 2823 1048 2843 om.
1067 2832 1107 2834 --
1125 2823 1148 2843 s.
1175 2815 1244 2853 agri
1270 2824 1296 2855 γ.
1325 2814 1394 2843 rell.
1422 2823 1482 2842 om.
1508 2830 1549 2833 -—
1576 2812 1716 2850 aspiciat
1735 2830 1775 2832 —
1795 2813 1878 2841 acci-

41 2868 105 2907 piat
125 2879 151 2912 γ.
177 2870 261 2901 conf.
281 2870 322 2901 G:
353 2871 394 2899 ‘ut
416 2870 546 2900 ueniens.
573 2873 608 2899 ut
634 2872 775 2899 extremo
802 2879 831 2898 u.
858 2869 912 2899 Sol
937 2870 1124 2909 accipz'ebat.⁷
1178 2872 1232 2911 18)
1260 2871 1342 2909 Agri
1361 2871 1423 2900 mci
1448 2868 1516 2912 «μθ.
1536 2869 1605 2898 rell.
1624 2879 1684 2898 om.
1737 2870 1793 2909 19)
1820 2870 1876 2899 Po.

41 2934 103 2965 agr.
128 2937 145 2969 γ
169 2932 201 2958 et
226 2927 261 2966 C,
288 2929 342 2966 qui
368 2928 478 2957 addit:
515 2927 613 2957 moris
639 2927 769 2956 similia.
797 2927 866 2956 rell.
893 2937 952 2957 om.
979 2946 1020 2949 —
1048 2929 1176 2966 spineta
1201 2938 1230 2957 u.
1257 2938 1285 2966 q.
1313 2938 1337 2956 c.
1364 2936 1475 2965 saepes
1502 2926 1606 2964 (sepes
1633 2924 1673 2964 C)
1707 2929 1784 2955 sunt.
1808 2926 1876 2968 γ,Ο.

41 2983 109 3012 rell.
134 2994 194 3014 om.
219 2984 373 3014 Ροιῃει-ἡ
395 2985 504 3014 ilicum
529 2993 555 3025 γ.
581 2983 651 3013 rell.
678 2993 736 3012 om.
802 2983 858 3022 24)
887 2985 985 3015 schol.
1018 2985 1056 3015 Ut
1072 3004 1106 3005 ff
1124 2990 1165 3015 est
1190 2985 1262 3014 Tar.
1289 2985 1323 3013 in
1349 2994 1432 3014 omn.
1461 2984 1551 3013 libris
1580 2987 1638 3012 est.
1666 2982 1707 3012 cf.
1729 2982 1771 3013 C:
1801 2985 1877 3013 ‘tam

43 3048 111 3070 esse
127 3050 241 3080 agrum
257 3052 362 3074 meum
380 3051 560 3080 amoenum,
587 3050 680 3080 quam
698 3045 747 3070 est
773 3040 958 3072 Tarentum.
985 3043 1176 3079 notandum,
1203 3042 1375 3071 Horatium
1402 3042 1434 3070 in
1459 3041 1556 3070 Italia
1581 3040 1666 3069 nihil
1684 3041 1789 3079 magis
1808 3041 1877 3070 lan-

42 3095 125 3133 dare,
158 3099 356 3136 quamTibur
381 3103 413 3129 et
439 3099 634 3129 Tarentum.’
675 3098 862 3128 Notandum
888 3099 954 3137 (est
981 3098 1048 3143 Βφ)
1096 3117 1114 3120 ⁷<
1144 3102 1307 3128 tarentum
1332 3097 1414 3141 γΒφ.
1441 3098 1511 3128 rell.
1537 3107 1595 3127 om.
1623 3096 1707 3127 conf.
1736 3097 1875 3137 Porph.:

40 3152 80 3182 Et
100 3157 167 3184 nota
193 3158 253 3186 etc.

1551 3219 1604 3244 29*

1930 563 1949 593 5

1911 931 1949 963 lO

1908 1301 1948 1332 15
