2148 3412
775 121 823 153 IN
849 121 1159 159 ErisT.1‚2.3.
1797 110 1879 152 383

167 246 232 287 27.
264 245 347 288 Nos
377 259 571 287 numerus
601 260 741 288 sumus
772 254 807 287 et
835 246 890 300 fr.
923 260 1028 288 cons.
1059 248 1155 288 naci.
1225 244 1326 296 Eos,
1374 245 1447 300 qui
1492 244 1631 287 absint
1674 260 1699 286 a
1743 245 1879 287 studio

54 319 357 376 philosophiae,
390 319 448 359 ait
478 333 698 360 numerum
730 320 1017 361 tantummodo
1049 319 1218 374 explere
1239 319 1471 370 hominum,
1502 334 1581 362 nec
1611 319 1683 361 alii
1714 319 1789 360 ulli
1820 319 1880 361 rei

55 407 143 436 esse
173 398 305 442 natos,
338 407 465 447 quani
497 400 541 433 ut
571 394 714 448 fruges
746 401 786 433 et
816 392 932 434 cibos
964 400 1257 435 consumerent
1289 394 1589 449 (consumant).

165 468 231 507 41.
264 466 397 522 Incipe
414 467 428 508 ‚⁷
458 468 527 522 qui
553 475 657 508 recle
688 469 771 508 πίῃ.
798 481 914 522 pror.
945 467 1098 508 horam.
1159 465 1255 507 Ait:
1304 467 1377 522 qui
1421 467 1627 509 rationem
1670 474 1781 509 recte
1816 467 1880 508 ui-

54 540 180 583 uendi
210 554 286 595 per
321 540 431 581 uitae
468 548 631 594 tempus
669 539 821 589 differt,
868 539 1017 581 similis
1048 547 1109 581 est
1140 541 1295 582 rustico
1326 540 1485 582 uolenti
1515 540 1670 582 flumen
1701 540 1880 582 transire

56 621 96 656 et
124 612 396 668 exspectanti,
428 613 561 655 donec
591 620 721 655 totum
753 613 918 655 defluat.

168 687 254 744 [51.
291 688 375 738 Qui
414 689 535 744 cupit.
625 685 799 728 Scilicet
842 686 1004 742 aliquid
1048 687 1284 743 adquirere.
1373 696 1446 729 aut
1486 689 1637 730 metuit.
1704 688 1882 743 Aliquid

55 759 262 818 perdere]

167 836 232 877 52.
263 835 428 885 tabulae,
458 836 634 889 fomenta
660 836 901 891 podayram.
959 834 1125 884 quant‚
1157 849 1242 877 non
1274 841 1435 877 sanant.

166 910 232 951 58.
263 909 424 950 Inuidia
455 909 586 950 Siculi
612 924 692 950 non
721 911 804 950 inu.
838 917 912 966 tyr.
990 908 1087 951 Hoc
1118 909 1194 950 ait:
1233 924 1285 949 ne
1316 908 1512 951 Phalaris
1548 908 1718 964 quidem
1748 907 1882 964 Agri-

55 983 320 1040 gentinorum
351 990 553 1038 tyrannus
592 982 727 1024 maius
772 982 933 1024 inuenit
976 990 1242 1034 tormentum,
1288 997 1414 1038 quam
1445 997 1522 1038 per
1553 997 1596 1024 se
1627 982 1779 1024 animis
1808 983 1884 1024 ho-

57 1057 216 1099 minum
246 1056 408 1098 inuidia
437 1056 574 1097 infert.

167 1132 232 1173 59.
265 1132 334 1186 qui
359 1145 440 1172 ηοη
471 1131 746 1173 moderabitur
768 1132 870 1181 irae,
903 1131 1102 1186 Insectum
1123 1131 1229 1174 uolet
1250 1146 1331 1173 esse
1353 1131 1478 1174 dolor.
1537 1129 1753 1172 Decenter
1782 1144 1884 1186 pae-

55 1204 273 1246 nitentiam
304 1204 540 1259 descripsit,
578 1219 685 1258 quae
717 1205 904 1260 sequitur
934 1205 1173 1246 iractmdos.

169 1279 233 1320 64.
267 1280 398 1333 Finyz't
428 1293 571 1334 equum
602 1288 677 1321 ten.
710 1279 795 1320 doc.
829 1294 934 1321 σενα.
965 1293 1044 1320 ma.
1112 1278 1370 1334 Exemplum
1400 1278 1646 1321 adhortatur
1675 1278 1883 1328 iuuenem,

57 1353 123 1395 cui
153 1352 311 1403 scribit,
357 1352 411 1393 ad
442 1352 579 1394 studia
590 1369 599 1402 3
645 1368 743 1394 nam
774 1352 1006 1394 studiosum
1038 1352 1129 1407 ipse
1159 1352 1354 1402 ostendit,
1391 1366 1486 1394 cum
1517 1352 1575 1393 ait
1596 1353 1655 1407 (u.
1678 1353 1742 1407 2):
1777 1352 1886 1393 Dum

58 1436 101 1469 tu
131 1427 332 1469 declamas
364 1427 524 1469 Romae.

698 1581 1072 1637 EPISTVLA
1114 1582 1154 1649 1,
1196 1584 1241 1635 3.

876 1693 1065 1737 ACRON.

170 1797 401 1846 Iulz'Flore,
423 1812 456 1853 q.
479 1806 503 1839 t.
527 1812 578 1838 m.
600 1799 693 1839 oris.
751 1796 884 1838 Iulius
902 1795 1068 1846 Florus,
1100 1796 1153 1837 ad
1184 1810 1303 1850 quem
1334 1797 1439 1838 haec
1469 1796 1627 1851 scripta
1655 1797 1887 1846 mittuntur,

57 1869 101 1911 in
132 1870 300 1912 cohorte
330 1870 406 1912 fuit
452 1871 697 1921 amicorum,
744 1870 787 1911 id
818 1878 892 1921 est,
938 1870 1047 1911 inter
1076 1870 1234 1912 amicos
1269 1870 1481 1926 (comites)
1513 1870 1676 1912 Tiberii
1706 1869 1888 1911 Neronis

61 1942 244 1994 Claudii,
278 1944 349 1999 qui
380 1944 432 1986 ab
464 1943 661 2000 Augusto
692 1944 917 1999 imperium
948 1944 1123 1999 accepit.
1201 1942 1314 1996 Quia
1345 1950 1468 1985 natus
1499 1942 1641 1993 Liuia,
1687 1944 1781 1985 idco
1812 1943 1889 1985 fuit

58 2018 280 2073 adoptiuus
310 2016 510 2073 Augusti.
572 2017 673 2059 Fuit
703 2024 840 2058 autem
873 2017 1032 2059 amicus
1066 2016 1249 2058 Horatii.

173 2172 206 2214 1)
232 2184 249 2204 a
275 2184 336 2204 om.
362 2174 469 2207 vcafh.
520 2175 555 2213 3)
582 2178 767 2205 consumant
792 2173 827 2203 C.
887 2174 923 2212 4)
949 2176 1101 2211 prorogat
1126 2183 1237 2203 annum
1261 2173 1346 2203 cafh.
1374 2191 1413 2194 —
1441 2172 1574 2203 rationis
1601 2174 1629 2203 ⁶2.
1657 2182 1711 2212 per
1735 2173 1892 2203 uiuendae

60 2231 134 2271 MG,
160 2241 216 2271 per
241 2232 399 2262 uidendae
415 2232 475 2262 R2.
503 2241 559 2270 per
583 2231 723 2261 uz‘olendz'
745 2241 775 2261 v.
801 2240 857 2269 per
880 2230 1003 2260 uiuendi
1027 2230 1139 2266 cath.
1166 2231 1277 2268 posui:
1305 2239 1359 2268 per
1383 2230 1463 2260 uitae
1487 2233 1624 2268 tempus,
1650 2229 1772 2259 uiuendi
1794 2231 1891 2259 itera-

61 2293 128 2319 tum
153 2294 285 2327 putans.
312 2289 426 2319 Acrom'
449 2290 509 2319 hoe
535 2289 680 2319 scholion
705 2289 862 2318 tribuitur
889 2288 921 2317 111
947 2287 1054 2317 vcafh.
1111 2288 1144 2326 7)
1170 2287 1259 2317 Haec
1283 2287 1345 2317 duo
1373 2287 1506 2324 scholia,
1533 2297 1603 2317 011111
1622 2288 1738 2325 quibus
1756 2286 1891 2325 Porphy-

59 2345 126 2375 rion
150 2346 188 2375 ad
213 2347 296 2375 hanc
322 2347 414 2384 epist.
442 2347 510 2375 exit
536 2347 567 2375 in
594 2346 639 2384 fh,
667 2347 783 2375 absunt
810 2350 841 2375 et
866 2354 884 2373 a
902 2344 1018 2382 Porph.
1046 2348 1077 2374 et
1102 2345 1141 2374 ab
1160 2344 1296 2373 Aeronis
1322 2345 1426 2374 libris.
1476 2344 1510 2382 9)
1539 2344 1649 2373 tabula
1675 2343 1711 2378 Q.
1739 2343 1892 2373 Scholion

61 2402 131 2432 cath
154 2402 272 2432 Acroni
299 2403 482 2441 adsignant.
509 2402 562 2432 cfh
589 2403 725 2432 habent:
763 2400 935 2440 Fomenta]
973 2401 1154 2439 Podagram
1179 2402 1302 2438 iuuant,
1342 2410 1372 2430 n.
1399 2410 1423 2429 s.
1492 2401 1546 2440 10)
1560 2400 1682 2439 falaris
1706 2400 1782 2429 MA.
1809 2400 1893 2430 Pha-

61 2459 134 2489 laris
160 2460 177 2489 2
205 2458 398 2498 (G‘?Q)‚vca.
425 2460 582 2489 Phalarim
606 2470 635 2498 q.
661 2459 738 2498 Agr.
777 2463 950 2499 tyrannum
985 2459 1089 2488 maius
1127 2457 1294 2494 inuenisse,
1333 2467 1428 2495 quain
1467 2457 1544 2496 (0111.
1566 2466 1624 2495 per
1648 2457 1693 2495 sc)
1732 2466 1771 2486 an
1808 2458 1891 2487 110111.

62 2517 211 2547 inuidiam.
236 2516 358 2546 inferre
388 2517 423 2545 fh
457 2521 488 2547 et
514 2517 659 2546 Braunh.
685 2516 803 2546 inferre
828 2516 948 2545 liabent
974 2516 1073 2544 etiam
1098 2524 1143 2544 ca.
1170 2514 1287 2543 Aci-oni
1313 2514 1372 2543 hoc
1398 2513 1497 2543 schol.
1523 2514 1718 2543 adscribitur
1749 2514 1782 2542 in
1808 2515 1892 2543 cafh.

62 2573 144 2604 conf.
168 2574 238 2617 Βφε
270 2574 459 2613 ‘Dionysius
487 2575 592 2612 inquit
619 2574 801 2603 ditissimus
826 2572 1019 2602 sicilensium
1047 2571 1111 2610 (sic
1129 2572 1280 2610 uterque)
1299 2572 1375 2601 licet
1392 2574 1550 2601 tormenta
1568 2571 1670 2600 multa
1686 2571 1892 2608 repperisset.

63 2631 183 2660 nullum
208 2632 310 2660 maius
336 2631 461 2660 inuenit
485 2640 579 2669 quam
604 2640 660 2669 per
686 2640 719 2659 se
745 2630 870 2659 inuidia
897 2629 927 2657 in
954 2629 1069 2657 animis
1097 2628 1259 2657 hominum
1282 2631 1408 2666 qenes-at
1430 2627 1501 2665 quia
1526 2627 1682 2656 eser-aciat
1704 2626 1808 2656 illum.y
1839 2628 1893 2656 In-

63 2695 157 2724 super
180 2688 210 2716 in
235 2697 333 2725 marg.
360 2688 480 2717 habent
506 2691 629 2717 notam:
669 2687 793 2717 nullum
818 2688 1014 2716 tormentum
1038 2686 1143 2715 maius
1169 2694 1237 2714 esse
1262 2685 1398 2716 inuidia.
1466 2685 1519 2723 13)
1545 2693 1634 2722 paen.
1668 2683 1834 2713 describsit
1859 2683 1894 2713 Μ

63 2741 164 2781 (negl.
191 2743 248 2782 Q).
275 2744 344 2773 rell.
371 2744 531 2774 describit.
598 2742 654 2783 15)
682 2744 787 2781 fingite
813 2753 882 2773 011111
907 2743 951 2772 M.
980 2760 1013 2763 —
1045 2742 1206 2780 Exemplo
1231 2742 1273 2771 ad
1295 2741 1395 2771 stadia
1421 2741 1495 2770 adh.
1521 2740 1568 2770 fh.
1597 2741 1639 2769 Et
1665 2741 1724 2770 hoc
1749 2741 1893 2771 scholion

63 2798 180 2829 Acroni
206 2801 393 2838 adsignatur
418 2802 450 2830 in
476 2800 558 2831 cafh.
610 2802 665 2840 17)
693 2800 829 2830 declinas
855 2810 885 2829 v.

174 2856 333 2889 ACRON.
380 2857 441 2887 AD
467 2857 618 2887 IVLlVM
643 2856 819 2887 FLORVM
843 2857 880 2898 γῐ)
906 2856 1016 2886 Α1111)1·.
1044 2860 1076 2886 et
1101 2864 1210 2886 onmes
1235 2855 1301 2885 fere
1327 2855 1402 2884 Hor.
1430 2855 1564 2884 codices.
1592 2853 1686 2885 Fran.
1720 2855 1810 2884 addit
1837 2864 1893 2883 nu-

64 2922 182 2943 merum
207 2914 263 2944 III.
302 2914 435 2945 Oratius
461 2915 500 2944 ad
524 2914 650 2944 Florum
686 2914 757 2943 Par.
783 2914 820 2950 Q.
858 2914 910 2942 Ad
936 2914 1051 2943 iulium
1076 2913 1181 2942 florem
1208 2913 1274 2942 cod.
1302 2913 1343 2942 33
1370 2912 1449 2941 bibl.
1476 2920 1608 2942 armam.
1646 2910 1700 2949 (110
1727 2911 1892 2950 l’arsenal)

66 2970 172 3008 script.
197 2980 279 3001 anno
300 2973 395 3001 1218.
420 2982 455 3001 v:
484 2972 635 3007 ‘Quintus
659 2971 814 3001 Horatius
839 2971 955 3001 flaccus
978 2971 1060 3001 Iulio
1085 2971 1177 3000 floro:
1204 2980 1228 2999 s.
1256 2968 1378 3011 (Helu).

177 3028 234 3065 22)
262 3028 303 3056 ad
328 3045 368 3047 —
395 3029 569 3057 mittuntur
595 3038 656 3057 om.
681 3037 707 3068 γ.
757 3028 813 3066 23)
840 3029 922 3057 inter
946 3027 1062 3057 comites
1087 3026 1158 3063 h‚C.
1188 3027 1302 3055 Claud.
1330 3026 1400 3055 Til).
1427 3026 1502 3054 Ner.
1523 3024 1558 3054 C.
1609 3025 1666 3064 24)
1693 3026 1815 3063 accepit
1842 3024 1896 3063 qui

66 3086 159 3112 natus
183 3088 224 3113 esc
247 3093 282 3113 esc
308 3084 403 3114 Liuia
427 3089 452 3113 et
476 3085 546 3114 ideo
572 3084 593 3114 f.
620 3085 690 3114 ado.
718 3083 800 3121 Aug.
829 3088 856 3113 et
878 3094 938 3114 ani.
965 3084 1043 3113 Hor.
1070 3084 1207 3119 vcath.
1234 3083 1308 3121 quia
1332 3086 1426 3112 natus
1451 3083 1507 3112 liu.
1533 3083 1583 3125 γὶ).
1610 3082 1745 3118 Quia—
1762 3082 1893 3113 Horatii

68 3148 126 3169 om.
153 3139 190 3179 C⁷
215 3150 308 3180 quem
334 3141 493 3172 conferas.
558 3141 616 3180 25)
633 3140 701 3180 suit
724 3141 845 3171 anricus
870 3141 948 3171 Hor.
974 3151 1000 3184 γ.
1029 3140 1095 3179 fulc
1118 3145 1213 3170 autem
1236 3141 1267 3169 b.

1913 917 1950 948 10

1914 1288 1951 1318 15
