2148 3412
855 142 904 174 IN
922 143 1068 175 EPIST.
1094 143 1119 181 1,
1148 146 1176 175 7.
1851 137 1931 176 411

218 263 284 305 30.
314 265 356 304 in
387 277 592 305 cumeram
620 265 825 318 frumenti.
886 265 975 307 Vas
1005 265 1235 308 uimineum
1266 267 1599 310 frumentarium.

217 337 282 378 32.
314 337 492 378 mustela.
551 335 665 378 Mire
696 337 881 379 imitatus
912 344 973 379 est
1005 339 1225 381 stridorem
1257 341 1471 382 mustelae.

216 410 283 459 33,
316 410 468 452 subisti.
527 409 713 460 Intrasti,
745 418 790 451 ut
821 411 960 465 (Verq.
992 409 1047 452 A.
1080 411 1159 462 III,
1193 414 1316 467 292):
1344 423 1546 469 portuque
1577 415 1770 458 subimus.

105 486 225 516 astutia
249 489 305 515 aut
329 485 442 514 fraude
468 484 695 523 (‘uulpeculae,
722 496 783 524 qua
809 487 899 516 nulla
924 488 1029 516 bestia
1054 487 1291 518 fraudulentior
1310 493 1369 526 est,
1396 489 1552 520 Horatius
1570 495 1783 529 comparatur,
1809 493 1864 530 (1111
1876 501 1937 530 per

92 541 241 582 fraudem
266 540 306 579 (1)
334 551 366 570 se
393 542 426 570 in
450 542 628 571 amicitiam
654 541 855 572 Maecenatis
880 543 1105 581 insinuauerit,
1131 548 1165 573 ut
1190 545 1274 582 apud
1312 554 1381 575 eum
1419 547 1647 585 pinguesceret
1686 549 1706 577 i.
1734 548 1934 587 ditesceret')

104 599 223 637 agitur⁷
260 606 362 636 neque
387 597 425 626 de
451 598 577 627 incuria
602 599 742 628 hominis
769 598 891 635 callidi,
929 599 984 628 sed
1011 599 1208 630 solummodo
1233 601 1272 630 de
1296 601 1405 630 reditu
1430 602 1462 631 in
1487 603 1661 640 pristinum
1688 605 1843 642 egestatis
1870 608 1935 634 sta-

102 658 188 690 tum3
213 654 347 684 minime
372 654 468 683 etiam
493 655 612 691 omnia,
640 663 720 692 quae
746 654 784 683 de
810 654 978 692 uulpecula
1003 655 1166 693 dicuntur,
1194 657 1228 685 in
1253 656 1436 694 Horatium,
1461 668 1564 697 neque
1590 669 1670 698 quae
1696 661 1733 690 de
1751 661 1863 691 hocin
1887 660 1935 690 fa-

102 711 176 740 bula
200 714 312 740 nostra
337 714 517 748 occurrunt⁷
556 711 589 740 111
614 710 814 749 uulpeculam
840 711 1010 749 quadrant.
1046 710 1148 747 ,Quae
1174 722 1244 742 cum
1271 714 1317 742 ita
1343 715 1420 751 sint⁷
1447 715 1615 745 consilium
1641 717 1801 746 mustelae
1824 726 1854 746 u.
1882 717 1934 746 32.

103 766 155 796 33.
182 766 275 797 cardo
300 776 415 796 causae
441 770 497 796 est.
551 765 772 806 Clzrysostomus
796 771 876 797 orat.
901 767 1019 797 XLVII
1038 777 1067 806 p.
1089 769 1150 797 232
1178 769 1262 799 hanc
1287 769 1428 800 fabulam
1455 770 1562 800 adfert
1587 772 1626 801 de
1644 773 1826 810 uulpecula,
1852 782 1936 811 quae

102 827 209 853 tamen
243 832 336 853 carne
372 828 464 861 pasta
499 823 638 853 arborem
674 824 829 862 nequibat
866 824 987 861 egredi.
1013 823 1095 854 conf.
1122 824 1246 855 Iacobs.
1274 830 1340 856 not.
1369 827 1397 856 9.
1425 826 1541 857 Suidas
1568 837 1591 857 S.
1618 838 1648 857 u.
1677 825 1762 859 ἕωλα
1787 829 1823 858 T.
1849 829 1874 858 Ι.
1902 838 1933 867 p.

103 879 178 909 781.
204 883 235 908 et
261 889 285 911 s.
312 889 342 909 u.
370 876 528 922 ῥωγαλέον
553 880 590 909 Τ.
616 880 657 909 ΙΙ.
686 890 715 918 p.
744 881 818 910 266.
844 880 1065 918 Hauptmann.
1091 880 1177 910 sabb.
1205 891 1235 910 u.
1267 883 1339 912 158.
1382 882 1444 912 His
1469 884 1618 922 uestigiis
1649 885 1804 914 insistens
1829 886 1934 922 possit

100 936 217 974 aliquis
235 937 491 966 coniecturarum
509 940 642 973 amator,
661 937 757 966 aliam
782 940 879 975 atque
897 936 1120 966 Bentleianam
1148 938 1339 968 emendandi
1365 939 1451 968 uiam
1478 939 1693 978 ingressurus,
1721 941 1844 971 duabus
1862 945 1934 971 tan-

100 989 167 1023 tum
192 992 296 1022 literis
321 994 467 1030 mutatis,
504 1003 560 1031 pro
586 1002 738 1022 cumeram
762 992 935 1022 FRVmenti
958 993 1082 1031 legere:
1121 1003 1271 1024 cumeram
1307 995 1488 1025 PVLmenti.
1554 996 1607 1026 Sic
1632 997 1767 1027 haberes
1792 996 1934 1037 Chryso-

102 1050 197 1079 stomi
222 1059 345 1079 caruem
370 1049 470 1088 (conf.
496 1050 573 1080 Hor.
592 1049 630 1078 E.
650 1049 674 1086 Ι,
704 1050 753 1085 18,
779 1050 834 1085 48,
860 1049 892 1079 S.
918 1049 961 1086 ΙΙ,
988 1051 1017 1087 2,
1045 1051 1098 1085 34,
1125 1054 1155 1080 et
1180 1050 1276 1088 Apul.
1303 1050 1379 1080 Met.
1405 1052 1443 1081 X.
1463 1062 1492 1090 p.
1513 1053 1586 1081 244.
1608 1054 1660 1082 44.
1686 1053 1852 1086 Elmenh,:
1880 1055 1934 1084 ille

99 1114 275 1144 porcorum,
294 1106 462 1145 pullorum,
500 1107 637 1144 piscium
664 1110 695 1136 et
719 1105 863 1135 eiusmodi
881 1105 1101 1144 pulmentorum
1125 1107 1309 1145 reliquias),
1347 1108 1399 1137 uel
1426 1109 1524 1138 etiam
1551 1108 1701 1139 obsonium
1718 1115 1876 1148 pastorum
1900 1111 1932 1140 in

98 1162 218 1200 fabula⁷
249 1166 280 1192 et
303 1172 359 1192 uas
382 1162 542 1192 uimineum
567 1164 639 1193 siue
656 1172 775 1201 peram,
802 1163 834 1191 in
860 1172 920 1200 qua
947 1163 1046 1201 ‘panis
1071 1167 1098 1192 et
1121 1164 1205 1193 caro’
1237 1163 1292 1201 (cf.
1317 1164 1440 1195 Iacobs.
1468 1166 1488 1194 1.
1515 1166 1552 1203 l.)
1579 1166 1847 1205 condebantur*).
1874 1167 1933 1196 Di-

99 1219 233 1250 cendum
258 1223 366 1249 autem
392 1224 451 1255 est,
476 1219 730 1259 Porphyrionem
749 1219 880 1258 quidem
898 1220 1051 1258 praebere
1069 1220 1326 1257 expositionem:
1352 1231 1473 1251 cumera
1498 1223 1587 1252 uasis
1601 1221 1809 1261 frumentarii
1831 1232 1933 1262 genus

98 1275 218 1306 factum
244 1286 284 1306 ex
311 1277 431 1306 uimine
457 1276 627 1306 admodum
653 1276 834 1314 obductum,
874 1280 905 1305 et
929 1275 1086 1305 Acronem
1113 1275 1159 1317 (γ)
1187 1277 1286 1306 hanc:
1314 1286 1369 1306 uas
1395 1278 1569 1307 uimineum
1583 1278 1838 1317 fi·1mzentarium,
1877 1281 1933 1309 sed

98 1332 231 1362 eundem
257 1333 399 1363 codicem
417 1334 450 1362 in
465 1333 567 1372 (llossa
584 1333 624 1362 ad
650 1331 679 1362 S.
695 1333 720 1369 Ι,
739 1334 766 1368 1,
783 1333 835 1368 53,
862 1332 979 1362 omissa
1003 1341 1081 1362 uoce
1094 1331 1346 1371 flumentariznn,
1373 1337 1497 1364 tantum
1522 1336 1655 1365 habere:
1681 1345 1736 1365 uas
1760 1336 1932 1374 uimineum,

98 1390 337 1420 contradicente
355 1390 498 1428 pleniore
524 1390 662 1419 scholio:
688 1398 744 1419 uas
762 1390 878 1428 ingens
895 1389 1085 1426 uimineum,
1110 1388 1141 1418 in
1158 1389 1380 1428 quofi·u712enta
1398 1391 1575 1423 conduntur.
1610 1392 1656 1422 At
1672 1402 1747 1422 uero
1766 1393 1791 1422 si
1808 1401 1935 1422 cumera

97 1455 163 1476 uox
180 1447 344 1477 sollemnis
369 1446 486 1477 fuisset
511 1447 551 1476 ad
576 1456 633 1476 uas
658 1447 834 1476 uimineum
849 1444 1090 1485 frumentarium
1115 1446 1366 1484 significandum
1387 1446 1535 1482 frumeuti
1557 1458 1620 1478 uox
1645 1450 1728 1479 male
1745 1450 1785 1479 ab
1801 1449 1935 1479 Horatio

98 1503 209 1533 addita
234 1507 331 1540 esset,
370 1507 468 1542 atque
494 1504 540 1533 sic
565 1512 607 1532 ex
633 1503 701 1533 loco
728 1502 759 1532 S.
785 1502 808 1538 Ι,
839 1503 866 1540 1,
894 1503 935 1532 53
962 1506 1059 1541 atque
1085 1511 1126 1532 ex
1150 1502 1289 1532 Acronis
1315 1504 1439 1533 scholio
1464 1505 1498 1533 in
1523 1505 1553 1534 h.
1578 1505 1599 1535 l.
1626 1505 1782 1545 frumeuti
1804 1506 1934 1535 addita-

97 1564 239 1590 mentum
264 1561 327 1590 huc
351 1561 582 1599 transmigrare
607 1564 735 1598 poterat
760 1569 815 1598 pro
834 1559 990 1598 pulmenti,
1029 1560 1123 1597 quod,
1162 1560 1187 1588 si
1214 1560 1329 1598 quibus
1342 1559 1533 1598 fi=u⁷neutum
1558 1566 1720 1601 tamquam
1744 1562 1934 1600 uulpeculae

96 1617 202 1648 uictus
238 1628 302 1647 non
339 1617 575 1647 admittendum
601 1617 776 1652 uidebitur,
814 1617 993 1646 certissime
1030 1616 1142 1645 maiori
1181 1616 1248 1645 iure
1287 1621 1383 1655 atque
1420 1618 1650 1655 probabilitate
1687 1619 1786 1657 recipi
1813 1622 1932 1657 potest,

97 1683 202 1712 quam⁷
230 1675 300 1712 ipsa
325 1674 454 1703 fabulae
469 1675 606 1712 persona
622 1676 757 1710 mutata,
781 1672 915 1702 nitedula
930 1672 1058 1702 Bentlei.
1088 1672 1148 1701 His
1168 1682 1295 1710 paucas,
1321 1683 1403 1711 quae
1421 1678 1517 1703 natae
1535 1678 1622 1711 sunt,
1649 1675 1809 1713 adponere
1827 1675 1934 1713 placet

97 1731 359 1769 quaestiunculas
397 1734 430 1760 et
466 1731 702 1760 adnotationes.
754 1730 780 1758 1.
807 1728 992 1767 Quaeritur,
1030 1732 1138 1759 utrum
1176 1730 1241 1759 alia
1277 1729 1394 1768 Aesopi
1431 1730 1542 1760 fabula
1568 1732 1610 1761 sit
1646 1732 1704 1761 illa
1740 1732 1779 1761 de
1805 1731 1934 1761 Mustela

99 1792 130 1818 et
152 1788 253 1825 Mure,
280 1788 370 1817 cuius
396 1791 512 1817 testem
530 1787 700 1816 Bentleius
718 1786 813 1816 nobis
831 1786 910 1816 fecit
926 1786 1178 1825 Hieronymum:
1211 1786 1336 1823 ‘Docet‚
1363 1787 1478 1825 inquit,
1504 1791 1532 1816 et
1555 1787 1665 1826 Aesopi
1677 1787 1792 1827 fabula
1810 1787 1934 1826 plenum

95 1843 216 1874 muris
239 1848 372 1874 uentrem
391 1854 450 1883 per
475 1848 632 1883 (ιη-9113111711
652 1842 793 1880 foramen
817 1842 922 1882 effredi
944 1852 1004 1872 uon
1028 1843 1152 1872 ualere)
1202 1842 1291 1871 Duae
1317 1843 1488 1873 exstitisse
1514 1844 1667 1873 uidentur
1685 1844 1863 1882 Aesopicae
1888 1845 1932 1873 si-

97 1901 182 1930 milis
218 1901 401 1939 argumenti
439 1900 578 1936 fabulae,
618 1909 680 1938 qua
707 1900 739 1929 in
765 1899 869 1928 altera
893 1898 1016 1928 mustela
1041 1908 1107 1928 cum
1130 1898 1297 1937 vulpecula,
1336 1900 1368 1928 in
1395 1899 1498 1929 altera
1523 1909 1589 1929 cum
1612 1909 1697 1929 mure
1721 1901 1932 1939 conloqueba-

96 1960 156 1986 tur.
203 1957 262 1987 Vel
287 1958 386 1987 tertia
410 1957 529 1993 fabula,
556 1957 589 1986 in
614 1965 675 1995 qua
700 1965 758 1986 non
783 1955 906 1985 mustela
931 1955 987 1985 sed
1012 1954 1171 1993 uulpecnla
1195 1955 1294 1984 altera
1319 1959 1432 1994 captae
1456 1957 1644 1994 uulpeculae
1670 1957 1840 1987 consilium
1866 1965 1932 1985 ma-

96 2014 141 2044 cri
165 2022 308 2044 recessus
335 2013 435 2051 dedit,
462 2014 535 2043 duci
562 2016 669 2051 potest
695 2022 736 2042 ex
753 2012 881 2041 Babrio.
931 2011 1039 2050 Atque
1065 2011 1243 2041 notandum
1270 2012 1379 2050 utique
1398 2016 1459 2049 est⁷
1486 2013 1517 2042 in
1549 2012 1660 2042 fabula
1679 2013 1827 2051 Aesopea
1851 2012 1928 2042 duas

97 2071 162 2101 dici
185 2071 368 2110 uubmeulus,
404 2071 539 2101 alteram
565 2074 703 2109 captam,
741 2070 876 2098 alteram
902 2069 1100 2098 suadentem.
1153 2070 1181 2098 2.
1208 2068 1303 2106 Apud
1330 2068 1482 2098 Babrium
1510 2069 1575 2108 (ed.
1600 2069 1745 2099 Francof.
1774 2070 1869 2099 1660.
1897 2078 1927 2107 p.

98 2128 171 2158 382.
186 2138 217 2158 n.
232 2129 267 2167 4)
292 2124 617 2170 111111166111ῑιζκερὸ111)
637 2131 731 2165 capta
749 2127 787 2156 ab
815 2126 922 2164 aliquo
949 2121 1050 2163 (εἶπεν
1068 2122 1102 2156 δέ
1126 2126 1187 2161 τις)
1213 2129 1375 2163 monetur3
1401 2126 1586 2164 ambiguum
1614 2129 1674 2159 est.
1700 2130 1808 2156 utrum
1839 2126 1930 2156 homo

97 2194 137 2215 an
160 2186 253 2215 belua
270 2185 431 2224 loquatur.
482 2186 511 2215 3.
539 2185 609 2214 Non
629 2184 708 2214 satis
726 2187 873 2213 accurate
891 2183 979 2212 dicta
996 2186 1070 2212 sunt
1087 2183 1165 2212 haec
1182 2182 1321 2212 Iacobsii
1349 2182 1394 2220 (p.
1417 2183 1493 2221 136)
1520 2183 1635 2212 uerba:
1662 2182 1736 2212 ‘Ein
1755 2182 1932 2221 hungriger

97 2241 201 2272 Fuchs
234 2242 291 2272 sah
325 2243 359 2271 in
385 2242 441 2271 der
466 2241 624 2279 Hohlung
649 2241 737 2270 eines
762 2240 893 2268 Baumes
919 2239 1006 2268 Brod
1032 2239 1097 2268 und
1122 2239 1260 2275 Fleisch,
1298 2239 1355 2268 das
1383 2239 1487 2277 einige
1512 2239 1630 2269 Hirten
1657 2239 1930 2277 zuriickgelassen

97 2299 223 2336 hatten,
260 2299 358 2329 kroch
384 2299 497 2328 hinein
524 2302 584 2327 etc.
632 2297 723 2333 Beim
748 2296 885 2326 Babrius
911 2305 976 2324 war
1004 2304 1037 2324 es
1075 2296 1127 2325 6111
1163 2295 1347 2325 zei-wissener
1372 2295 1502 2325 Ranzen
1538 2296 1597 2324 mit.
1633 2295 1720 2324 altem
1743 2295 1827 2325 Brod
1864 2295 1930 2324 und

97 2354 226 2385 Fleisch
251 2354 422 2393 angefiillt,
449 2355 504 2384 der
530 2355 563 2384 in
588 2355 659 2383 dem
685 2354 802 2383 hohlen
828 2353 952 2382 Baume
977 2353 1113 2389 steckte,
1140 2353 1204 2382 und
1230 2361 1263 2381 es
1290 2353 1332 2381 ist
1359 2352 1449 2382 nicht
1476 2353 1526 2381 ein
1553 2352 1685 2388 Wiesel7
1713 2352 1853 2382 sondern
1879 2352 1930 2380 ein

97 2411 212 2449 Fuchs‚
250 2412 306 2442 der
331 2412 382 2441 die
407 2411 511 2440 Lehre
548 2411 698 2440 ertheilt.'
748 2409 786 2439 111
812 2410 859 2439 ed.
886 2408 1034 2440 Francof.
1064 2410 1148 2439 1660
1174 2418 1204 2446 p.
1232 2409 1295 2438 382
1323 2411 1353 2437 et
1380 2409 1412 2437 in
1438 2408 1487 2437 ed.
1513 2408 1587 2437 Bas.
1620 2408 1713 2437 1780.
1741 2417 1771 2437 n.
1803 2408 1874 2438 158.
1899 2417 1930 2446 p.

101 2468 162 2498 154
179 2477 261 2507 pera
278 2477 341 2499 non
359 2471 631 2503 commemoratur,
658 2463 797 2503 (εἵςδυσα
821 2462 926 2508 κερδὼ
950 2461 1028 2508 πρὸς
1051 2461 1144 2508 δρυὸς
1167 2461 1279 2507 κοίλης
1303 2459 1405 2506 βάθος
1429 2460 1552 2506 εὕρισκε
1578 2461 1670 2494 δαῖτα
1692 2462 1851 2505 ποιμένος,
1876 2461 1931 2495 καὶ

98 2520 136 2568 δὴ
162 2522 273 2567 φοί-(εν)
298 2534 402 2563 neque
411 2523 506 2563 panis
522 2528 548 2553 et
563 2533 647 2553 caro.
688 2522 887 2553 confudisse
912 2523 972 2553 hoc
996 2523 1162 2553 Iacobsius
1181 2523 1310 2552 uidetur
1328 2531 1396 2552 cum
1416 2522 1484 2551 loco
1501 2521 1630 2551 fabulae
1647 2521 1822 2558 Aesopeae‚
1849 2529 1931 2558 quae

98 2576 191 2624 ἄρτον
223 2578 278 2611 καὶ
313 2579 392 2622 κρέα
428 2581 624 2619 suppeditat.
674 2580 754 2609 Pera
779 2580 910 2610 additur
934 2580 965 2609 in
991 2580 1058 2610 cod.
1084 2579 1176 2610 Voss.
1203 2579 1285 2609 conf.
1311 2583 1378 2609 not.
1406 2579 1440 2608 in
1465 2579 1515 2608 ed.
1541 2578 1616 2607 Bas.
1643 2587 1673 2616 p.
1705 2578 1784 2607 154:
1810 2575 1930 2619 βόα-κου

97 2635 174 2680 κρέα
198 2635 252 2668 καὶ
277 2634 371 2681 ἄρτον
397 2635 447 2668 ἐπί
470 2646 538 2668 τινα
563 2633 703 2679 κολῦβην
729 2632 776 2666 ὑπ’
805 2632 905 2667 αὐτοῦ
930 2633 1197 2679 καταλειφθέντα.
1236 2636 1350 2665 I’eram
1376 2635 1541 2665 laceratam
1578 2635 1709 2672 ignorat
1747 2634 1798 2663 hic
1834 2634 1928 2664 liber.

99 2694 128 2722 4.
153 2693 223 2724 Vox
248 2694 341 2724 tenuis
366 2694 398 2724 111
415 2694 482 2724 1060
500 2693 628 2723 Horatii
646 2693 809 2732 significat
835 2693 878 2729 id⁷
905 2694 988 2732 quod
1006 2693 1116 2723 fabula
1135 2694 1168 2723 in
1192 2693 1289 2723 titulo
1308 2697 1339 2723 et
1356 2692 1462 2722 fronte
1480 2691 1559 2721 fert:
1586 2687 1801 2732 λιμώττουσα,
1828 2691 1879 2721 6111
1896 2701 1928 2720 11.

99 2750 165 2780 eod.
184 2751 277 2781 Voss.
296 2751 387 2780 addit
403 2748 433 2781 ἐν
451 2748 551 2793 πείνῃ,
577 2750 629 2779 1161
646 2753 682 2779 ut
699 2750 836 2779 Phaedr.
850 2749 904 2785 IV,
920 2750 958 2779 2:
976 2749 1064 2789 fame
1089 2754 1193 2780 coacta
1210 2750 1249 2779 de
1265 2750 1361 2787 uulpe
1379 2758 1472 2778 uuam
1491 2748 1674 2786 adpetente.
1695 2746 1762 2776 Cic.
1788 2748 1828 2776 de
1853 2747 1929 2777 Diu.

99 2805 139 2844 11,
158 2808 200 2838 25
226 2807 323 2838 dicit:
349 2807 416 2837 auis
428 2806 518 2846 fame
536 2809 648 2836 euecta.
672 2805 777 2836 Tenuis
802 2815 877 2845 ergo
903 2807 988 2845 apud
1006 2806 1084 2836 Hor.
1110 2816 1175 2837 non
1192 2806 1292 2836 solum
1311 2805 1510 2844 tautologice
1528 2804 1649 2833 dicitur
1666 2813 1723 2841 pro
1739 2813 1855 2842 macra,
1874 2804 1930 2834 sed

101 2866 149 2893 est
160 2862 250 2903 fame
268 2863 416 2904 confecta,
442 2864 597 2900 esuriens,
624 2872 720 2901 quam
747 2863 847 2892 fames
871 2872 1067 2893 macrescere
1092 2866 1252 2902 coegerat.
1290 2862 1344 2892 Sic
1368 2871 1386 2891 a
1411 2860 1564 2891 Cicerone
1589 2859 1787 2890 tenuissimam
1813 2864 1845 2890 et
1865 2860 1930 2899 ple-

99 2919 251 2952 nissimum
266 2922 376 2952 lumen
393 2921 504 2951 Lunae
522 2921 584 2951 sibi
606 2924 637 2951 et
654 2919 748 2950 tenuis
764 2920 858 2950 uictus
875 2921 1047 2959 opponitur
1063 2920 1192 2959 copioso.
1227 2919 1332 2958 Vulpes
1348 2917 1442 2947 tenuis
1459 2920 1508 2947 est
1526 2926 1613 2956 ergo,
1640 2926 1721 2955 quae
1737 2917 1931 2946 tenuissimo

100 2977 190 3008 uictu
212 2979 310 3009 uixit.
357 2978 498 3008 Perinde
523 2977 670 3008 tenuiores
696 2978 716 3007 i.
742 2986 900 3016 pauperes
925 2987 996 3007 cum
1020 2978 1220 3016 principibus
1246 2978 1422 3013 aequantur
1439 2973 1525 3012 apud
1550 2973 1709 3003 Eundem.
1735 2972 1928 3003 Lambinus:

100 3032 186 3064 inani
207 3039 321 3065 uenire.
369 3034 404 3074 *)
431 3034 583 3065 Cumeras
608 3034 767 3065 uimineas
790 3033 1014 3064 PVLMENTI
1039 3035 1167 3073 saepius
1191 3033 1260 3063 uidi
1286 3033 1319 3062 in
1335 3031 1445 3061 Sabin.
1470 3034 1504 3060 et
1527 3028 1663 3060 Samnit.
1686 3030 1862 3060 montibus.

237 3091 269 3131 1)
296 3092 359 3122 Vas
384 3092 458 3122 uim.
486 3091 581 3122 frum.
606 3101 633 3134 γ.
659 3091 729 3122 rell.
756 3100 815 3123 om.
841 3090 927 3122 conf.
953 3090 1071 3129 Porph.
1136 3091 1171 3130 2)
1197 3089 1279 3119 Mire
1307 3106 1346 3111 ν-
1371 3087 1529 3118 mustelae
1554 3095 1581 3128 γ.
1607 3087 1675 3117 rell.
1701 3096 1763 3118 om.
1813 3086 1848 3125 3)
1875 3086 1930 3116 In-

101 3149 181 3179 rasti
208 3166 246 3170 -
274 3149 417 3180 subimus
442 3158 467 3190 γ.
495 3149 565 3179 rell.
593 3158 654 3179 0111.
