2148 3412
816 108 862 139 IN
883 108 1018 140 SERM.
1046 109 1070 148 1,
1096 114 1125 141 2.
1819 106 1869 143 27

49 233 196 282 erogat
217 226 259 267 in
283 227 439 268 uictum
462 234 513 278 et,
546 228 617 283 qui
643 229 816 271 multum
840 230 1037 285 adquirit,
1069 232 1243 274 fortasse
1265 233 1388 274 habet
1411 235 1666 290 opulentiam
1688 236 1873 277 uiuendi.

48 298 118 341 Ad
161 299 239 341 hoc
283 299 340 340 ita
385 301 683 356 respondeam:
729 301 824 344 Non
856 311 973 358 potes
1004 305 1174 346 credere
1207 314 1262 356 tu,
1309 307 1379 361 qui
1410 308 1543 358 audis,
1590 309 1798 363 quomodo
1837 310 1873 351 is

46 372 209 414 fraudet
246 373 416 428 genium
456 389 574 415 suum
607 375 630 415 i.
664 390 697 416 e.
741 377 948 430 quomodo
980 391 1023 418 se
1054 385 1185 419 necet.

149 460 228 501 pro
251 461 283 501 q.
307 462 337 487 s.
354 448 382 500 Γ.
405 447 442 487 Ιι.
503 447 706 502 Lai-giter
736 449 892 503 potitur
915 465 988 490 suo
1010 465 1137 492 censu
1159 460 1199 492 et
1220 451 1325 493 bene
1347 461 1542 508 procurat
1566 469 1718 510 corpus
1739 470 1870 496 suum.

157 519 221 559 20.
254 533 373 574 quam
403 536 433 562 s.
464 535 502 561 η.
534 537 563 561 s.
597 538 632 562 α.
695 520 864 574 Quanto
897 523 1084 565 cruciatu
1116 540 1158 565 se
1189 525 1360 581 affligat.
1917 539 1936 569 5

155 593 210 632 ita
243 600 285 634 ut
309 608 350 648 p.
379 595 403 634 τ’.
441 595 483 635 Τ.
543 593 606 635 Ita
637 594 717 635 sibi
748 603 807 636 est
839 595 1033 638 inimicus
1064 612 1230 647 auarus,
1262 606 1304 639 ut
1336 614 1418 640 non
1451 600 1568 654 peius
1599 615 1642 641 se
1673 600 1871 642 afflixisse

43 663 236 705 uideatur
264 664 554 707 Menedemus.

155 739 220 778 22.
253 746 368 793 atque
400 739 474 780 hic.
534 738 620 780 Pro
653 754 785 795 quam,
835 748 879 781 ut
909 742 962 782 sit
992 757 1225 797 pronomen
1257 744 1318 785 liic
1350 744 1375 784 i.
1408 759 1442 785 e.
1475 760 1638 787 auarus.
1699 747 1779 788 Aliae
1812 747 1871 788 sic

43 817 274 865 exponunt:
308 812 387 852 Hic
417 811 680 861 aduerbium,
716 820 759 853 ut
791 813 843 854 sit
873 816 915 855 m
945 815 1017 856 hoc
1047 816 1144 858 loco.

155 884 219 925 23.
253 899 328 940 quo
359 900 434 925 res.
467 885 503 925 h.
529 901 570 941 p.
633 884 730 938 Quo
761 901 855 927 mea
886 888 1091 930 sententia
1121 890 1276 930 tendat.
1897 904 1937 935 10

155 958 218 997 24.
252 958 347 999 dam
367 973 405 999 u.
427 974 456 1000 s.
479 974 517 1000 u.
542 961 566 999 τ’.
592 975 623 1001 c.
639 975 669 1001 e.
711 959 762 1000 Id
783 968 856 1010 est,
880 961 978 1002 dum
1000 962 1145 1003 nolunt
1169 962 1252 1003 dici
1275 963 1458 1018 prodigi,
1482 964 1717 1006 efficiuntur
1738 966 1867 1006 auari.

156 1031 220 1071 25.
254 1031 478 1073 Malclzinus
510 1040 535 1072 l.
568 1033 604 1073 d.
635 1048 668 1073 a.
739 1033 933 1089 [Tunicis
970 1034 1163 1076 demissis
1200 1043 1245 1076 ut
1281 1035 1362 1077 sibi
1399 1036 1597 1079 honestus
1635 1037 1866 1095 uideatur3]

44 1102 277 1157 composuit
309 1103 486 1160 [autem]
520 1120 692 1155 nomen,
741 1107 860 1160 quasi
899 1106 961 1163 [a]
1002 1106 1214 1157 Μαλακός,
1262 1109 1508 1151 Malchinus.
1574 1110 1868 1152 Maecenatem

41 1174 188 1230 tangit,
219 1176 434 1218 uaricosus
465 1178 575 1218 enim
606 1178 681 1219 fuit
714 1179 885 1233 quidam
917 1179 1136 1221 delicatior
1167 1189 1205 1221 et
1238 1181 1406 1223 solutus.

159 1250 223 1289 26.
258 1257 314 1290 est
345 1252 413 1304 qui
438 1252 583 1304 ‘inquere
617 1267 652 1291 a.
685 1267 718 1292 0.
751 1267 780 1292 s.
815 1267 850 1292 u.
882 1253 911 1306 Γ.
972 1251 1049 1294 Est
1081 1254 1150 1307 qui
1184 1253 1263 1295 sibi
1294 1255 1451 1296 facetus
1477 1270 1565 1297 esse
1597 1257 1802 1307 uideatur,
1834 1258 1868 1299 si
1895 1267 1935 1300 15

41 1320 186 1362 altiore
216 1330 330 1363 ueste
361 1329 510 1364 utatur.

153 1395 217 1434 27.
246 1396 441 1451 pastillos.
500 1397 783 1451 Διαπάσματα,
818 1404 1089 1452 unguentum.

150 1467 326 1521 Rufillus
357 1470 466 1511 olect.
525 1469 621 1512 Hoc
642 1470 730 1511 uult
750 1469 903 1519 dicere,
937 1471 1048 1524 quod
1078 1485 1213 1525 neque
1245 1472 1434 1526 pastillos
1455 1473 1578 1514 homo
1602 1474 1726 1516 debet
1756 1475 1868 1518 olere

38 1553 172 1594 neque
204 1540 376 1583 hircum.

151 1614 215 1654 28.
247 1615 307 1656 m‘l
335 1616 507 1657 medium
538 1625 602 1658 est.
664 1616 780 1657 Nihil
810 1616 1077 1658 mediocriter
1107 1617 1163 1657 fit.
1890 1632 1932 1664 20

150 1695 244 1728 sunt
274 1702 306 1743 q.
343 1702 381 1729 η.
421 1697 445 1729 t.
510 1690 695 1744 Tetiffl'sse
732 1705 809 1745 pro
847 1699 1019 1745 tcmyere.
1092 1689 1272 1745 Proprie
1310 1690 1416 1730 dixit
1455 1693 1636 1745 tetulisse,
1682 1693 1792 1734 unde
1828 1702 1867 1734 et

36 1759 207 1801 intactae
237 1762 416 1816 uz'rqz'nes
448 1761 652 1812 dicuntur,
694 1770 739 1803 ut
770 1761 842 1814 (A.
874 1762 908 1812 Ι,
941 1763 1063 1817 345);
1116 1764 1192 1805 Cui
1214 1772 1332 1819 pater
1361 1766 1552 1805 rametam
1585 1766 1756 1807 dederat.
1816 1766 1866 1808 Id

37 1839 116 1873 est:
151 1832 299 1890 [sunt‚]
332 1833 404 1888 qui
435 1834 582 1875 nolunt
604 1842 779 1891 tangere
811 1835 892 1877 nisi
924 1842 1149 1877 matronas.

150 1907 214 1947 29.
246 1907 409 1948 subsuta
440 1908 541 1949 talos
573 1916 678 1963 ἱεραί
708 1910 842 1950 instita
873 1917 990 1950 ueste.
1054 1907 1169 1960 Quia
1201 1916 1414 1950 matronae
1447 1910 1551 1951 stola
1582 1918 1753 1952 utuntur
1791 1913 1864 1953 de-

38 2086 113 2116 gare
149 2079 183 2107 in
210 2083 371 2118 sumptum
396 2079 464 2109 Cic.
491 2080 562 2110 Att.
590 2079 674 2117 VIII,
695 2081 724 2109 5.
751 2089 804 2109 aes
832 2080 862 2109 in
888 2080 1087 2118 stipendium
1114 2080 1183 2109 Liu.
1210 2080 1264 2116 IV,
1292 2082 1343 2110 36.
1370 2082 1537 2118 pecuniam
1564 2083 1596 2112 in
1623 2089 1769 2122 sumptus
1795 2084 1864 2114 Liu.

37 2133 63 2171 Ι,
90 2135 141 2165 20.
160 2145 223 2174 pro
245 2141 381 2174 quaestu
407 2146 447 2166 ex
472 2137 549 2166 Hor.
576 2155 617 2158 Α
643 2137 685 2166 C:
718 2141 750 2165 at
779 2141 938 2174 quaestum
969 2146 1056 2166 suum
1090 2142 1202 2174 erogat
1233 2137 1264 2165 in
1290 2138 1421 2166 uictum.

153 2193 184 2231 1)
210 2192 281 2231 adq.
305 2203 333 2235 γ.
360 2211 400 2214 —
427 2194 484 2222 hoc
508 2192 666 2235 -(X(G·?Q)
694 2194 769 2223 haec
794 2193 883 2222 vafh.
915 2193 1013 2222 iratus
1043 2203 1126 2231 resp.
1161 2202 1187 2234 γ.
1219 2193 1307 2221 etiam
1338 2203 1420 2231 resp.
1450 2194 1487 2222 X.
1522 2194 1591 2223 rell.
1624 2194 1666 2224 ita
1697 2205 1780 2233 resp.
1830 2197 1864 2235 2)

37 2256 93 2286 pro
127 2248 181 2287 qui
214 2249 303 2279 audis
337 2251 448 2279 notaui
486 2260 527 2279 ex
562 2259 595 2292 γε
633 2258 672 2288 qa
708 2250 783 2279 uilis
806 2263 851 2277 z
879 2250 954 2287 quia
990 2250 1075 2278 uilis.
1134 2250 1167 2287 3)
1187 2248 1312 2278 fraudat
1337 2254 1367 2279 et
1404 2254 1495 2279 necat
1530 2259 1612 2282 omn.
1637 2251 1711 2280 libri
1736 2252 1864 2289 habent,

38 2313 102 2334 non
127 2304 256 2335 fraudat
282 2310 313 2336 et
338 2310 431 2343 necet,
457 2311 493 2336 ut
519 2307 546 2342 Q
570 2305 679 2335 refert.
707 2305 868 2334 defraudet
891 2306 1030 2343 genitum
1055 2315 1146 2335 suum
1173 2305 1208 2334 C.
1234 2306 1355 2335 fraudet
1380 2308 1417 2340 Q.
1446 2306 1604 2344 ingenium
1635 2306 1675 2336 X.
1710 2308 1778 2336 rell.
1810 2317 1865 2345 ge-

36 2361 133 2391 nium.
184 2363 240 2401 12)
265 2362 446 2392 Malchinus
470 2364 508 2405 *sb
532 2363 644 2392 Ambr.
670 2362 791 2391 Bernn.
809 2361 901 2398 ABE,
928 2363 1078 2391 nonnulli
1096 2362 1184 2391 Parr.
1204 2372 1284 2392 rece.
1306 2367 1365 2391 etc.
1392 2362 1545 2392 Maltinus
1564 2362 1674 2401 (Ven.)
1695 2368 1744 2392 est
1771 2365 1865 2393 lectio

37 2418 244 2456 plurimorum
269 2424 347 2449 uett.
375 2420 465 2450 codd.
491 2424 526 2449 ut
552 2419 754 2461 KEssgoDOP
781 2423 840 2448 etc.
889 2418 1060 2447 Malthiuus
1087 2417 1174 2455 G‚fh,
1213 2423 1246 2448 ut
1272 2418 1362 2447 Harl.
1390 2418 1449 2447 HR
1482 2418 1605 2448 Geuon.
1632 2422 1663 2448 et
1689 2419 1722 2448 M
1746 2419 1863 2458 Porph.

36 2474 111 2505 Asc.
137 2476 231 2506 habet
250 2476 421 2506 Malthinus
440 2478 472 2506 iu
491 2477 565 2506 Acr.
596 2480 626 2506 et
643 2476 826 2506 Malchinus
846 2476 879 2505 in
897 2475 972 2505 Hor.
1025 2475 1078 2513 13)
1107 2475 1198 2512 quasi
1217 2475 1378 2503 malochos
1408 2474 1614 2503 malachinus.
1633 2485 1658 2516 γ.
1686 2475 1864 2505 Malchinus

36 2540 111 2570 ergo
137 2537 205 2562 erat
228 2533 366 2563 Acronis
392 2534 502 2571 lectio⁷
540 2534 579 2562 ad
605 2543 699 2571 quam
726 2533 813 2562 locus
840 2532 1075 2570 Porphyrionis
1100 2530 1286 2560 referendus
1312 2531 1452 2560 uidetur.
1501 2530 1538 2559 In
1564 2530 1687 2560 Acrone
1713 2527 1865 2567 Μαλακὸς

36 2597 150 2618 nomen
176 2590 290 2627 subst.‚
318 2591 352 2619 in
377 2591 601 2629 Porphyrione
626 2590 689 2618 adi.
716 2593 774 2619 est.
803 2589 895 2627 quasi
921 2588 1052 2617 malibus
1077 2587 1240 2616 malthinus
1265 2597 1295 2616 v.
1322 2587 1412 2624 quasi
1438 2596 1457 2614 a
1481 2587 1610 2616 malthos
1634 2588 1809 2617 malthinus
1835 2597 1863 2617 a.

37 2647 129 2684 quasi
155 2656 175 2675 a
198 2643 367 2687 μαλθακος
391 2647 570 2677 Malthinus
587 2647 602 2675 f
624 2645 798 2684 (Mathinus
817 2647 864 2685 h).
884 2645 926 2674 C:
953 2645 1031 2685 (Sub
1049 2644 1182 2682 Porph.)
1202 2643 1346 2673 Malthini
1365 2644 1493 2672 nomine
1508 2642 1629 2681 quidam
1645 2643 1864 2674 Maecenatem

38 2703 215 2741 significari
242 2705 456 2742 suspicantur.
483 2715 501 2733 a
526 2714 559 2733 re
583 2708 691 2733 autem
718 2704 787 2741 ipsa
813 2703 922 2731 fictum
949 2706 997 2731 est
1023 2710 1149 2731 nomen.
1176 2695 1344 2741 μαλθακὸς
1376 2699 1461 2728 enim
1489 2704 1516 2728 et
1543 2695 1688 2738 μαλακὸς
1712 2699 1796 2729 idem
1815 2705 1863 2730 est

38 2760 122 2798 quod
147 2761 252 2790 mollis
279 2766 308 2791 et
334 2761 501 2790 delicatus.
551 2761 648 2789 Porro
674 2764 705 2789 et.
730 2770 759 2797 q.
785 2768 849 2796 seq.
877 2776 918 2778 —--
945 2757 1028 2787 conf.
1055 2757 1168 2795 Porph.
1222 2756 1276 2794 14)
1303 2754 1423 2793 quidam
1446 2764 1472 2796 γ.
1499 2755 1567 2784 rell.
1594 2765 1653 2784 om.
1681 2754 1771 2784 Conf.
1797 2756 1863 2785 Cic.

38 2816 131 2847 Tusc.
156 2817 196 2855 ΙΙ,
223 2819 261 2847 4:
298 2822 329 2847 te
355 2823 469 2847 natura
493 2817 641 2847 excelsum
664 2816 811 2854 quendam
835 2815 987 2844 uidelicet
1016 2818 1047 2843 et
1073 2814 1172 2843 altum
1198 2813 1321 2850 genuit.
1387 2813 1440 2850 15)
1470 2829 1506 2831 --
1534 2812 1694 2847 uideatur,
1726 2811 1754 2841 si
1776 2812 1865 2841 altius

38 2873 168 2904 tunicam
190 2874 374 2914 substringat
397 2873 426 2903 C.
479 2876 532 2913 17)
560 2873 659 2902 schol.
687 2883 747 2901 om.
773 2882 822 2901 va.
850 2868 1072 2911 διαπλάσματα
1097 2871 1144 2899 fh.
1169 2863 1435 2899 AlAllACMA'l'A.
1461 2871 1631 2905 uuyentam
1654 2877 1681 2909 γ.
1707 2872 1864 2905 unguenta

39 2928 224 2971 (G?Q)th.
249 2930 401 2960 Pastillos.
428 2930 616 2959 timiamatis
643 2930 680 2967 (1.
708 2929 947 2967 thymiamatis)
975 2927 1034 2970 Βφ.
1053 2926 1134 2955 Cels.
1153 2925 1305 2961 V,18.7.
1332 2923 1385 2960 VI,
1402 2925 1432 2960 G,
1449 2925 1500 2952 25.
1551 2923 1607 2961 20)
1635 2924 1744 2961 glossa
1770 2925 1802 2952 in
1828 2934 1862 2966 γε

39 2987 121 3024 apud
147 2988 236 3017 istos.
262 2986 300 3016 C:
326 2987 381 3016 Nil
407 2988 443 3015 fit
468 2986 552 3016 med.
578 2985 614 3014 ab
637 2985 702 3014 istis
726 2985 758 3013 in
786 2988 878 3013 coetu
902 2984 1115 3013 luxuriosum.
1165 2983 1221 3020 21)
1248 2984 1342 3010 amem
1367 2989 1422 3018 pro
1441 2979 1475 3010 C.
1523 2981 1579 3018 23)
1605 2983 1673 3009 mmt
1689 2980 1742 3017 qui
1761 2980 1861 3009 nolint

39 3042 235 3083 vath(G?).
264 3043 332 3073 sint
354 3053 396 3073 ex
429 3043 504 3073 Hor.
537 3043 591 3081 qui
621 3042 733 3072 nolunt
757 3051 783 3083 γ.
849 3041 905 3080 24)
931 3041 998 3083 1330:
1026 3040 1114 3069 Haec
1145 3038 1294 3076 exempla
1324 3037 1363 3065 ad
1397 3036 1637 3066 immoderatam
1670 3037 1863 3074 intempera-

39 3102 167 3138 tamque
192 3101 353 3138 pertinent
376 3100 582 3138 uoluptatem.
608 3098 673 3128 Alii
700 3099 815 3136 quippe
840 3097 985 3136 prolixas
1003 3099 1110 3126 uestes
1136 3096 1280 3131 nimium,
1306 3094 1362 3123 alii
1381 3093 1514 3123 nimium
1528 3092 1712 3123 decurtatas
1730 3093 1862 3129 habeut7
