2148 3412
799 101 847 132 IN
874 100 1018 133 Erisr
1044 101 1071 140 1,
1102 104 1149 132 12.
1811 91 1893 130 433

61 226 274 268 abstinens
304 224 496 279 protinus
527 225 587 266 sic
618 224 740 274 uiuis,
783 231 827 265 ut
870 231 909 265 te
956 225 1095 265 statim
1141 226 1297 266 incitaret
1341 226 1459 266 riuus
1494 225 1698 279 fortunae,
1745 224 1788 265 id
1820 231 1893 275 est,

60 298 184 341 tantis
213 298 365 340 frueris
396 298 569 348 diuitiis,
603 297 769 352 quantis
784 296 907 338 Mida
938 312 1024 348 rex,
1058 298 1130 352 qui
1161 304 1308 353 petens
1339 298 1392 339 ab
1414 297 1631 353 Apolline,
1663 304 1708 339 ut
1738 297 1892 348 omnia,

60 386 167 428 quae
206 378 411 427 tangeret,
454 387 601 413 aurum
634 371 909 421 efficerentur,
943 379 1088 425 postea
1119 371 1265 421 doluit,
1313 371 1412 426 quia
1458 371 1598 413 cibum
1643 386 1727 413 non
1758 371 1895 427 potuit

59 453 244 500 tangere,
278 445 378 499 quin
415 445 553 487 statim
585 444 628 485 in
660 459 807 485 aurum
838 450 1084 495 uerteretur,
1132 459 1446 500 conuersusque
1492 445 1546 487 ad
1576 460 1724 500 preces
1755 445 1892 501 Apol-

57 519 141 561 line
171 533 418 573 responsum
450 518 574 559 dante
605 518 751 559 mersit
781 524 905 572 caput
936 518 980 558 in
1011 517 1232 560 Pactolum
1269 519 1444 560 fluuium
1490 519 1634 574 sicque
1679 519 1770 575 ipse
1801 519 1890 575 pri-

58 599 179 635 uatus
209 600 271 634 est
302 606 451 647 paena,
484 598 522 632 et
552 591 752 633 Pactolus
782 592 984 633 harenam
1015 606 1186 632 auream
1218 592 1355 632 traxit.

167 664 237 706 Al.
271 663 451 707 Sensus:
501 662 549 706 Si
580 679 681 707 uero
711 679 763 706 ne
793 665 858 707 his
890 665 1063 721 quidem
1093 665 1311 716 fructibus,
1358 680 1462 721 quos
1506 665 1583 707 tibi
1614 666 1743 723 agelli
1775 666 1888 717 dant,

57 753 168 795 eges,
200 746 239 780 et
271 745 488 780 contentus
520 753 563 780 es
593 738 661 780 uel
690 738 822 780 herba
852 739 921 780 uel
950 739 1099 789 urtica,
1132 739 1211 781 hoc
1242 746 1322 781 est:
1361 739 1396 781 si
1427 753 1503 794 per
1533 740 1641 781 hane
1673 739 1888 781 abstinen-

55 814 155 855 tiam
195 811 366 855 Stoicen
407 812 608 867 sequeris,
654 827 844 868 magnas,
891 813 1042 867 inquit,
1089 812 1260 854 diuitias
1296 827 1346 853 ex
1378 813 1457 853 hac
1487 812 1575 853 uita
1607 814 1888 867 consequeris.

55 888 275 929 Abstemz‘us
304 893 443 928 autem
466 886 742 941 compositum
766 893 827 928 est
848 900 897 927 ex
920 901 982 937 eo,
1020 886 1134 941 quod
1155 886 1363 928 abstineat
1384 892 1536 927 temeto
1558 886 1583 926 i.
1606 886 1719 928 uino.
1778 886 1888 928 Nam

56 961 97 1002 hi
128 962 311 1002 abstemii
337 960 553 1009 dicuntur3
587 959 660 1000 scd
691 959 759 1000 hic
792 960 1025 1002 abstemz'mn
1056 960 1256 1010 sobrium,
1304 959 1595 1010 abstinentem,
1643 967 1683 1000 et
1713 960 1755 1000 in
1788 975 1888 1002 om-

54 1034 176 1077 nibus
207 1041 448 1077 contentum
480 1033 701 1090 significat.

171 1111 208 1151 8.
243 1110 280 1150 9.
313 1110 368 1151 sic
399 1111 482 1150 viu.
512 1109 715 1164 protinus,
753 1116 797 1149 ut
818 1116 851 1149 te
879 1107 1103 1162 Confestim.
1167 1108 1375 1162 Confestim
1400 1114 1439 1148 et
1454 1109 1645 1163 protinus
1667 1107 1803 1149 iunxit
1823 1108 1888 1149 in—

56 1182 234 1239 dulgens
266 1182 412 1238 ἔνφασι
449 1181 686 1223 celeritatis.

167 1256 252 1313 [10.
284 1264 475 1298 naturam
505 1266 602 1296 mut.
628 1270 714 1311 pec.
746 1256 880 1297 nescit.
948 1254 1044 1295 Erit
1074 1255 1218 1309 utique
1250 1260 1422 1303 mutata,
1470 1255 1570 1309 quia
1601 1255 1889 1310 quandocum-

53 1344 133 1385 que
164 1329 324 1371 diuitiis
355 1329 508 1384 aliquis
539 1328 711 1370 affluens
745 1343 872 1383 supra
902 1328 1074 1369 modum
1104 1328 1330 1369 manducat
1362 1339 1402 1368 et
1432 1327 1552 1377 bibit,
1600 1342 1673 1370 seu
1702 1329 1890 1372 uestibus

53 1404 230 1460 aliisque
261 1417 400 1445 rerum
445 1402 694 1444 utilitatibus
739 1402 880 1452 utitur,
928 1401 1041 1444 illico
1087 1410 1239 1444 natura
1270 1401 1487 1458 mutatur]
1558 1400 1736 1443 Aliter
1767 1403 1888 1459 (sic):

51 1478 275 1534 Vituperat
305 1477 424 1519 illum
455 1492 507 1519 ex
536 1476 708 1532 obliquo
739 1476 976 1525 ostendens,
1022 1476 1141 1518 illum
1187 1491 1238 1518 ex
1284 1475 1530 1531 parentibus
1562 1476 1702 1518 auaris
1732 1482 1891 1518 natum.

53 1551 138 1605 Qui
169 1553 280 1594 enim
312 1567 465 1594 auarus
497 1558 619 1593 natus
650 1558 724 1601 est,
770 1550 1043 1592 nihilominus
1088 1565 1241 1592 auarus
1286 1549 1485 1605 persistit.
1560 1548 1643 1591 Vel
1689 1549 1889 1605 quoniam

51 1633 199 1669 natura
229 1642 313 1669 non
343 1633 479 1682 potest
511 1625 667 1667 addere
697 1624 972 1666 naturalibus.

165 1702 228 1742 11.
261 1702 420 1743 uz‘rmte.
481 1699 768 1754 Philosophia.
816 1698 867 1739 Id
897 1705 978 1739 est:
1026 1698 1059 1739 si
1091 1711 1167 1752 per
1211 1697 1320 1738 hanc
1366 1696 1665 1738 abstinentiam
1698 1695 1888 1739 Stoicum

52 1774 250 1830 sequeris,
282 1789 460 1831 magnas
491 1772 662 1814 diuitias
694 1787 744 1814 ex
776 1772 854 1814 hac
886 1772 1159 1827 consequaris
1192 1770 1529 1827 (consequereris
1562 1768 1610 1812 C.
1644 1769 1829 1825 Herm)

165 1850 228 1889 12.
260 1849 297 1890 si
327 1849 550 1890 Democriti
571 1861 696 1903 pecus
718 1847 794 1887 edit
815 1847 976 1901 aqellos.
1036 1845 1308 1887 Democritus
1339 1844 1628 1900 philosophus,
1670 1844 1888 1886 hortorum

51 1930 223 1973 amator,
256 1922 328 1977 qui
349 1922 449 1963 dum
470 1920 740 1976 philosophia
762 1920 945 1967 intentus
976 1926 1048 1970 est,
1087 1920 1230 1962 hortos
1261 1919 1350 1960 eius
1381 1933 1510 1973 pecus
1542 1918 1635 1973 ipso
1666 1925 1888 1973 praesente

52 1996 266 2038 consumit.
303 1998 319 2050 Η
356 1994 627 2036 Democritus
659 1993 888 2036 Abderites
919 1994 996 2035 fuit
1025 1994 1220 2035 inuentor
1250 2000 1495 2034 atomorum.
1558 1990 1685 2044 Quod
1716 1993 1885 2048 saepius

51 2077 194 2126 postea
224 2070 389 2111 auditor
424 2069 514 2110 eius
544 2067 755 2123 Epicurus
787 2067 991 2109 adseruit:
1037 2068 1160 2109 huius
1192 2066 1364 2109 arbores
1394 2065 1621 2121 frugiferas
1653 2073 1690 2107 et
1723 2066 1807 2108 alia
1842 2067 1887 2108 in

51 2159 152 2200 agro
182 2144 302 2185 utilia
332 2157 486 2199 pecora
517 2141 808 2191 absumebant,
850 2141 949 2182 dum
981 2141 1051 2182 ille
1083 2141 1223 2182 omnia
1256 2147 1558 2196 contempnens
1589 2146 1720 2182 totum
1751 2156 1886 2182 mun-

51 2218 148 2260 dum
180 2218 320 2259 animo
356 2216 577 2273 percurrit.
639 2215 687 2257 Si
731 2215 815 2265 ille,
862 2215 1011 2270 inquit,
1052 2215 1244 2257 modicae
1289 2213 1350 2255 rei
1396 2220 1660 2269 contemptor
1705 2214 1795 2264 fuit,
1842 2221 1885 2256 tu

53 2292 244 2349 ingentes
274 2291 445 2333 diuitias
477 2289 673 2345 despicis,
721 2304 769 2330 ac
800 2303 877 2344 per
910 2289 989 2331 hoc
1021 2295 1065 2330 tu
1097 2289 1194 2344 plus
1225 2288 1329 2330 facis
1364 2303 1490 2342 quam
1522 2287 1603 2328 ille.

164 2368 227 2408 13.
261 2368 416 2407 animus
447 2367 530 2407 sine
562 2378 670 2420 corp.
701 2364 836 2404 uelooe.
897 2363 1118 2405 Adsiduae
1149 2362 1412 2404 meditationi
1433 2362 1617 2403 intentus
1638 2361 1761 2403 uelox
1793 2368 1864 2403 est.

163 2441 227 2481 14.
265 2440 363 2481 Cum
393 2449 446 2480 lu.
508 2436 718 2487 Ostendit,
750 2436 911 2478 Iccium
943 2443 982 2478 et
1012 2438 1217 2492 pecuniae
1249 2435 1408 2479 seruire
1441 2443 1481 2477 et.
1511 2435 1744 2491 sapientiae
1775 2435 1885 2477 uelle

52 2514 228 2556 studere.

164 2589 227 2630 15.
259 2588 452 2630 sublimia.
513 2585 741 2641 Physicam
772 2584 1098 2640 philosophiam.

164 2722 218 2761 15)
245 2721 318 2750 Erit
334 2737 373 2741 —-
390 2724 532 2750 mutatur
558 2729 618 2749 om.
644 2729 670 2760 γ.
723 2718 778 2757 17)
804 2717 1124 2756 Aliter—persistit
1147 2726 1173 2759 γ.
1194 2718 1263 2747 rell.
1283 2727 1342 2747 om.
1411 2717 1465 2755 19)
1493 2715 1551 2745 Vel
1567 2733 1605 2736 *-
1624 2716 1828 2746 naturalibus
1854 2726 1880 2758 γ.

52 2778 118 2807 rell.
133 2788 190 2808 om.
241 2779 297 2817 21)
323 2778 537 2815 Philosophia
561 2786 588 2818 γ.
608 2777 677 2806 rell.
694 2785 751 2807 om.
779 2774 859 2805 conf.
881 2774 922 2804 C:
950 2776 1022 2804 ‘ema
1048 2774 1164 2805 aii-tute.
1193 2776 1259 2805 sola
1286 2773 1506 2812 philosophia:
1534 2772 1690 2810 Ironicos,
1716 2773 1807 2811 quasi
1833 2773 1881 2802 di-

52 2839 112 2871 cat,
138 2844 201 2865 non
226 2835 341 2873 putas!
407 2834 465 2873 23)
491 2833 693 2863 Democritus
723 2850 756 2853 w
788 2833 947 2862 consumit
972 2842 997 2874 γ,
1024 2833 1092 2862 rell.
1120 2843 1180 2862 om.
1219 2832 1312 2861 Dem.
1339 2830 1417 2869 phil.
1457 2834 1620 2859 atomorum
1657 2829 1793 2859 inuentor
1828 2831 1882 2868 qui

52 2891 126 2929 phil.
153 2893 300 2922 intentus
325 2896 408 2928 esset,
434 2892 544 2921 hortos
572 2908 610 2911 ἢ
637 2889 772 2920 comedit.
799 2889 877 2919 vaih
908 2889 998 2927 (dum
1025 2899 1085 2919 om.
1113 2890 1164 2927 fh)
1195 2889 1233 2927 Q,
1272 2889 1325 2927 qui
1352 2897 1407 2926 pro
1433 2887 1510 2923 dum,
1548 2890 1583 2916 ut
1609 2896 1706 2925 supra
1743 2888 1881 2926 saepius,

53 2947 163 2977 inculc.
189 2957 264 2978 cum.
316 2949 373 2988 24)
399 2948 603 2978 Democritus
628 2947 802 2977 Abderites
833 2965 867 2967 Ἄ
896 2947 950 2976 ille
974 2956 1001 2989 γ.
1026 2947 1097 2977 rell.
1124 2957 1184 2977 om.
1248 2947 1304 2985 25)
1330 2955 1393 2984 qua
1418 2945 1526 2982 sepius
1554 2962 1589 2964 w
1621 2944 1769 2982 epicurus
1795 2954 1883 2975 asse-

51 3013 120 3034 rens
142 3015 168 3048 γ.
218 3005 276 3044 30)
302 3005 376 3035 Ass.
403 3006 547 3035 intentus
573 3014 655 3034 omn.
682 3005 768 3034 libri.
794 3004 874 3034 conf.
898 3002 939 3033 C:
967 3005 1041 3033 ‘ass
1069 3005 1125 3033 int.
1151 3003 1254 3033 mentis
1279 3001 1418 3032 addictus
1448 3001 1544 3031 uelox
1583 3004 1633 3031 est
1671 3001 1711 3030 ad
1748 3002 1882 3031 subtilia

53 3070 193 3101 quaeque
241 3062 494 3100 inuestiganda.'
545 3063 604 3100 31)
632 3065 663 3092 et
688 3062 844 3099 pecuniae
870 3062 991 3091 seruire
1018 3065 1049 3091 et
1075 3070 1141 3099 sap.
1168 3058 1288 3103 γΒφ,Ο.
1319 3059 1387 3089 rell.
1408 3062 1439 3088 et
1457 3058 1541 3088 lucro
1560 3061 1590 3088 et
1609 3067 1678 3096 sap.
1729 3058 1785 3098 33)
1806 3058 1881 3088 Phi-

53 3118 151 3148 sicum
175 3119 252 3157 phil.
278 3117 321 3160 γΟ
346 3119 487 3159 (phys).

185 3189 340 3216 HAUTHAL,
357 3190 426 3211 Aca.
442 3190 481 3211 ET
498 3189 612 3211 ponpa.
629 3189 659 3210 11.
1575 3181 1607 3206 28

1916 895 1957 928 10

1917 1264 1957 1295 15

1915 1631 1956 1663 20

1913 2002 1954 2031 25

1911 2369 1952 2400 30
