2148 3412
204 919 245 952 10

205 1289 244 1321 15

203 1659 221 1689 2

204 2029 222 2060 ιζ)

227 2029 245 2060 ζῖἳ

226 1658 245 1689 O

271 117 351 158 55ss
900 125 1006 159 Aen.
1030 125 1091 158 ET
1115 124 1282 160 PORPH.
1307 124 1458 158 COMM.

1002 305 1357 350 PORPHYRION.

381 399 514 440 Flore.
574 396 780 453 Apparet,
828 397 939 439 hunc
983 394 1257 445 FLORVM,
1304 395 1492 438 comitem
1537 402 1576 438 et
1621 394 1873 438 familiarem
1916 393 2098 437 Neronis

271 471 454 528 [fuisse]
488 478 531 528 >et
560 470 818 527 efflagitasse
849 470 902 512 ab
933 469 1114 512 Horatio
1145 469 1346 519 carmina,
1379 476 1419 510 et
1448 484 1532 511 non
1562 469 1795 511 mittentem
1824 468 2098 524 increpuisse.
2122 506 2124 508 .

272 543 356 588 Cui
386 559 463 600 per
484 544 732 601 allegoriam
762 544 1023 600 respondens
1053 544 1132 586 hoc
1163 543 1386 600 significat,
1417 549 1502 584 tam
1533 542 1652 584 illum
1682 542 1835 584 iniuste
1855 542 1981 584 irasci
2002 541 2097 593 sibi,

269 633 394 673 quem
425 618 478 660 ab
508 618 628 659 initio
658 618 830 674 pigrum
861 617 915 659 ad
945 616 1214 659 scribendum
1245 617 1362 668 sciat,
1408 631 1536 672 quam
1567 617 1765 660 iniustam
1793 616 2005 659 uenditori
2046 615 2098 658 li-

269 701 352 734 tem
384 693 467 743 dat,
500 692 574 747 qui
603 691 834 748 fugitiuum
865 706 1032 734 seruum
1064 690 1201 732 sciens
1231 691 1389 732 emerit.
1465 690 1523 732 Et
1551 698 1637 733 tota
1667 692 1755 733 fere
1784 691 1889 733 haec
1920 689 2100 747 epistula

269 766 346 808 sub
377 766 456 808 hac
487 766 692 808 sententia
722 774 796 816 est,
843 766 1032 808 carmina
1063 780 1106 807 se
1135 764 1297 806 Romae
1327 779 1411 806 non
1440 764 1596 807 fiducia
1624 765 1787 821 ingenii
1818 764 1892 806 sed
1921 764 2100 820 penuria

269 840 330 880 rei
359 839 581 882 familiaris
612 840 843 896 scripsisse,
876 855 983 895 quae
1015 839 1243 895 scripserit,
1276 839 1524 893 praesertim
1563 854 1658 881 cum
1702 839 1746 880 in
1790 838 1915 881 turba
1957 837 2100 880 multis

271 914 617 970 occupationibus
649 921 845 970 poemata
885 913 1068 969 conponi
1111 928 1195 955 non
1240 913 1420 969 possint3
1465 927 1586 968 quae,
1630 920 1676 955 ut
1706 913 1818 955 bona
1862 913 1957 964 sint,
2004 927 2099 954 cum

270 1003 426 1044 magno
458 988 674 1044 scriptoris
711 988 897 1030 cruciatu
943 988 1025 1029 sint
1069 987 1291 1029 emendata
1321 987 1666 1043 (emendandafft).
1739 986 1813 1028 Ad
1842 994 2100 1043 postremum

270 1061 487 1117 phandum
518 1076 608 1104 esse
638 1062 778 1117 potius
809 1077 934 1117 quam
966 1060 1154 1103 carmina
1183 1061 1389 1102 facienda.

384 1138 422 1177 2.
454 1137 599 1192 Siquis
613 1137 713 1190 forle
727 1136 833 1178 uelit.
892 1133 1207 1192 Argumentum
1228 1150 1252 1176 a
1273 1135 1575 1191 conparatione
1610 1135 1820 1178 minorum
1851 1135 1904 1177 ad
1925 1135 2099 1186 maiora,

270 1210 385 1261 dicit,
416 1210 581 1265 philoso
611 1210 690 1252 hoc
721 1216 795 1260 est,
828 1224 1045 1251 seruorum
1077 1209 1131 1250 ad
1162 1209 1330 1251 amicos.

383 1287 421 1327 2.
452 1285 490 1326 3.
521 1293 664 1326 nalum
698 1285 842 1327 Tibure
873 1284 939 1326 uel
971 1283 1121 1326 Gabiis.
1180 1282 1299 1325 Bene
1333 1283 1494 1333 Tibure,
1526 1289 1569 1324 ut
1601 1297 1644 1325 se
1675 1283 1896 1339 significet.

384 1361 421 1400 3.
453 1362 509 1401 sic
541 1366 645 1414 agat.
688 1356 782 1400 *Sic
812 1357 1019 1413 loquatur.

383 1434 421 1475 3.
452 1434 493 1474 4.
524 1433 582 1474 Ιιῐσ
612 1441 648 1474 et
682 1432 901 1474 Candidus.
962 1431 1107 1473 Verba
1137 1438 1233 1473 sunt
1262 1431 1507 1473 uenditoris.

383 1508 421 1548 6.
461 1507 602 1548 Verna.
633 1505 765 1548 Domi
795 1506 1003 1562 natus.*·²¹÷)

384 1582 422 1639 δ.
454 1581 618 1636 arqilla.
679 1579 813 1622 Deest
843 1582 970 1636 quasi,
1002 1586 1045 1621 ut
1077 1579 1148 1621 sit:
1184 1582 1302 1635 qucase'
1330 1580 1494 1635 arqilla.

382 1641 479 1697 uda.
539 1653 592 1696 Id
622 1663 696 1705 est,
726 1654 856 1696 molli.
894 1681 903 1689 κ

385 1730 450 1771 10.
482 1729 617 1773 Malla
645 1729 765 1785 fidem
779 1729 980 1785 promissa
1001 1729 1152 1771 leuant.
1221 1726 1317 1769 Hoc
1350 1726 1554 1769 Horatius
1585 1741 1635 1770 ex
1667 1742 1741 1770 sua
1772 1741 1953 1783 persona
1983 1726 2119 1777 dicit„

269 1803 505 1854 ostendens,
538 1802 668 1844 multa
698 1802 1039 1858 promittentibus
1068 1801 1240 1844 omnino
1269 1817 1353 1844 non
1383 1802 1530 1844 haberi
1560 1802 1699 1853 fidem,
1732 1809 1770 1844 et
1791 1802 1974 1844 maxime
2005 1816 2117 1844 cum=

269 1877 487 1934 promittit,
518 1877 590 1932 qui
620 1877 755 1933 pretio
786 1884 827 1918 et.
856 1877 973 1918 lucro
1004 1876 1154 1927 studet,
1185 1876 1229 1917 id
1260 1883 1333 1928 est,
1364 1877 1408 1918 id
1439 1883 1512 1927 est,
1543 1871 1749 1919 uenditor.

385 1953 450 1994 11.
487 1952 647 1994 Laudat
674 1952 843 1994 uenalis.
903 1950 955 1992 Id
986 1957 1059 2001 est,
1092 1965 1250 1993 seruos.

385 2028 450 2068 12.
482 2027 561 2068 Res
592 2035 709 2081 αγρεε
738 2041 798 2068 me
827 2026 958 2067 nulla.
1016 2023 1151 2067 Deest
1179 2026 1248 2067 sed
1287 2033 1359 2067 aut
1403 2025 1505 2080 quid
1549 2025 1645 2077 tale,
1690 2032 1735 2068 ut
1779 2025 1853 2068 sit:
1900 2023 1988 2067 Sed
2032 2039 2098 2066 me

271 2100 387 2144 nulla
416 2115 483 2143 res
514 2107 650 2157 urget,
681 2109 726 2141 ut
756 2099 833 2141 tibi
863 2114 929 2141 me
961 2099 1142 2141 laudem.

382 2191 467 2218 meo
498 2190 587 2217 sum
609 2188 767 2231 pauper
794 2175 837 2215 in
868 2188 970 2215 aere.
1029 2172 1201 2228 Pauper
1230 2173 1401 2227 quidem
1432 2188 1537 2225 sum,
1583 2173 1731 2229 inquit,
1777 2173 1850 2215 sed
1881 2180 2021 2215 tamen
2051 2173 2094 2214 in

271 2263 364 2292 meo
396 2263 491 2291 aere
521 2264 605 2291 non
636 2249 680 2290 in
709 2248 847 2290 alieno
879 2263 971 2290 sum
1003 2248 1260 2299 constitutus,
1293 2247 1338 2289 id
1368 2254 1441 2299 est,
1474 2247 1577 2289 nulli
1610 2247 1836 2303 quicquam
1867 2247 2012 2289 debeo.

386 2324 450 2365 13.
480 2323 606 2367 Nemo
637 2323 710 2365 hoc
741 2337 996 2378 mmzyonum.
1063 2320 1214 2377 Neque
1245 2321 1467 2377 quisquam
1498 2336 1653 2378 mango
1689 2321 1766 2363 tibi
1795 2322 1900 2364 haec
1929 2321 2097 2372 faceret,

384 2468 538 2500 PORPII.
568 2470 619 2498 23.
646 2472 677 2498 et
701 2469 817 2498 ultima
841 2468 876 2497 R.
937 2468 972 2507 2)
998 2468 1029 2506 h.
1058 2468 1121 2498 flor.
1138 2467 1298 2508 ssassz'tassc
1322 2467 1385 2509 Βφ,
1412 2476 1472 2497 om.
1498 2467 1648 2497 comitem
1662 2484 1701 2488 -1-
1716 2467 1819 2497 fuisse
1845 2471 1885 2497 et.
1910 2465 2013 2497 fuisse
2037 2475 2096 2496 om.

271 2526 342 2556 MR.
391 2526 427 2565 4)
456 2527 558 2556 oratio
575 2525 619 2555 M.
646 2543 688 2546 —
714 2526 857 2555 mittente
884 2525 1066 2563 increpasse
1084 2525 1146 2567 Βφ.
1196 2525 1231 2564 5)
1255 2524 1299 2553 ita
1324 2525 1457 2561 iniuste,
1483 2534 1545 2554 om.
1573 2525 1664 2554 illum
1689 2524 1753 2567 Βφ.
1803 2525 1837 2564 6)
1863 2525 1975 2554 iniuste
2000 2525 2030 2554 2.
2056 2540 2097 2545 -

272 2584 353 2613 sciat
379 2584 463 2613 sicut
487 2583 541 2612 ille
566 2583 709 2612 iniustae
736 2583 886 2612 irascitur
911 2586 1026 2612 contra
1051 2582 1254 2612 uenditorem
1280 2582 1332 2620 qui
1358 2581 1534 2620 fugitiuum
1562 2591 1690 2612 seruum
1727 2582 1870 2611 euenerit
1906 2581 1943 2620 (l.
1971 2578 2096 2620 emerit)

272 2640 363 2669 illum
387 2639 452 2681 Βφ,
478 2649 536 2668 om.
563 2640 606 2669 Et
632 2657 673 2660 —
699 2639 857 2669 facienda.
923 2641 957 2679 8)
985 2641 1042 2669 sub
1068 2638 1199 2668 obsentia
1223 2637 1285 2668 2G.
1317 2640 1375 2669 sub
1400 2649 1420 2668 α
1443 2639 1500 2669 Ιιασ
1525 2640 1688 2669 sententia
1711 2639 1754 2668 M.
1792 2639 1849 2668 sub
1874 2632 1952 2668 aseii
1975 2637 2012 2668 R.
2062 2637 2096 2676 9)

272 2697 407 2735 penuria
431 2696 587 2726 familiam·
609 2696 652 2726 M.
679 2714 718 2718 ——
747 2697 872 2735 scripsit
893 2697 930 2726 R.
981 2696 1037 2735 10)
1065 2696 1186 2735 possint
1210 2696 1228 2724 2
1256 2699 1285 2726 et
1309 2695 1344 2733 R,
1372 2697 1425 2734 qui
1452 2696 1564 2726 habet:
1591 2697 1704 2726 multis
1729 2696 1879 2735 poematis
1904 2705 1968 2726 occ.
1995 2703 2095 2732 comp.

272 2763 313 2783 n..
330 2754 464 2792 possint.
489 2753 522 2782 M
547 2757 578 2784 et
604 2754 677 2783 edd.
704 2757 847 2792 possunt.
874 2763 955 2791 quae
980 2763 1045 2783 cum
1070 2753 1151 2783 bona
1178 2757 1250 2783 sunt
1277 2754 1306 2782 2.
1333 2762 1414 2792 quae
1437 2757 1469 2782 ut
1492 2754 1575 2783 bona
1600 2756 1672 2784 sunt
1697 2753 1797 2784 MRG.
1854 2753 1910 2792 11)
1936 2762 2007 2782 cum
2031 2759 2090 2781 scr.

271 2819 332 2839 ma.
360 2820 442 2839 cruc.
471 2820 521 2839 va.
585 2812 639 2850 13)
665 2804 786 2840 maiora
809 2809 935 2839 MRQG.
962 2810 1031 2839 rell.
1056 2811 1202 2842 maiores.
1266 2810 1320 2849 15)
1348 2813 1382 2839 ut
1407 2819 1441 2840 se
1466 2810 1576 2849 signif.
1605 2809 1683 2849 (sic)
1710 2810 1753 2839 M.
1779 2813 1814 2839 ut
1841 2809 2005 2848 significat
2029 2805 2094 2838 RG.

273 2871 307 2896 ut
324 2868 523 2905 significem.
543 2870 578 2896 ut
591 2867 748 2905 significet
763 2876 827 2896 eum
843 2866 989 2896 rusticum
1004 2866 1094 2896 vafh.
1115 2867 1193 2905 Tyb.
1212 2876 1262 2896 va.
1315 2867 1370 2906 18)
1397 2867 1573 2897 Dominatzcs
1589 2867 1693 2907 M(Q).
1714 2878 1774 2898 om.
1793 2866 1883 2897 vafh.
1933 2866 1992 2905 20)
2012 2865 2096 2896 nuda

273 2922 376 2952 MRG.
393 2923 707 2965 —1110112'bssc‚af11.
726 2924 795 2953 rell.
813 2922 924 2953 mollis.
976 2924 1034 2962 21)
1059 2923 1119 2953 Hic
1137 2923 1215 2954 Hor.
1233 2924 1369 2954 ostendit
1390 2925 1438 2960 fh,
1464 2934 1524 2956 om.
1555 2934 1595 2954 ex
1621 2934 1678 2954 sua
1701 2933 1784 2963 pers.
1810 2924 1898 2953 dicit.
1947 2922 2006 2962 22)
2032 2932 2095 2953 om-

274 2979 328 3008 nia
351 2979 444 3009 MRG
471 2979 583 3020 (expu.
611 2990 630 3010 a
649 2982 664 3010 1
683 2991 724 3010 m.
752 2982 785 3010 iu
811 2981 943 3019 marg).
975 2989 1035 3010 om.
1061 2979 1148 3010 vasli.
1182 2982 1306 3011 omnino
1332 2991 1391 3012 em.
1420 2981 1457 3017 Q.
1507 2981 1565 3021 23)
1591 2981 1714 3020 praetio
1738 2980 1773 3010 M
1798 2981 1828 3010 5.
1854 2980 1908 3010 hoc
1933 2984 1981 3010 est
2005 2978 2092 3010 vafh.

275 3033 333 3075 25)
358 3035 445 3065 deest
470 3046 552 3066 seru.
577 3036 693 3067 MR2G
719 3047 759 3067 ex
786 3047 852 3076 seq.
913 3037 971 3077 26)
996 3040 1032 3066 ut
1058 3037 1194 3075 laudeni,
1220 3047 1280 3068 om.
1304 3039 1366 3068 tibi
1398 3047 1458 3076 me,
1496 3037 1562 3068 afh.
1588 3047 1657 3076 urg.
1684 3037 1782 3068 menia
1807 3037 1885 3076 (sie)
1912 3037 2039 3067 laudem
2063 3045 2092 3066 v.

274 3092 331 3131 28)
356 3101 419 3122 non
444 3093 548 3123 alieno
573 3094 618 3125 M.
647 3104 717 3124 sum
743 3105 803 3125 0111.
831 3094 917 3124 vassi.
943 3112 985 3115 —
1010 3093 1183 3139 quidquam
1207 3094 1250 3124 M.
1276 3095 1306 3124 h.
1332 3096 1352 3124 1.

389 3148 421 3188 >ix‘)
447 3151 645 3180 emendanda
671 3161 730 3182 em.
756 3150 789 3182 C.
816 3152 993 3181 Hermann.
1041 3151 1097 3190 W)
1124 3153 1206 3183 conf.
1227 3152 1361 3183 Festus:
1390 3152 1522 3182 ‘ibidem
1548 3153 1666 3182 natus.⁷
