2148 3412
793 141 843 174 IN
867 141 1011 174 EPIST.
1036 142 1064 182 Ι,
1089 144 1141 174 20.
1796 130 1877 172 503

167 265 204 306 2,
229 272 400 320 prostes.
460 263 721 320 Proponaris
751 265 995 320 uenalisque
1027 265 1094 307 sis.
1155 266 1363 308 Sosiorum
1387 267 1549 322 pumice
1579 266 1767 307 mundus.
1827 264 1879 305 In

53 352 197 379 mensa
229 336 457 387 Sosiorum,
505 338 577 392 qui
611 337 775 380 Graece
809 339 1083 394 βιβλωπώλαι
1117 339 1352 395 [dicuntur]
1387 339 1668 394 adpellantur,
1714 338 1758 379 id
1803 344 1877 389 est,

53 411 291 454 uenditores
319 411 536 453 librorum.
596 410 716 453 Dicti
734 412 840 454 Sosii
865 428 889 454 a
919 412 1093 463 familia,
1125 427 1303 467 quorum
1333 428 1521 455 mensam
1551 413 1718 468 poetica
1747 412 1878 454 licen-

53 485 111 527 tia
134 486 338 541 pumicem
367 492 502 526 uocat.

164 559 202 600 3.
237 559 368 600 Odisti
394 559 530 600 claues
561 567 596 600 et
624 574 685 613 qr.
719 560 789 613 εἰς.
849 557 1004 608 Odisti,
1035 559 1183 614 inquit,
1222 559 1382 601 includi
1413 567 1452 600 et
1483 559 1558 601 sub
1591 559 1730 615 sigillo
1776 573 1878 601 esse.

50 633 211 690 pudico.
271 631 323 672 Id
344 639 417 682 est,
452 632 705 680 uerecundo,
738 631 935 687 quoniam
953 633 1098 688 pudici
1126 648 1200 674 sua
1222 633 1404 674 claustra
1424 633 1593 688 signare
1616 640 1880 675 consuerunt.

165 707 203 746 4.
236 706 384 747 Paucis
415 706 578 747 ostendi.
644 704 695 746 Id
726 712 804 746 est:
838 705 950 760 quod
981 721 1005 746 a
1036 706 1185 761 paucis
1215 706 1459 748 reuolueris.

165 779 202 821 5.
233 779 325 822 Non
354 780 409 820 ita
440 780 629 820 nzclrz'tus.
689 777 784 820 Non
815 778 873 820 ita
904 779 1155 835 conpositus,
1201 786 1246 821 ut
1289 780 1425 835 possis
1469 780 1531 821 ire
1575 780 1618 821 in
1666 780 1881 835 publicum

54 851 201 894 adhuc.

166 927 202 967 6.
234 926 324 968 Non
355 927 428 967 erit
459 927 597 968 emisso
628 926 710 968 red.
771 925 1003 981 Postquam
1033 928 1303 982 processeris,
1335 943 1420 969 non
1451 927 1607 983 poteris
1640 927 1809 984 corrigi.

165 1001 202 1040 7.
241 1000 350 1050 Quid
377 1000 512 1041 uolui?
571 999 633 1041 Ut
665 1000 681 1054 (
1091 1001 1128 1057 ):
1161 1002 1265 1052 Heu,
1298 1002 1393 1058 quid
1423 1002 1539 1043 uolui
1565 1003 1707 1043 misero
1738 1002 1855 1042 mihi!

167 1073 204 1114 8.
236 1073 287 1114 Ιη
320 1073 438 1115 breue
471 1082 504 1115 te
536 1076 631 1128 coyz'.
690 1072 849 1114 Plicari
879 1079 931 1114 te.

166 1161 257 1189 cum
281 1148 428 1203 plenus
451 1147 557 1201 lanq.
580 1162 656 1188 am,
720 1147 880 1196 Plenus,
911 1146 955 1187 id
986 1153 1058 1195 est,
1091 1147 1244 1191 ebrius.
1305 1147 1377 1189 An
1409 1147 1594 1199 satiatus,
1628 1163 1722 1189 cum
1752 1147 1883 1189 lector

53 1220 178 1277 piger
208 1227 267 1262 est
299 1220 353 1261 ad
382 1220 637 1276 legendum?

166 1298 203 1337 9.
240 1295 399 1346 Quodsi
426 1310 506 1337 non
538 1296 626 1336 odio
652 1310 738 1351 pec.
771 1295 848 1336 (les.
881 1309 973 1350 auq-
1032 1293 1085 1334 Id
1121 1300 1200 1336 est:
1248 1309 1340 1350 ego,
1374 1294 1446 1349 qui
1477 1309 1615 1350 augur
1646 1301 1743 1336 tuus
1776 1309 1880 1342 sum,

53 1369 96 1411 id
126 1376 200 1420 est,
231 1367 412 1419 diuinus,
444 1368 522 1409 tibi
551 1368 742 1423 peccanti
770 1367 1154 1430 futura—praedico,
1186 1383 1269 1409 non
1301 1367 1397 1410 odio
1428 1369 1490 1409 tui
1510 1368 1670 1423 loquar.
1734 1367 1883 1424 [Tam-

54 1443 126 1484 diu
156 1441 337 1499 (Romae
366 1440 457 1497 Βφ)
494 1456 615 1483 carus
646 1442 741 1492 eris,
788 1441 989 1497 quamdiu
1019 1441 1120 1483 noui
1149 1441 1249 1483 libri
1278 1441 1591 1497 pulchritudine
1622 1442 1884 1491 retineberis,

55 1523 95 1558 at
126 1515 199 1572 (Et
227 1515 317 1570 Βφ)
349 1530 443 1557 cum
474 1515 602 1557 fueris
634 1515 884 1565 sordidatus,
919 1530 996 1571 per
1025 1530 1268 1570 processum
1298 1516 1512 1571 temporis,
1545 1531 1668 1557 nemo
1704 1522 1742 1556 te
1764 1522 1884 1571 opta-

54 1589 115 1632 bit
144 1588 331 1646 (ornabit
360 1588 449 1644 Be)
481 1595 605 1644 atque
636 1589 843 1631 describet
854 1606 863 1639 3
897 1589 972 1631 sed
1002 1596 1075 1630 aut
1106 1588 1218 1630 carie
1250 1589 1521 1640 consumeris,
1554 1596 1623 1631 aut
1653 1590 1752 1630 fient
1773 1604 1824 1630 ex
1845 1596 1885 1631 te

55 1663 398 1719 opistographiae
430 1662 736 1719 epistolarum]
799 1665 902 1705 odio.
962 1661 1014 1702 Id
1045 1669 1118 1712 est,
1152 1662 1340 1704 stultitia.

168 1738 233 1779 10.
271 1737 401 1779 Carus
432 1732 510 1779 eris
541 1737 705 1787 Romae,
739 1738 862 1779 donec
895 1744 928 1778 te
960 1737 1039 1778 (les.
1070 1744 1190 1777 aetas.
1265 1735 1363 1777 Hoc
1393 1742 1476 1777 est:
1519 1736 1721 1790 quamdiu
1752 1751 1886 1778 nouus

57 1811 152 1853 eris.
212 1812 367 1853 deserat
398 1819 520 1852 aetas.
582 1809 741 1852 Prodat
778 1816 817 1851 et
854 1809 1068 1865 ingratum
1098 1809 1227 1851 faciat
1256 1816 1454 1852 uetustas.
1517 1809 1717 1852 Seruauit
1752 1817 1885 1851 meta-

55 1885 245 1941 phoram,
278 1883 400 1939 quasi
432 1884 484 1925 de
515 1883 736 1925 meretrice
757 1883 945 1938 loquens.

170 1960 233 1999 12.
265 1966 333 2000 aut
365 1959 487 2000 tineas
514 1973 656 2014 pasces
689 1966 764 1999 tac.
806 1958 955 1999 inertis.
1029 1956 1081 1998 Id
1112 1964 1193 1999 est:
1227 1964 1298 1998 aut
1343 1957 1456 1999 carie
1501 1957 1772 2010 consumeris,
1817 1964 1888 1999 aut

56 2031 155 2074 fient
185 2046 236 2074 ex
267 2039 306 2074 ῖθ
338 2031 643 2088 opistographa
674 2030 960 2087 epistolarum.

172 2246 204 2285 1)
231 2245 324 2284 Prop.
350 2263 392 2265 —
419 2245 461 2274 sis
487 2254 513 2286 γ.
539 2245 608 2274 1·θ11.
634 2253 693 2274 om.
720 2242 802 2274 conf.
824 2242 865 2273 C:
893 2242 1082 2281 proponaris
1107 2242 1244 2272 uenalis.
1295 2242 1329 2280 2)
1356 2242 1560 2280 appellantur
1583 2251 1608 2283 γ.
1627 2242 1695 2271 rell.
1722 2243 1885 2272 dicuntur.

59 2302 156 2333 schol.
182 2312 240 2333 om.
267 2303 297 2340 b,
336 2302 390 2340 qui
425 2305 553 2331 tantum
589 2300 705 2330 habet:
739 2309 883 2329 mensam
910 2298 1010 2338 (msa)
1039 2300 1206 2329 sosiorum.
1232 2299 1302 2328 loca
1327 2302 1400 2328 sunt
1424 2302 1484 2328 ete.
1549 2299 1583 2336 5)
1613 2298 1721 2328 Odisti
1747 2299 1813 2337 inq.
1840 2298 1881 2336 (s.

59 2359 123 2397 inq.
148 2359 182 2399 b)
209 2368 278 2388 esse
302 2359 351 2401 γὶ).
379 2359 494 2397 pudico
520 2376 560 2379 —
587 2361 783 2387 consuerunt
806 2357 854 2398 ⁴5b.
893 2356 978 2386 conf.
997 2354 1037 2386 C:
1064 2373 1107 2376 —-
1133 2356 1226 2392 ‘esse‚
1263 2355 1348 2394 quod
1373 2355 1501 2393 pudicis
1539 2360 1666 2393 gratum
1704 2364 1774 2384 esse
1812 2364 1888 2384 con-

60 2416 177 2453 sueuit,
214 2416 269 2454 qui
294 2415 425 2453 fugiunt,
462 2418 670 2452 conspectum
706 2414 892 2452 publicum.'
959 2414 992 2452 7)
1019 2413 1040 2442 i.
1068 2412 1152 2450 quod
1179 2421 1206 2442 a.
1240 2422 1270 2451 p.
1296 2412 1417 2441 reuolu.
1442 2421 1468 2453 γ.
1495 2412 1515 2441 i.
1542 2412 1618 2449 quia
1642 2412 1752 2449 paucis
1777 2420 1843 2440 reu.
1871 2411 1891 2439 b

63 2472 131 2502 rell.
157 2483 218 2502 om.
256 2472 336 2502 conf.
363 2472 431 2513 Βφε
466 2472 498 2500 ‘i.
524 2471 754 2509 incompositus
779 2481 810 2500 u.
836 2481 866 2509 p.
893 2472 913 2500 i.
939 2470 981 2500 αῖῑ
1003 2479 1058 2508 pu.
1084 2470 1210 2498 adhuc.'
1275 2470 1309 2508 8)
1336 2470 1408 2499 Non
1435 2486 1475 2489 -ν
1502 2469 1607 2497 adhuc
1631 2469 1668 2509 ‘sb
1696 2469 1887 2506 (publicum.

51 2528 130 2569 fuye
153 2538 218 2568 quo.
245 2529 374 2568 adhuc).
400 2529 468 2558 rell.
496 2538 555 2558 om.
608 2529 663 2567 10)
689 2528 865 2566 Postquam
890 2544 919 2548 ·—
958 2527 1075 2564 corrigi
1100 2527 1150 2567 Tb.
1175 2526 1245 2555 rell.
1270 2535 1329 2555 0111.
1382 2525 1436 2563 11)
1464 2524 1511 2554 Ut
1530 2543 1559 2545 —
1583 2525 1661 2554 mihi
1686 2525 1734 2566 γΙ).
1761 2525 1889 2554 heuheu

63 2595 91 2628 γ.
116 2587 178 2616 heu
203 2587 232 2616 b.
257 2587 326 2616 rell.
354 2596 414 2616 om.
465 2586 520 2625 12)
546 2585 664 2615 Plicari
691 2590 722 2615 ῖθ
746 2586 795 2626 γὺ.
822 2584 891 2614 rell.
917 2594 978 2614 om.
1045 2581 1101 2622 13>
1121 2582 1203 2621 plen.
1230 2581 1315 2619 lang.
1341 2591 1401 2613 am.
1429 2582 1551 2611 hebrius
1580 2591 1621 2610 an
1648 2582 1793 2611 satiatus.
1820 2590 1890 2610 cum

63 2660 104 2664 ——
128 2643 302 2682 legendum
326 2643 357 2672 b.
384 2660 426 2664 ——
452 2651 491 2672 an
529 2643 576 2683 ·{b.
601 2642 671 2671 rell.
710 2651 756 2671 ae.
782 2659 823 2662 ⁷<
851 2651 920 2671 cum
956 2642 1006 2683 yb.
1030 2640 1100 2670 rell.
1127 2649 1188 2669 om.
1254 2639 1308 2678 15)
1335 2638 1372 2667 Id
1398 2642 1446 2667 θεῖ
1471 2639 1526 2676 qui
1552 2647 1624 2676 aug.
1652 2647 1677 2679 γ.
1716 2639 1735 2666 i.
1761 2647 1812 2677 eyo
1836 2638 1890 2676 qui

64 2708 136 2737 aug.
162 2700 193 2729 b.
221 2700 290 2729 rell.
331 2699 379 2737 (et
404 2698 472 2741 Βφ)
512 2698 605 2733 Quod
632 2699 659 2727 si
686 2707 744 2736 ego
771 2707 883 2736 augur.
951 2698 1006 2736 16)
1033 2698 1054 2726 i.
1080 2695 1188 2726 diuin9
1216 2695 1298 2738 γΒφ.
1327 2706 1385 2725 om.
1412 2696 1441 2724 b.
1469 2695 1536 2724 rell.
1575 2695 1602 2724 i:
1623 2694 1781 2723 diuinitus.
1834 2694 1890 2733 16)

63 2755 174 2794 loquar
198 2756 279 2799 γΒφ.
305 2755 443 2784 Tamdiu
457 2773 495 2775 --r-
513 2755 720 2793 epistolarum
745 2764 802 2784 om.
830 2754 880 2795 γΙ).
932 2755 987 2793 17)
1014 2751 1248 2792 pulchritudine
1274 2751 1439 2781 retinueris
1462 2749 1498 2780 C.
1527 2750 1586 2788 (Qz
1613 2751 1690 2780 ‘Nos
1716 2760 1751 2779 ex
1775 2749 1889 2788 Porph.

66 2813 344 2851 emendauimus.‘)
394 2811 450 2850 20)
478 2812 498 2841 i.
525 2811 668 2841 stultitia
692 2811 741 2852 ’(1).
768 2810 838 2839 rell.
866 2819 926 2839 om.
975 2810 1033 2849 21)
1058 2809 1128 2839 Hoc
1155 2827 1194 2830 —
1220 2810 1354 2847 loquens
1379 2809 1427 2851 γῐ).
1446 2808 1514 2837 rell.
1539 2817 1599 2837 om.
1637 2807 1720 2836 conf.
1747 2805 1791 2836 C:
1829 2806 1890 2835 des.

65 2873 157 2899 aetas.
182 2869 297 2907 prodat
325 2886 363 2888 ᾈ
390 2873 546 2905 uetustas,
583 2868 642 2898 hoc
667 2872 726 2904 est,
756 2867 908 2905 quamdiu
933 2876 1006 2897 nou.
1035 2867 1106 2896 eris.
1132 2870 1270 2896 contrect.
1296 2865 1353 2895 ubi.
1380 2868 1485 2894 seruat
1507 2864 1648 2902 metaph.
1675 2873 1705 2901 q.
1732 2862 1771 2891 de
1793 2866 1892 2892 scorto

67 2925 220 2965 loquens.’
282 2926 341 2965 24)
368 2925 471 2956 cariae
496 2934 523 2965 γ.
585 2924 643 2962 25)
670 2922 933 2961 aepistograplme
949 2924 979 2953 b.
1004 2924 1235 2961 epstographae
1252 2922 1537 2964 ·(e1)ostogx·aphae
1562 2930 1590 2949 v.
1609 2919 1850 2958 opistograplme
1875 2929 1892 2948 c

67 2981 89 3013 f.
115 2982 371 3021 opistographiae
388 2983 420 3011 h.
452 2981 694 3020 opostroplcayae
712 2991 738 3010 a.
765 2979 1132 3010 EPISTOGRAPHAE
1166 2979 1219 3022 Βφ
1253 2980 1286 3008 in
1311 2988 1424 3016 marg„
1457 2976 1671 3015 epistografae
1697 2977 1731 3005 in
1756 2976 1889 3005 scholio.

69 3039 297 3078 epistographa
320 3038 354 3068 C.
380 3042 474 3069 recte.
514 3037 595 3068 conf.
620 3037 751 3075 Ulpian.
779 3037 813 3066 in
838 3036 939 3067 Pand.
965 3036 1127 3074 XXXVII,
1145 3037 1248 3073 11,4:
1278 3035 1305 3064 si
1341 3034 1373 3064 in
1408 3033 1618 3073 opistoyrapho
1654 3034 1725 3072 quis
1750 3035 1891 3062 testatus

69 3095 120 3127 sit.
146 3096 230 3126 Plin.
256 3095 294 3125 E.
322 3095 392 3134 VII,
421 3096 456 3126 5:
482 3096 583 3125 libros
609 3093 866 3133 opistographos.

1909 936 1948 968 10

1910 1304 1948 1336 15

1910 1673 1952 1705 20

1912 2042 1954 2072 25
