2148 3412
782 123 831 156 m
856 124 1000 158 Errs'r,
1025 125 1069 165 11,
1097 128 1129 158 2.
1785 119 1865 160 553

156 244 248 285 121.
281 245 448 286 Fundet.
478 243 624 288 Poeta.
684 247 832 290 Beabz‘l.
864 247 941 291 Ille
972 249 1130 292 scilicet
1161 257 1296 306 poeta.

155 318 247 358 122.
280 326 495 374 conpescet.
524 318 754 374 Reprimet.

152 391 441 433 Luoeurz‘antt'a.
501 390 737 448 Superflua,
773 393 1030 453 [redeuntia]
1064 397 1353 440 redundantia.
1414 401 1582 456 Aspera.
1614 399 1771 442 Verba.

155 465 246 506 123.
284 465 458 507 Leuabz‘t.
507 464 665 522 *Nitida
695 467 859 509 efficiet.

158 538 308 580 Virtute
339 541 530 581 carentia.
589 539 641 581 In
670 555 749 582 usu
780 542 928 596 posita.

151 613 244 654 123.
275 614 370 654 virt.
402 627 481 655 car.
513 614 630 655 tollet.
691 614 978 670 Temperabit,
1010 618 1204 672 perferet,
1237 619 1459 675 mitigabit.

151 687 243 726 124.
279 686 466 728 Luclemis
488 689 654 743 speciem
676 688 790 730 dabit.
853 687 973 730 Sicut
1002 691 1286 745 pantomimus
1315 692 1514 743 imitatur,
1547 693 1605 735 ita
1636 702 1759 749 poeta
1790 696 1864 737 ad-

38 758 249 801 similabit.
311 761 570 816 torquebitur.
601 760 1187 813 Ρο1111111111)11111·,“1·01111111111.’
1232 764 1440 819 Quamuis
1476 767 1620 809 ludere
1656 768 1863 820 uideatur,

36 838 176 874 tamen
206 832 394 881 laborem
427 835 621 876 ostendit.
685 837 733 878 Ue
763 838 840 892 qui.
870 836 1015 879 Poeta.

150 908 243 950 125.
275 908 475 966 Satyrum.
538 907 801 952 Saltatorem.
856 913 1021 954 Persius
1051 911 1124 968 (V,
1161 914 1283 969 123):
1317 915 1371 956 acl
1400 929 1588 958 monteros
1618 918 1751 973 satyri
1776 933 1860 959 mo-

35 996 158 1024 neare
174 982 363 1039 Bathylli.
426 981 570 1039 Satyri
600 998 734 1040 genus
765 984 982 1027 simiorum
1012 986 1119 1027 facie
1156 987 1383 1029 admodum
1415 996 1537 1044 grata
1569 996 1609 1031 et
1637 990 1863 1045 gesticula-

38 1056 90 1098 tis
110 1055 294 1098 motibus
316 1056 358 1097 in
395 1056 533 1112 quiete
565 1057 772 1113 (inquieta
805 1055 854 1100 C.
885 1057 1069 1114 Herm).
1129 1069 1324 1104 mouetur.
1358 1060 1505 1104 Saltat.
1571 1060 1748 1121 Cyclopa
1777 1080 1862 1108 mo-

34 1138 162 1173 uetur.
196 1129 233 1170 F
236 1130 403 1185 igurata
423 1130 598 1173 locutio:
630 1147 795 1174 ‘moneor
827 1133 939 1175 illam
970 1148 1065 1183 rem,
1097 1141 1141 1175 ut
1169 1136 1345 1191 sranyor
1370 1138 1524 1193 pedem.
1585 1136 1671 1190 Qui
1692 1153 1776 1181 non
1798 1139 1862 1181 in-

34 1204 237 1261 tellegunt
262 1204 365 1246 uitia
386 1220 475 1247 sua.
535 1204 624 1260 (De
635 1206 672 1261 Ρ)
694 1205 772 1257 1113,
805 1206 876 1261 qui
898 1206 1065 1262 sapiunt
1088 1214 1127 1249 et
1148 1209 1440 1252 emendatione
1471 1218 1730 1266 torquentur,
1753 1213 1862 1255 unde

35 1278 242 1321 subnectit
273 1285 312 1320 et
342 1278 541 1320 fabulam.

147 1354 240 1396 126.
272 1354 553 1396 Praetulerim.
612 1353 951 1409 Praeposuerim,
975 1355 1204 1412 exegerim,
1227 1356 1459 1400 maluerim.
1510 1357 1741 1402 Inridendo
1761 1360 1863 1403 haec

34 1427 102 1470 ait.
162 1426 259 1484 Ego
291 1428 475 1483 quidem,
508 1427 657 1483 inquit,
689 1442 832 1471 eorum
864 1428 994 1470 uitam
1024 1429 1310 1484 praetulerim.

147 1502 240 1543 127.
271 1502 388 1544 mala.
420 1501 634 1558 Dampna.
703 1503 768 1544 Vel
799 1503 964 1559 denique
993 1503 1157 1558 fallam.
1219 1502 1393 1546 Scilicet
1423 1512 1465 1547 ut
1496 1506 1608 1549 mala
1653 1522 1743 1550 esse
1788 1523 1861 1551 ne-

34 1575 174 1619 sciam.
236 1576 412 1618 Fallunt.
444 1575 689 1632 Decipiant,
722 1576 882 1619 scilicet
911 1591 990 1619 me.
1714 1568 1716 1570 V

147 1652 240 1693 128.
278 1652 411 1702 Quam
441 1666 581 1708 sapere
602 1660 639 1693 et
658 1652 775 1707 rinqz'.
835 1650 1015 1706 Proprie
1047 1666 1199 1693 canum
1220 1659 1293 1694 est.
1352 1651 1429 1695 Est
1452 1660 1589 1696 autem
1610 1656 1737 1710 rinye':
1766 1656 1861 1699 ficto

32 1724 118 1767 risu
149 1724 352 1766 laetitiam
384 1724 593 1767 simulare.
655 1726 746 1767 Fuz't
776 1725 888 1767 haud
916 1726 1102 1780 &nobilis
1135 1727 1266 1781 Arqe's.
1327 1725 1414 1768 Hic
1443 1726 1586 1783 Lycas
1618 1728 1766 1771 dictus.

147 1800 239 1841 134.
271 1801 384 1854 siquo
415 1800 522 1841 laeso
552 1814 632 1841 non
652 1801 725 1841 ins.
750 1799 925 1855 layenae.
988 1797 1107 1841 Sicut
1139 1801 1301 1843 Persius
1333 1800 1431 1857 (VI,
1466 1802 1538 1857 17)
1575 1818 1600 1844 a
1630 1804 1860 1847 contrario:

34 1881 70 1915 et
98 1874 258 1929 sz‘qmcm
286 1876 328 1915 in
358 1874 513 1930 uapz'dct
543 1888 643 1916 naso
676 1875 844 1929 tetzyz'sse
877 1873 1032 1928 laqena.

147 1948 240 1989 136.
273 1956 545 2003 coquatorum.
605 1947 960 2003 Propinquorum.

146 2023 344 2078 curisque.
377 2020 551 2063 Studiis.

146 2096 240 2137 137.
273 2110 443 2138 meraco.
476 2095 603 2138 Puro.

147 2170 238 2212 138.
272 2170 390 2212 Redit
410 2170 464 2211 ad
483 2185 536 2211 se.
594 2168 644 2210 In
666 2168 888 2224 pristinam
919 2168 1154 2212 sanitatem.
1214 2170 1354 2214 Amici.
1388 2170 1439 2213 O.

147 2291 179 2330 1)
206 2291 309 2322 beabit.
337 2292 391 2321 ille
416 2294 512 2330 poeta
538 2290 574 2321 C.
624 2291 659 2330 2)
687 2294 873 2330 compescet.
899 2291 1064 2329 Reprimet
1088 2291 1160 2330 b,C.
1209 2293 1244 2332 3)
1272 2294 1442 2323 redeuntia
1466 2294 1496 2323 b.
1516 2294 1643 2333 supersi.
1664 2294 1860 2325 reclamantia

34 2347 70 2380 C.
97 2349 257 2388 superflua
282 2350 321 2379 (10
340 2359 397 2380 3110
423 2350 565 2379 carmine
590 2349 772 2387 amputabit
801 2348 962 2389 [carmina
987 2347 1111 2389 cc'iput.)
1125 2349 1189 2392 1330.
1238 2350 1275 2389 4)
1303 2351 1407 2381 nitida
1432 2354 1463 2380 et
1490 2351 1587 2389 plana
1613 2351 1664 2381 eff.
1681 2350 1716 2381 C.
1767 2354 1801 2392 5)
1828 2354 1860 2382 111

32 2415 92 2437 11311
116 2415 166 2445 po.
192 2405 264 2444 b,C.
315 2406 349 2445 6)
376 2405 461 2435 tollet.
487 2409 586 2444 temp.
609 2405 751 2444 proferet
775 2406 922 2444 mitigab.
948 2407 976 2436 b.
1002 2406 1088 2444 tollet,
1115 2410 1211 2445 temp.
1231 2407 1315 2446 perf.
1341 2408 1411 2437 mit.
1440 2406 1475 2436 O.
1540 2407 1574 2446 8)
1601 2417 1659 2437 ass.
1686 2409 1716 2437 b.
1742 2412 1859 2448 torque-

33 2462 120 2493 bitur.
147 2454 391 2499 assimilabitur,
415 2472 514 2501 perm-
541 2466 611 2499 rot.,
637 2462 842 2501 fatigabitur,
869 2468 905 2493 ut
929 2463 1165 2501 sztomimus,
1191 2465 1246 2502 qui
1271 2474 1354 2494 nunc
1379 2467 1491 2494 tonsus
1510 2463 1631 2504 Satyri,
1656 2475 1740 2495 nunc
1764 2465 1860 2505 Poly-

32 2520 140 2559 phemi
167 2521 317 2550 saltantis
354 2524 489 2550 conatur
526 2521 707 2559 exprimere
744 2529 914 2558 personam
939 2520 975 2550 C.
1004 2538 1044 2542 ——
1071 2520 1227 2556 Quamuis
1263 2521 1364 2551 ledere
1401 2522 1572 2550 uideantur
1609 2522 1667 2560 (se.
1694 2521 1800 2561 Satyr.
1829 2526 1860 2552 et

33 2576 180 2617 Cyclop.)
205 2579 236 2608 b.
262 2577 387 2608 ludentis
410 2587 486 2616 spec.
514 2578 661 2616 quamuis
687 2577 795 2607 ludere
819 2578 976 2615 uideatur,
1014 2582 1036 2608 t.
1063 2579 1083 2607 l.
1110 2581 1172 2608 ost.
1200 2577 1236 2607 C.
1304 2577 1358 2616 10)
1386 2578 1475 2608 satiri
1501 2595 1542 2598 —
1568 2578 1665 2608 batilli
1692 2579 1721 2607 b.
1750 2578 1860 2618 Satyri

32 2651 75 2656 ——
98 2634 212 2665 Batilli
238 2634 274 2665 C.
337 2634 392 2673 12)
418 2639 561 2664 mouetur.
589 2635 688 2664 saltat
715 2633 750 2664 C.
777 2652 820 2656 „-
846 2634 976 2664 Lemma
1003 2633 1132 2674 cyclopa
1156 2639 1291 2665 mouetur
1316 2636 1493 2673 interposui
1530 2645 1600 2665 011111
1636 2634 1670 2673 O,
1709 2636 1761 2674 qui
1798 2646 1858 2666 om.

32 2692 126 2723 uerba
149 2702 269 2722 moneor
291 2692 376 2722 illam
399 2701 472 2722 rem.
498 2696 534 2722 ut
559 2692 590 2722 b.
618 2693 703 2722 sicut
729 2691 763 2722 C.
832 2692 887 2731 15)
914 2692 1092 2730 Praeposui
1114 2693 1144 2723 b.
1171 2703 1229 2723 om.
1257 2692 1294 2722 C.
1321 2710 1363 2713 —-
1390 2692 1526 2721 ridendo
1550 2692 1607 2721 hoc
1632 2691 1705 2722 dicit
1730 2692 1766 2730 C.
1798 2702 1858 2723 om.

24 2736 104 2790 ¹Ego
129 2750 414 2789 -—-·praetulerim.
440 2750 512 2793 Βφι
538 2749 728 2779 Pretulerim.
771 2749 806 2779 Id
825 2753 889 2779 est:
916 2751 1020 2789 magis
1047 2750 1204 2780 desidero.
1232 2750 1286 2779 Ex
1311 2759 1446 2787 persona
1470 2749 1548 2778 mali
1573 2752 1687 2787 poetae
1704 2750 1858 2787 loquitur,

34 2808 85 2846 qui
123 2808 187 2837 sibi
223 2807 328 2845 magis
353 2807 529 2845 complacet
554 2808 588 2836 in
613 2807 678 2836 suis
704 2807 897 2836 carminibus
923 2816 1017 2845 quam
1041 2810 1077 2836 ut
1102 2808 1244 2837 laborem
1269 2810 1411 2836 assumat
1447 2806 1487 2834 ad
1522 2806 1607 2835 bona
1643 2806 1861 2844 componenda

34 2867 65 2894 et
90 2868 139 2894 est.
163 2873 276 2894 sensus
302 2865 406 2902 magis
431 2864 506 2894 uolo
533 2873 602 2893 esse
628 2864 746 2894 stultus
773 2867 804 2893 et
828 2864 907 2893 meis
934 2865 1129 2894 carminibus
1153 2864 1247 2894 malis
1272 2863 1425 2892 'delectari
1451 2870 1545 2901 quam
1571 2863 1721 2901 supcrflu.
1748 2872 1859 2901 sapere

35 2924 67 2951 et
91 2922 244 2951 diuturna
268 2922 479 2951 meditatione
505 2921 693 2959 constringi.
761 2921 816 2960 17)
843 2921 924 2951 male
948 2922 978 2951 b.
1010 2922 1095 2951 mala
1119 2921 1154 2959 C,
1186 2921 1239 2959 qui
1264 2919 1526 2958 habetzsccllctnl.
1553 2919 1675 2949 lateant
1702 2919 1762 2959 (z
1778 2920 1858 2964 Βφ),

34 2978 77 3009 sic
101 2983 138 3009 ut
161 2988 202 3008 m.
229 2987 254 3008 0.
282 2988 313 3008 n.
364 2976 420 3018 18)
445 2978 558 3016 Decip.
586 2987 610 3008 3.
636 2986 685 3007 1110
710 2978 741 3007 b.
769 2987 828 3008 om.
844 2976 881 3008 C.
934 2978 988 3016 19)
1014 2978 1147 3016 Proprie
1171 2981 1284 3007 tantum
1308 2978 1337 3008 b.
1356 2976 1455 3015 pinsfl'.
1482 2976 1569 3014 ringi
1594 2986 1641 3015 pr.
1667 2986 1775 3007 ccmum
1799 2981 1858 3013 est,

34 3039 70 3066 ut
92 3036 194 3066 ridere
217 3036 394 3073 hominum,
421 3036 478 3065 sed
502 3035 555 3065 hic
580 3035 666 3073 tingi
692 3037 740 3064 est
766 3035 797 3064 fi.
827 3033 863 3064 C.
929 3035 987 3074 20)
1013 3035 1065 3064 1110
1091 3035 1169 3064 lz'cas
1195 3034 1303 3064 dictus
1328 3034 1358 3062 b.
1384 3033 1437 3062 hic
1462 3033 1566 3073 Lycas
1592 3033 1622 3062 d.
1648 3038 1690 3063 est
1714 3033 1750 3063 C.
1801 3033 1858 3072 22)

34 3092 166 3132 lagenae
190 3094 221 3123 b.
247 3093 362 3131 lagena
389 3092 413 3122 C
440 3097 471 3122 et
495 3092 587 3122 codd.
613 3092 727 3122 Persii.
753 3092 784 3121 h.
811 3091 832 3121 1.
859 3095 890 3121 et.
913 3091 970 3129 III,
997 3092 1048 3122 92.
1086 3091 1138 3121 Ad
1163 3101 1194 3121 11.
1220 3090 1303 3130 rinyi
1325 3090 1376 3133 Βφ
1402 3090 1487 3120 1111111
1511 3090 1630 3120 habent
1663 3091 1727 3120 nisi
1761 3090 1858 3120 inultis

35 3149 126 3179 curis.
174 3150 233 3189 26),
257 3149 336 3180 redit
358 3160 378 3179 α
401 3158 472 3180 sese.
500 3158 596 3180 sanus
620 3148 726 3180 factus
752 3153 810 3179 est.
837 3149 920 3179 redit
945 3149 986 3179 ad
1011 3152 1149 3179 mentem
1175 3147 1211 3177 C.
1239 3165 1279 3169 ——
1307 3157 1323 3177 o
1349 3147 1389 3177 ad
1415 3147 1496 3185 sign.
1523 3147 1716 3178 uocatiuum.

1891 927 1929 959 10

1891 1297 1930 1330 15

1888 1666 1929 1697 20
