2148 3412
244 128 324 169 584
880 137 986 171 ACR.
1013 137 1073 170 ET
1098 136 1267 172 PORPH.
1294 137 1443 171 coMM.

241 277 325 304 non
371 261 567 312 absurde,
614 267 659 302 ut
695 261 815 303 uerbi
849 261 987 318 gratia
1032 261 1213 304 κύλικα
1244 261 1388 304 dicunt
1421 260 1593 312 Graeci,
1637 276 1713 303 nos
1745 263 1916 304 calicem.
1975 260 2073 303 Hoc

242 335 488 377 translatum
522 335 573 376 de
607 333 799 385 Graecis,
834 335 906 376 sed
938 335 1164 377 moderate.
1227 335 1436 392 [Exponit
1467 344 1605 378 autem
1627 336 1678 377 de
1700 336 1841 377 uerbis
1862 334 2073 377 ueteribus

241 417 279 449 et
309 408 445 459 nouis,
478 408 647 462 quando
679 408 929 463 (quomodo)
961 409 1127 464 poetica
1156 409 1326 463 licentia
1355 410 1457 452 fiant
1468 427 1477 459 3
1524 425 1621 451 nam
1652 409 1805 464 aliqua,
1853 409 1950 451 licet
1978 408 2073 450 uul-

241 483 362 538 garia
393 483 488 533 sint,
521 482 623 524 dicit
654 489 794 524 tamen
826 497 875 524 ea
907 497 1002 524 cum
1032 482 1174 538 aliqua
1206 484 1506 539 compositione
1537 498 1660 540 posse
1691 482 2015 540 splendescere]

173 567 191 597 Ξ»
354 558 419 599 53.
453 558 609 599 cadant.
642 556 861 600 Oriantur.
918 573 1040 614 parce
1072 559 1240 600 detorta.
1301 557 1552 600 Verecunde
1586 557 1678 614 [et],
1724 556 1951 607 moderate,
1997 555 2072 597 ab·

240 630 442 672 stinenter
472 630 785 688 ob[trans]lata.

354 706 419 745 53.
454 706 518 747 54.
551 706 647 762 quid
668 715 802 748 aulem
828 706 996 748 Caecilio
1018 705 1252 762 Plautoque.
1315 704 1461 758 Quare
1491 705 1743 762 negauerint
1762 704 1944 746 Romani
1966 702 2075 746 Ver-

241 777 344 833 gilio
377 786 417 819 et
447 778 593 830 Vario,
637 779 749 835 quod
781 786 1079 821 concesserunt
1109 779 1293 834 antiquis
1324 779 1472 835 poetis,
1517 779 1561 819 id
1593 786 1666 830 est,
1712 793 1822 821 noua
1852 777 1983 820 uerba
2012 778 2075 819 fa-

240 853 363 893 cere?
422 851 481 893 Et
509 854 589 895 hoc
621 853 735 901 dicit,
781 869 866 895 non
902 853 1003 908 quia
1032 860 1308 910 negauerunt,
1356 853 1428 895 sed
1474 853 1594 907 quasi
1640 867 1808 894 causam
1854 866 2074 907 quaerens,

178 936 215 967 10
244 941 452 981 quaenam
484 934 592 969 esset
622 927 742 978 ratio,
776 927 810 969 si
841 927 1073 969 uoluissent
1101 942 1271 984 negare.

353 1002 418 1042 54.
453 1002 518 1043 55.
550 1002 661 1043 dabit
690 1002 900 1044 Romanus
931 1002 1160 1058 ademptum
1188 1002 1358 1056 Verqilz'o
1387 1002 1595 1058 Varioque.
1654 1000 1764 1042 Nam
1801 1001 1837 1042 si
1866 1000 1941 1042 hos
1971 1014 2070 1055 pro-

238 1074 366 1125 hibet,
399 1089 478 1116 nec
508 1075 592 1117 illis
623 1075 793 1117 licuisse
825 1075 1094 1117 demonstrat.
1156 1074 1290 1116 Dabit
1321 1090 1401 1131 pro
1431 1075 1547 1116 dedit
1577 1082 1615 1116 et
1647 1074 1863 1116 concessit.
1924 1074 2076 1115 Roma-

239 1163 328 1190 nus.
358 1147 557 1203 Auditor.
619 1150 857 1206 ademptum.
891 1148 1019 1202 Quod
1050 1149 1197 1191 adimit
1241 1149 1363 1191 nobis
1407 1149 1542 1204 poetis
1588 1155 1659 1190 aut
1702 1155 1843 1205 negat.
1914 1148 2076 1203 Verqz'lt'o

245 1222 450 1279 Varioque.
523 1224 719 1265 Caecilius
750 1231 845 1265 ante
880 1223 1122 1280 Vergilium
1154 1230 1192 1265 et
1223 1222 1403 1265 Varium
1433 1222 1530 1272 fuit3
1563 1222 1657 1264 ideo
1689 1222 1803 1273 dicit,
1835 1221 2076 1277 Vergilium

174 1308 212 1338 15
239 1303 280 1337 et
310 1295 491 1337 Varium
521 1296 628 1338 nihil
658 1312 781 1352 posse
814 1297 968 1348 dicere,
1002 1297 1114 1352 quod
1144 1297 1206 1338 illi
1237 1312 1321 1339 non
1352 1297 1566 1339 dixissent.
1638 1296 1758 1353 Ergo
1789 1302 1953 1351 oportet
1983 1295 2076 1337 illos

238 1384 440 1425 quaerere
471 1386 582 1412 noua
612 1371 755 1413 uerba.

352 1445 417 1486 55.
451 1445 516 1486 56.
551 1461 618 1501 eqo
651 1460 737 1494 cur,
774 1446 988 1501 adquirere
1015 1461 1145 1502 pauca
1166 1446 1212 1488 Sz‘
1224 1460 1407 1503 possum,
1437 1447 1631 1487 mm'deor.
1711 1444 1809 1501 Ego
1841 1444 1875 1486 si
1905 1458 2077 1500 possum

237 1532 345 1559 noua
374 1518 506 1560 uerba
527 1520 666 1561 facere
688 1519 810 1570 bene,
844 1534 917 1561 cur
938 1518 1192 1574 prohibeor?
1251 1519 1303 1561 Id
1334 1526 1415 1561 est:
1448 1534 1532 1561 non
1562 1518 1802 1575 prohibeor.
1862 1520 2076 1576 adquirere

232 1607 381 1648 pauca.
442 1591 564 1634 Noua
595 1593 747 1644 facere,
782 1593 894 1648 quia,
929 1592 964 1634 si
995 1607 1046 1634 ex
1079 1591 1246 1635 Graeco
1278 1593 1319 1634 in
1343 1593 1547 1635 Latinum
1578 1593 1734 1635 fuerint
1755 1593 1959 1643 deriuata,
1991 1606 2076 1634 non

171 1678 213 1710 20
239 1679 335 1707 cum
366 1665 530 1722 ingenti
560 1667 731 1709 licentia
762 1667 1053 1709 transferenda
1084 1674 1191 1709 sunt.
1250 1668 1446 1710 inuideor.
1493 1666 1606 1708 Mire
1639 1666 1833 1724 [autem],
1879 1667 1979 1708 dum
2023 1667 2076 1708 de

237 1740 447 1796 fingendis
488 1740 630 1783 uerbis
674 1741 929 1797 loqueretur,
977 1741 1208 1783 secundum
1241 1739 1431 1783 Graecos
1462 1741 1553 1796 ipse
1583 1741 1704 1782 finxit
1736 1741 1935 1799 [effinxit]
1966 1741 2075 1783 inui-

239 1815 346 1856 deor.
410 1814 645 1872 [Inuz‘deor]
678 1816 723 1857 id
754 1822 828 1867 est,
860 1815 1066 1858 inuidiam
1097 1815 1256 1871 patior3
1288 1830 1388 1857 nam
1418 1815 1613 1858 inuideor
1633 1822 1813 1873 negatur
1833 1830 1955 1871 posse
1977 1814 2074 1865 dici,

239 1895 311 1929 aut
341 1889 539 1940 imez'deor,
571 1889 814 1945 prohibeor.

358 2022 388 2061 1)
413 2026 448 2052 ut
474 2023 564 2053 uerbi
591 2024 700 2062 gratia
719 2019 897 2054 ΚΥΛῙΚωΝ
926 2024 1037 2054 dicunt
1061 2025 1147 2062 greci
1172 2033 1228 2054 nos
1253 2024 1396 2053 culicem.
1425 2024 1484 2053 hoc
1509 2023 1705 2053 translatum
1731 2024 1770 2053 de
1795 2024 1918 2062 graecis
1943 2027 1988 2053 set
2009 2033 2075 2053 mo-

239 2078 349 2108 derate
374 2089 399 2120 γ.
426 2084 462 2110 ut
486 2079 567 2118 quod
591 2079 708 2110 Gracei
733 2077 780 2110 κύ
791 2076 884 2111 λικα
910 2081 1032 2118 dieunt,
1070 2090 1128 2110 nos
1154 2079 1274 2109 calicem
1298 2078 1375 2115 th.
1404 2084 1437 2109 ut
1462 2079 1547 2109 uerbi
1566 2080 1671 2119 qratia
1697 2104 1703 2110 .
1731 2103 1737 2109 .
1765 2103 1771 2109 .
1798 2084 1878 2118 spat.
1903 2090 1972 2110 uae.
2001 2102 2006 2108 .
2034 2103 2041 2110 .
2067 2102 2074 2109 .

239 2136 352 2165 dicunt
379 2137 487 2173 graeci
513 2146 570 2166 nos
597 2137 728 2166 culicem
756 2147 780 2166 r.
808 2141 842 2166 ut
867 2137 953 2166 uerbi
972 2136 1076 2176 qratia
1099 2131 1217 2166 κύλικα
1247 2136 1359 2166 dicunt
1396 2135 1521 2175 Graeci⁷
1559 2146 1616 2167 nos
1654 2137 1784 2167 calicem
1822 2137 1855 2167 C.
1892 2137 2075 2168 Notandum

241 2196 349 2222 autem
376 2197 437 2231 est,
462 2197 568 2223 totum
594 2194 653 2224 hoc
679 2193 778 2223 schol.
805 2203 868 2223 om.
894 2193 955 2223 NX
979 2193 1065 2223 Med.
1094 2198 1124 2223 et
1150 2203 1180 2230 v,
1220 2194 1288 2223 eius
1314 2194 1383 2223 loco
1409 2195 1463 2232 qui
1488 2198 1637 2232 repetunt
1662 2194 1752 2231 illud,
1781 2194 1864 2233 quod
1890 2196 1954 2224 iam
1980 2203 2076 2232 supra

240 2249 281 2278 ad
306 2259 335 2278 u.
363 2250 405 2279 47
432 2250 607 2291 dederant:
635 2250 794 2287 ‘Exponit
820 2268 857 2271 --
886 2250 1131 2288 splendescere!
1166 2249 1289 2280 Scholii
1314 2259 1389 2288 pars
1414 2251 1514 2280 altera
1539 2252 1572 2280 in
1596 2251 1680 2281 Med.
1705 2261 1741 2281 ca
1767 2251 1888 2281 differt:
1916 2252 2018 2281 ‘Noua
2043 2261 2074 2280 u.

238 2306 260 2337 f.
286 2307 318 2336 h.
347 2307 450 2343 fidem,
477 2316 536 2336 om.
564 2307 583 2335 i.
612 2307 850 2345 probationem,
877 2325 919 2328 --
945 2317 992 2346 gr.
1018 2308 1110 2337 uerbi
1135 2312 1270 2338 contorta
1292 2308 1422 2344 fuerint,
1449 2312 1485 2337 ut
1510 2308 1594 2346 quod
1620 2309 1727 2347 graeci
1751 2306 1927 2339 κώνωπα
1952 2309 2075 2345 dicunt,

241 2372 298 2392 nos
324 2363 478 2393 culicem.’
506 2381 546 2384 —«
572 2363 642 2393 Hoc
669 2382 707 2384 ἡ
734 2364 896 2394 moderate
922 2374 947 2406 γ.
976 2366 1123 2395 rell.01n.
1189 2366 1225 2405 2)
1249 2369 1356 2395 autern
1382 2374 1442 2394 om.
1466 2364 1534 2400 th
1558 2366 1619 2395 hoc
1643 2365 1720 2402 1000,
1747 2369 1781 2395 ut
1805 2375 1914 2396 omnes
1938 2365 2010 2395 libri
2035 2364 2076 2394 ad

238 2429 268 2449 u.
295 2421 348 2456 47,
376 2421 430 2449 ubi
456 2430 488 2450 r:
516 2420 672 2459 Exponet.
722 2422 757 2460 4)
784 2421 858 2451 dicit
879 2422 934 2451 hic
958 2423 1076 2452 habent
1101 2422 1149 2452 illi
1175 2422 1258 2459 libri,
1286 2422 1448 2460 superiore
1474 2423 1542 2452 loco
1577 2432 1636 2452 om.
1663 2432 1773 2453 omnes
1805 2426 1934 2462 praeter
1965 2432 1989 2451 r.
2039 2421 2074 2460 5)

240 2477 356 2506 cadant
385 2476 537 2507 Oriantur
562 2488 588 2519 γ.
615 2478 738 2508 cadent.
765 2479 906 2508 orientur
931 2478 967 2511 C.
993 2479 1062 2508 rell.
1089 2489 1149 2509 oin.
1176 2496 1217 2500 ψ
1245 2483 1276 2508 et
1301 2489 1360 2509 om.
1387 2489 1413 2521 γ,
1444 2479 1498 2518 qui
1524 2479 1638 2509 habet:
1676 2480 1800 2509 detorta.
1839 2480 1878 2509 de
1903 2483 1973 2510 orta
1998 2478 2074 2518 (sic)

239 2542 340 2563 uei-ec.
368 2534 450 2563 mod.
477 2535 558 2564 abst.
585 2535 701 2565 oblata.
727 2534 813 2570 th:
839 2535 1026 2565 Verecunda
1051 2540 1079 2565 et
1101 2536 1186 2566 mod.
1213 2536 1378 2566 translata.
1402 2536 1471 2565 rell.
1497 2546 1558 2567 om.
1623 2537 1657 2575 7)
1683 2542 1883 2575 negauerunt
1905 2535 1993 2578 «sNx.
2020 2544 2075 2564 ne-

240 2594 352 2629 garent
391 2590 427 2620 C.
465 2591 535 2621 rell.
576 2591 779 2630 negauerint.
847 2592 881 2630 8)
908 2592 989 2622 Varo
1013 2593 1086 2630 N‚v.
1112 2592 1242 2623 varroni
1264 2593 1302 2622 X.
1329 2598 1536 2624 concesserunt
1559 2593 1665 2635 ·(‚th.
1702 2597 1927 2624 consenserunt
1953 2603 1978 2622 r.
2005 2591 2074 2622 rell.

239 2647 394 2677 dedeo-wne.
422 2647 504 2677 conf.
532 2648 601 2690 Bap:
629 2647 692 2677 Cur
716 2649 825 2687 inquit
850 2659 913 2679 non
939 2659 1109 2680 concessum
1134 2654 1184 2680 est
1210 2650 1327 2680 Plauto
1354 2655 1386 2680 et
1410 2650 1542 2687 Cecilio,
1570 2651 1654 2689 quod
1679 2660 1742 2680 non
1767 2651 1844 2680 licet
1879 2650 2008 2688 uirgilio
2046 2650 2076 2677 et

239 2714 328 2734 uaro.
356 2714 438 2734 noua
463 2706 532 2734 scil.
560 2706 659 2735 uerba
685 2705 815 2744 fingere.
865 2704 901 2747 9)
928 2707 1003 2745 quia
1027 2716 1091 2737 non
1117 2717 1142 2749 γ.
1170 2716 1232 2737 non
1259 2708 1334 2746 quia
1359 2717 1385 2739 r.
1413 2707 1491 2747 quod
1512 2717 1576 2737 non
1600 2707 1685 2736 Med.
1713 2707 1783 2737 rell.
1812 2717 1874 2738 non
1899 2707 1993 2746 quod.
2019 2715 2074 2736 ne-

239 2765 393 2799 gauerunt
416 2761 472 2803 γΧ.
499 2761 689 2801 negauerint
712 2773 736 2793 r.
764 2762 832 2792 rell.
861 2772 1028 2801 negauere.
1081 2764 1136 2803 10)
1161 2765 1245 2794 ratio
1270 2773 1329 2794 om.
1355 2774 1381 2807 γ.
1438 2765 1495 2804 11)
1521 2764 1662 2802 prohibet
1677 2763 1862 2806 (Romanus)
1879 2774 1960 2794 omn.
1986 2763 2073 2793 libri.

240 2818 400 2855 prohibent
425 2818 591 2859 (Romani)
620 2819 657 2855 Q.
688 2819 846 2858 Equidem
873 2820 1079 2858 interponens
1105 2821 1222 2851 lemma
1246 2821 1328 2851 dabit
1350 2839 1393 2842 —
1426 2821 1571 2860 Varioque
1595 2822 1668 2851 lect.
1694 2822 1784 2859 uulg.
1812 2821 1951 2851 seruaui.
1972 2819 2077 2859 probet

240 2874 280 2904 X.
334 2876 389 2913 12)
414 2885 469 2914 pro
495 2876 585 2905 dedit
612 2880 644 2906 et
670 2887 759 2906 conc.
788 2886 813 2918 γ.
842 2877 910 2906 rell.
939 2887 998 2907 om.
1064 2879 1119 2917 13)
1143 2878 1286 2909 Auditor
1309 2889 1336 2921 γ.
1363 2879 1433 2908 rell.
1460 2888 1520 2908 om.
1548 2877 1640 2913 Quod
1665 2896 1707 2900 -—
1734 2883 1827 2916 neget
1851 2877 1907 2921 3⁷‚C
1935 2876 2074 2916 (negat).

244 2930 298 2970 14)
324 2933 406 2962 nihil
433 2943 525 2971 posse
550 2943 609 2963 non
634 2934 747 2971 dicere,
775 2935 860 2973 quod
886 2935 936 2964 illi
963 2935 1032 2964 dix.
1060 2935 1098 2970 Q.
1152 2934 1205 2977 16)
1231 2936 1301 2974 Ego
1327 2945 1354 2977 γ.
1382 2935 1450 2965 rell.
1477 2945 1535 2965 om.
1566 2935 1593 2965 si
1619 2953 1661 2956 Q
1686 2945 1750 2966 non
1774 2935 1946 2974 prohibeor
1969 2943 1995 2976 γ.
2013 2943 2073 2963 om.

240 2987 432 3026 G(Qf),1·vca.
459 2991 540 3020 bene
564 2992 667 3021 facere
693 2991 739 3021 fh.
766 2992 784 3020 i.
811 3001 871 3021 non
895 2992 1068 3030 prohibeor
1092 3001 1119 3034 γ.
1146 3002 1207 3022 01n.
1233 2992 1281 3031 fh,
1308 2993 1361 3032 qui
1387 2996 1546 3031 pergunt:
1573 2991 1642 3027 Que
1669 3001 1709 3022 ex
1736 2991 1879 3021 Graaeca
1903 2992 2017 3030 lingua
2042 2991 2073 3019 in

240 3044 387 3075 Latinam
414 3046 459 3076 fu.
489 3048 554 3077 der.
581 3066 622 3069 „-
649 3052 734 3078 sunt.
800 3047 855 3088 19)
881 3053 987 3079 autem
1011 3058 1071 3079 om.
1097 3056 1123 3091 γ.
1149 3048 1178 3077 X
1202 3049 1288 3079 Med.
1316 3048 1509 3088 G(Q)‚1·vea.
1535 3048 1675 3087 loquitur
1707 3047 1823 3090 -sN‚rC.
1860 3048 1930 3078 rell.
1966 3047 2074 3085 loque-

239 3106 327 3132 retur
354 3102 571 3141 (loquaeretur
596 3106 664 3143 va).
730 3106 788 3144 20)
814 3105 947 3144 effinxit
972 3106 1032 3136 NX
1056 3105 1139 3135 Med.
1166 3106 1274 3138 vcafh.
1340 3107 1397 3145 21)
1422 3106 1563 3136 Imcicleor
1588 3106 1721 3136 iteratur
1747 3106 1779 3134 in
1805 3114 1830 3147 γ.
1858 3105 1926 3134 rell.
1967 3105 1999 3134 id
2024 3106 2073 3133 est

241 3169 314 3189 naui
341 3161 491 3191 inuideor
516 3166 570 3192 aut
599 3162 746 3193 inuideor
772 3162 849 3202 (sie)
878 3164 967 3202 proh.
994 3163 1052 3205 «sN.
1080 3162 1148 3193 rell.
1176 3172 1250 3194 nam
1277 3164 1406 3194 inuideo
1429 3173 1502 3202 neg.
1529 3173 1559 3202 p.
1583 3163 1613 3192 d.
1639 3166 1694 3192 aut
1721 3163 1784 3194 inu.
1810 3162 1902 3200 proh.
1929 3160 2013 3192 conf.
2032 3158 2066 3189 C:
