2148 3412
214 133 297 174 384
856 141 962 174 Aen.
990 143 1049 174 nr
1074 142 1241 173 romu-1.
1269 142 1416 174 COMM.

328 270 364 309 2.
401 267 608 310 Claudius.
639 265 766 308 Nero.
825 265 1010 322 Auqusu'.
1043 263 1253 308 Caesaris.
1313 265 1461 308 laboro.
1492 264 1716 308 Desidero.

327 342 365 383 3.
396 355 482 383 uos.
514 338 689 383 Scilicet
718 348 917 382 moratur.

328 415 574 471 Hebrusque.
605 413 795 456 Fluuius.

330 486 478 545 [niuali
497 488 691 544 compede.
739 487 789 528 Id
822 493 896 538 est,
929 487 1098 544 glaeie]

148 571 167 601 5
328 562 367 602 3.
403 561 625 603 Thracane.
688 558 854 603 Graece
885 561 1024 616 posuit
1055 575 1132 615 pro
1168 561 1350 602 Thracia.

333 634 522 691 Conpede.
583 633 696 687 Quia
725 634 885 676 tardior
915 642 976 675 est
1004 641 1166 676 meatus
1195 634 1337 688 niue*)
1370 633 1584 676 stridendo
1631 634 1928 691 (stringente?)
1972 648 2048 690 per

215 708 410 751 hiemem.

329 784 367 824 4.
397 784 517 838 freta.
549 782 886 838 Hellespontum.

330 858 487 899 uicz'nas
516 858 623 899 inter
646 871 756 899 curr.
778 857 916 898 turris.
979 855 1131 912 [Inter]
1166 855 1318 897 Seston
1350 862 1390 897 et
1420 853 1620 911 Abydon,
1651 861 1697 897 ut
1727 855 1919 897 Lucanus
1951 852 2048 909 (VI,

150 940 193 973 10
219 931 313 987 55):
350 932 424 973 Tot
446 940 614 988 potuere
644 945 791 972 manus
822 931 1043 985 adz'unqere
1074 930 1210 971 Seslon
1235 930 1386 986 Abydo.
1449 930 1600 971 Turres
1621 929 1727 970 dixit
1748 929 1823 971 has
1845 927 2048 978 ciuitates,

217 1004 318 1059 quia
348 1004 391 1045 in
423 1004 507 1046 alto
539 1011 634 1046 sunt
663 1004 838 1060 positae.
899 1002 996 1044 Hae
1028 1003 1219 1044 ciuitates
1250 1002 1533 1058 Hellesponti.
1611 1001 1701 1044 Aut
1731 1009 1842 1045 certe
1872 1017 1950 1058 pro
1978 1017 2050 1044 ur-

217 1078 344 1120 bibus
377 1087 510 1120 turres
540 1078 659 1119 dixit.
1364 1086 1384 1095 ⁵

332 1154 367 1193 6.
406 1153 513 1203 Quid
534 1153 711 1194 studiosa
735 1152 888 1193 cohors.
947 1150 1150 1201 Literata‚
1183 1149 1395 1191 laboriosa
1415 1149 1549 1191 Drusi
1569 1149 1694 1206 legio.
1754 1149 1804 1191 Id
1825 1156 1904 1192 est:
1941 1147 2051 1191 Volo
2111 1148 2115 1162 ¹

217 1225 338 1276 seire,
372 1225 434 1282 [id
457 1225 550 1282 est,]
585 1226 687 1281 quid
718 1225 829 1281 legio
860 1224 999 1274 faeiat,
1037 1231 1107 1265 aut
1140 1223 1344 1280 [studiosa
1365 1224 1525 1266 cohors.
1587 1222 1815 1266 Cohortem
1844 1224 1941 1265 fam.
1964 1221 2050 1264 Ne-
2110 1215 2115 1245 ¹

151 1309 192 1342 15
218 1296 352 1356 ronis]
385 1300 605 1342 studiosam
637 1300 835 1341 cohortem
865 1297 1033 1339 uocauit
1062 1297 1267 1339 familiam
1296 1296 1526 1348 Neronum,
1559 1312 1666 1353 quae
1697 1297 1885 1339 earmina
1914 1298 2052 1340 facere

217 1372 435 1429 diligebat.
496 1372 606 1414 Nam
638 1380 727 1414 erat
758 1371 956 1413 Tiberius
987 1371 1201 1412 literarum
1234 1371 1405 1412 amicus.

332 1461 498 1504 operum
537 1449 686 1489 struit?
714 1446 787 1489 hoe
819 1460 970 1501 quoque
1011 1460 1120 1486 curo.
1203 1442 1451 1486 Carminum
1498 1445 1581 1501 (ut)
1624 1444 1760 1487 maius
1804 1459 1909 1500 opus
1953 1443 2052 1487 sub-

218 1535 380 1563 moueo.

333 1597 368 1636 7.
405 1595 505 1646 Quis
526 1596 602 1636 sz'bz'
618 1609 682 1636 res
702 1602 845 1649 orestas.
907 1592 1143 1635 Historiam
1175 1592 1290 1642 dicit,
1323 1599 1394 1633 aut
1423 1592 1556 1648 ipsius
1586 1591 1773 1649 Augusti
1803 1606 1870 1635 res
1899 1598 2051 1648 gestas.

151 1677 193 1711 20
333 1670 370 1711 8.
403 1677 437 1710 et
459 1684 594 1726 paces.
654 1667 775 1710 Noue
813 1668 985 1719 dietum,
1033 1682 1127 1709 eum
1161 1665 1442 1708 Grammatici
1483 1674 1639 1723 negent
1681 1666 1835 1722 plurali
1878 1680 2052 1709 numero

218 1742 437 1785 declinari.

334 1817 524 1873 diffundit
554 1818 594 1857 ιη
627 1819 799 1858 aeuum?
854 1815 1091 1856 Memoriae
1121 1815 1260 1856 tradit.

333 1891 370 1931 9.
407 1891 514 1941 Quid
535 1891 673 1931 Tile‘us.
735 1889 935 1946 [Deridet
956 1889 1115 1930 Titium
1137 1895 1318 1943 poetam,
1343 1888 1414 1943 qui
1435 1887 1669 1930 Pindarum
1693 1885 1922 1938 Graecum,
1953 1902 2052 1943 pro-

358 2025 390 2062 1)
416 2024 500 2054 Nero
527 2042 567 2045 —
594 2023 742 2054 Caesaris
768 2024 815 2066 ᾗ).
843 2023 914 2054 rell.
943 2033 1004 2052 om.
1031 2040 1070 2043 —
1098 2022 1258 2052 Desidere
1281 2021 1372 2063 ybs).
1400 2022 1469 2052 rell.
1496 2031 1556 2052 om.
1621 2022 1656 2061 2)
1681 2022 1815 2052 Fluuius
1839 2031 1865 2063 γ.
1891 2021 1961 2052 Flu.
1987 2024 2053 2052 tra-

220 2081 288 2111 ciae
312 2081 342 2110 b.
368 2081 436 2110 rell.
463 2090 523 2110 om.
572 2081 608 2119 4)
632 2079 732 2110 niuali
756 2097 794 2101 -—
821 2080 921 2118 glacie
947 2089 1007 2109 om.
1025 2078 1093 2122 ·s,C.
1119 2080 1193 2109 niue
1218 2080 1363 2109 strictus.
1428 2079 1462 2118 5)
1495 2079 1617 2109 Thraca
1642 2088 1690 2118 gr.
1710 2079 1840 2118 protulit
1861 2075 1970 2122 θρηκὴ
1995 2087 2052 2116 pro

219 2137 293 2168 Thr.
321 2137 357 2168 C.
386 2137 577 2176 ‘Hebrusque
605 2138 708 2176 suppl.
727 2140 873 2172 moretur,
901 2133 964 2167 ἀπὸ
989 2135 1108 2167 κοινοῦ.
1133 2135 1250 2165 Hebrus
1276 2140 1381 2166 autem
1408 2140 1457 2166 est
1482 2136 1640 2166 Thraciae
1665 2145 1754 2166 mons
1781 2140 1812 2166 et
1836 2136 1964 2166 fluuius’
1992 2139 2052 2165 etc.

218 2194 253 2224 C.
282 2212 321 2215 -κ
350 2195 510 2224 Traclmne
535 2194 613 2233 (sic)
641 2202 752 2232 graece
778 2203 829 2231 po.
857 2203 912 2231 pro
938 2193 1057 2223 trachia
1081 2202 1106 2235 γ.
1149 2193 1291 2222 Tracane
1327 2203 1383 2231 pro
1419 2193 1532 2223 traciae
1563 2194 1593 2223 b.
1619 2194 1689 2223 rell.
1714 2202 1773 2222 om.
1838 2193 1872 2232 6)
1898 2195 2003 2222 meatu
2025 2201 2052 2234 γ.

218 2255 335 2281 meatus
358 2261 390 2281 n.
418 2255 458 2281 st.
483 2261 539 2290 per
565 2251 636 2281 ieffi.
662 2252 693 2279 b.
719 2251 790 2280 rell.
817 2259 878 2279 om.
943 2250 979 2288 8)
1005 2249 1148 2287 Hellesp.
1175 2250 1212 2291 *sb
1239 2249 1401 2288 (helesp.)
1429 2250 1497 2280 rell.
1523 2260 1584 2280 om.
1621 2249 1705 2280 conf.
1733 2249 1774 2279 C:
1812 2250 1884 2279 ‘hoc
1910 2253 1973 2278 est:
2012 2257 2053 2278 an

217 2309 447 2347 Hellespontus
478 2309 602 2339 detinet
635 2312 677 2337 te.
739 2307 774 2345 9)
802 2306 900 2337 turris
930 2316 958 2349 γ7
996 2311 1032 2336 ut
1056 2306 1080 2335 P
1105 2306 1216 2336 Ambr.
1250 2310 1343 2336 terres
1367 2307 1456 2336 Harl.
1482 2307 1569 2336 ‘2724
1598 2308 1612 2336 1
1639 2316 1694 2344 m.,
1731 2306 1845 2345 Regin.
1872 2306 1889 2335 2
1916 2315 1957 2335 m.
1981 2305 2052 2335 rell.

219 2370 249 2396 et
274 2365 353 2395 Hor.
381 2369 413 2395 et
438 2365 514 2395 Aer.
542 2369 652 2394 turres.
690 2364 834 2403 Longius
860 2364 975 2393 lemma
989 2362 1079 2402 fieta
1099 2381 1137 2383 —
1156 2366 1236 2393 turr.
1263 2364 1435 2401 dispescui.
1472 2363 1559 2393 Inter
1584 2373 1646 2394 om.
1672 2364 1710 2405 *fb
1737 2367 1768 2393 et
1793 2373 1824 2400 v,
1851 2363 1905 2401 qui
1936 2362 2050 2401 habet:

218 2423 330 2452 Vicina
360 2423 446 2452 inter
472 2422 564 2453 sext&
587 2427 619 2452 et
642 2421 758 2451 Abidfi.
837 2420 951 2450 abidon
972 2438 1004 2440 -V
1021 2419 1116 2450 abido
1141 2420 1260 2462 7b,vfh.
1287 2416 1408 2462 Σηστὸν
1432 2418 1486 2451 καὶ
1507 2417 1641 2462 Ἄβυδον
1666 2419 1759 2450 Hom.
1787 2420 1823 2449 Il.
1842 2419 1882 2457 11,
1903 2419 1965 2448 836
1993 2421 2052 2448 ete.

222 2481 277 2519 10)
303 2479 465 2520 ezdiuuyere
488 2479 579 2522 -(b‚C.
604 2480 672 2508 rell.
695 2478 860 2508 adducere.
889 2495 927 2498 -—
956 2481 1056 2507 sartos
1082 2476 1175 2507 abido
1199 2487 1231 2506 v.
1258 2477 1376 2506 Turres
1410 2494 1440 2497 -
1471 2478 1594 2516 positae
1630 2479 1678 2518 γῐ).
1705 2477 1774 2506 rell.
1800 2485 1859 2507 om.
1897 2475 1982 2507 conf.
2010 2474 2051 2504 C:

220 2538 346 2567 ‘turreis
372 2546 427 2575 pro
453 2537 585 2566 urbibus
611 2536 819 2573 Hellesponti
846 2534 976 2573 posuit.'
1014 2533 1089 2572 quia
1113 2534 1143 2563 b.
1170 2543 1248 2572 quae
1272 2543 1298 2575 γ.
1323 2534 1393 2563 Hae
1419 2551 1459 2554 —
1486 2535 1573 2564 dixit
1597 2543 1624 2576 γ.
1650 2534 1718 2563 rell.
1744 2543 1804 2563 om.
1842 2532 1911 2562 NB.
1943 2531 1997 2562 Ad
2021 2542 2052 2561 u.

220 2596 237 2625 5
265 2596 296 2624 in
321 2604 338 2636 γ
364 2594 442 2624 haec
468 2598 543 2623 sunt
568 2603 586 2623 a
615 2595 628 2622 1
656 2604 696 2622 m.
723 2593 902 2631 adscripta:
929 2591 1137 2621 interdictum
1162 2591 1236 2620 hinc
1263 2591 1395 2624 dietum,
1423 2594 1458 2620 ut
1482 2590 1577 2628 Verg.
1606 2589 1643 2620 G.
1669 2590 1694 2627 1,
1712 2590 1790 2629 103)
1808 2603 1852 2618 Ξ
1870 2588 1911 2619 C:
1938 2592 1965 2618 et
1986 2588 2053 2627 ipsa

218 2661 290 2681 suas
315 2651 466 2681 mirantur
495 2651 640 2690 Gurgsara
663 2659 778 2679 qzzesseS.
805 2649 873 2678 rell.
900 2658 960 2677 om.
998 2649 1154 2678 mirentur
1179 2648 1333 2678 Ribbeck.
1372 2647 1453 2677 conf.
1479 2647 1604 2677 Nonius
1630 2648 1704 2684 380,
1735 2647 1784 2676 11.
1850 2646 1906 2685 13)
1930 2653 2012 2675 coors
2037 2653 2054 2686 γ

218 2708 315 2738 Bern.
343 2707 371 2738 G
397 2712 457 2738 etc.
483 2707 590 2738 choors
607 2707 635 2736 A
652 2706 771 2735 Bernn.
800 2705 857 2734 BD
877 2710 936 2735 ete.
963 2705 1018 2734 alii
1045 2705 1164 2735 cohors.
1191 2705 1256 2734 litt.
1284 2705 1347 2734 lab.
1373 2704 1470 2734 Drusi
1495 2704 1580 2742 legio
1604 2702 1693 2745 ·sb‚C,
1719 2703 1774 2741 qui
1798 2703 1907 2732 addit:
1934 2703 1968 2732 in
1992 2709 2053 2740 qua

218 2765 330 2795 cohors
357 2768 425 2794 erat
451 2764 612 2802 praetoria
638 2764 676 2792 de
703 2762 825 2791 familia
850 2762 1020 2799 Neronem,
1048 2762 1103 2799 qui
1128 2762 1310 2791 litterarum
1337 2765 1428 2790 erant
1455 2764 1601 2790 amantes
1632 2760 1702 2789 rell.
1730 2769 1791 2789 om.
1843 2760 1898 2797 14)
1924 2758 2054 2788 uocauit

218 2831 243 2862 γ.
271 2822 338 2850 rell.
366 2831 425 2850 om.
451 2821 590 2850 Neronis
616 2819 696 2856 dicit,
735 2829 815 2857 quae
849 2818 885 2853 Q.
953 2819 1008 2857 lss)
1034 2818 1111 2856 Tyb.
1138 2817 1246 2847 veafh.
1298 2819 1354 2858 13)
1379 2818 1459 2847 Volo
1478 2835 1518 2838 —-
1536 2817 1657 2846 amicus
1681 2817 1729 2858 γὶ).
1756 2816 1825 2845 rell.
1852 2816 1989 2845 habent:
2014 2814 2052 2844 Id

220 2883 268 2907 est
297 2896 333 2897 ψ
361 2883 415 2908 aut
442 2879 588 2908 studiosa
613 2877 737 2907 cohors.
775 2875 924 2905 Cohortem
950 2875 1106 2905 familiam
1131 2875 1263 2905 Neronis
1288 2883 1368 2913 quae
1397 2892 1432 2895 --
1462 2875 1594 2903 amicus.
1620 2872 1665 2908 Q:
1691 2872 1763 2902 <licit
1786 2881 1868 2911 quae
1893 2876 1952 2901 etc.
1979 2880 2052 2900 zare

219 2935 327 2963 laboro
347 2934 382 2963 C.
435 2936 489 2973 17)
517 2933 706 2964 Cal-minum
732 2951 761 2953 —-
781 2941 964 2963 summoueo
990 2942 1016 2973 γ,
1043 2933 1183 2962 addens:
1209 2932 1262 2962 hoc
1286 2941 1399 2970 quoque
1422 2940 1505 2961 curo.
1532 2931 1571 2960 b:
1598 2928 1703 2960 Carni.
1729 2933 1761 2958 ut
1781 2938 1842 2958 ma.
1870 2937 1920 2966 op.
1939 2936 2049 2957 moueo.

219 2992 288 3020 rell.
316 3001 374 3019 om.
440 2992 494 3030 19)
520 2991 701 3021 Historiam
716 3007 754 3012 —
775 2994 894 3028 gestas.
958 2989 1017 3028 20)
1044 2989 1134 3019 Noue
1153 3007 1193 3010 —
1212 2989 1366 3018 declinari
1391 2987 1482 3029 ‘sb‚C.
1508 2987 1570 3026 pir.
1588 2981 1817 3025 :pluraliter
1842 2985 1996 3014 declinari
2020 2985 2050 3023 b,

221 3048 289 3076 rell.
315 3057 374 3076 om.
400 3047 432 3077 in
456 3048 572 3085 plurali
599 3046 636 3076 C.
702 3048 760 3086 ⁶22)
784 3046 958 3076 Memoriae
983 3047 1083 3075 tradit
1110 3045 1179 3087 ⁴420.
1204 3046 1274 3075 rell.
1300 3054 1360 3074 om.
1411 3044 1468 3083 23)
1494 3043 1588 3074 ticius
1613 3053 1640 3084 γ,
1678 3047 1710 3073 et
1735 3042 1785 3072 AJ
1810 3042 1928 3072 Bernn.
1953 3040 2050 3070 DEF.

221 3104 315 3133 Fran.
341 3104 443 3133 Titius
468 3105 487 3133 b
513 3104 623 3133 Ambr.
659 3108 718 3133 etc.
758 3108 788 3133 et
820 3102 919 3138 vcaQ.
957 3102 1070 3141 Tityus
1095 3102 1142 3132 fh.
1169 3101 1305 3132 Deridet
1331 3119 1370 3122 -’
1396 3100 1568 3130 transferre
1594 3110 1654 3129 om.
1680 3101 1727 3141 γὶ).
1777 3098 1811 3138 *)
1837 3099 1987 3129 stridente
2011 3096 2048 3127 C.

220 3160 394 3197 Hermann,
422 3160 478 3190 sed
503 3160 561 3190 nix
586 3160 714 3190 stridens
739 3170 801 3190 non
828 3163 875 3190 est
901 3168 1027 3198 conpes.
1053 3158 1161 3197 Atque
1187 3159 1225 3188 de
1251 3162 1357 3188 meatu
1382 3157 1535 3195 fluminis,
1562 3166 1627 3188 non
1653 3156 1815 3187 hominum
1840 3155 1959 3194 agitur.
