2148 3412
186 946 224 979 10

182 1313 223 1346 15

182 1681 224 1714 20

251 139 332 180 524
878 146 984 180 ACR.
1008 146 1069 179 ΕΤ
1092 145 1261 179 PORPH.
1288 145 1436 178 COMM.

363 273 456 314 240.
489 272 592 314 alius
613 272 794 328 Lysszo.
854 269 951 312 Hoc
982 278 1055 321 est,
1087 270 1194 312 alius
1226 284 1351 325 quam
1369 268 1600 324 Lysippus,
1632 276 1671 310 et
1697 275 1759 311 est
1778 283 1887 317 noua
1906 267 2072 310 locutio·

362 347 455 385 244.
493 346 692 386 Boeotum.
767 343 817 384 Id
850 351 923 393 est,
971 343 1200 398 quemlibet
1230 357 1280 384 ex
1310 342 1499 384 Boeotia.
1572 341 1723 384 Boeoti
1766 342 1936 384 hebetes
1980 347 2075 383 sunt

249 418 381 459 habiti
415 416 474 474 [et
505 418 578 472 qui
610 418 706 458 inde
739 417 873 459 exorti
904 417 1032 473 sunt]‚
1071 416 1190 471 quasi
1224 417 1331 473 βοῶν
1358 416 1441 456 ὦτα
1464 414 1640 471 ἔχοντες.
1703 414 1763 466 Si,
1794 415 1943 470 inquit,
1975 415 2074 457 sub-

248 492 376 532 tiliter
407 492 666 533 discerneres
698 491 897 541 carmina,
931 490 1092 532 diceres
1122 491 1327 539 Boeotum,
1364 488 1408 529 in
1440 503 1579 531 crasso
1602 503 1698 530 aere
1729 496 1886 539 natum,
1918 488 1962 529 id
1992 495 2072 530 est:

250 565 438 606 carmina
468 571 700 620 poetarum,
742 578 849 618 quae
881 571 1080 618 putantur
1110 563 1292 613 subtilia,
1339 563 1551 604 inuenires
1583 562 1784 619 grossiori
1815 562 1909 604 stilo
1941 569 1981 603 et
2009 561 2075 603 in-

249 639 422 680 honesto
454 638 692 693 conscripta
725 637 994 693 (conposita).

361 716 461 766 †††.
525 711 767 752 Dolendum
798 717 871 760 est,
905 725 999 751 cum
1030 711 1109 751 hoc
1140 709 1298 751 scholio
1320 709 1434 750 exire
1456 709 1656 750 eximium
1677 715 1864 750 nostrum
1887 708 2075 750 codicem

249 801 284 840 γ,
331 785 398 826 cui
427 783 612 826 Acronis
645 782 950 826 Commentarii
982 790 1143 824 tantum
1175 782 1339 824 debent.
1399 782 1641 824 Dicendum
1678 789 1817 823 autem
1846 788 1920 832 est,
1969 796 2076 824 com-

249 868 424 900 mentum
469 860 579 900 Artis
620 859 808 914 poeticae,
856 871 962 912 quae
994 856 1037 897 in
1081 856 1159 898 hoc
1205 856 1362 904 codice,
1406 862 1451 896 ut
1481 856 1525 896 in
1555 855 1748 911 plurimis
1778 862 1876 896 uett.
1907 854 2077 897 Horatii

249 932 382 983 libris,
422 933 578 988 Epodos
609 931 837 987 praecedit,
877 924 1049 986 'integra
1080 934 1290 971 continere
1322 929 1492 980 scholia,
1540 943 1648 984 quae
1680 929 1756 971 sub
1787 928 1971 971 Acronis
2001 943 2076 970 no-

249 1006 362 1047 mine
391 1007 591 1047 feruntur.

363 1080 599 1122 245—247.
632 1081 683 1120 At
712 1093 834 1134 neque
865 1078 1103 1119 dedecorant
1125 1102 1164 1107 ——
1196 1077 1304 1132 Verq.
1345 1077 1435 1118 Var.
1463 1085 1609 1133 poetae.
1670 1075 1812 1118 Ordo:
1858 1083 1902 1117 ut
1932 1076 2075 1117 dilecti

249 1152 326 1193 tibi
347 1152 564 1208 Vergilius
584 1151 809 1205 Varusque
839 1165 975 1205 neque
998 1151 1121 1205 (non)
1144 1150 1398 1192 dedecorant
1426 1157 1497 1191 tua
1528 1150 1579 1191 (le
1601 1164 1644 1191 se
1674 1150 1843 1191 iudicia.
1902 1165 2073 1192 munera

250 1241 360 1283 quae.
420 1225 558 1266 Multa
590 1240 686 1266 cum
715 1225 839 1266 laude
870 1224 1010 1265 decies
1039 1223 1234 1275 tulerunt,
1284 1233 1509 1279 propterea
1553 1223 1651 1278 quia
1681 1224 1766 1264 iam
1798 1223 1976 1279 singulis
2006 1223 2072 1264 his

250 1300 480 1341 donauerat
510 1298 723 1354 Augustus
753 1297 892 1339 decies
923 1297 1171 1339 sestertium.

366 1374 459 1414 248.
484 1387 561 1429 per
591 1387 715 1414 aenea
747 1374 872 1427 sayna.
938 1370 1024 1412 Per
1053 1371 1131 1412 hoc
1161 1371 1409 1412 Alexandro
1439 1370 1681 1426 Augustum
1712 1370 1908 1426 praefert.

363 1447 456 1488 251.
489 1446 682 1502 Repentes
706 1460 784 1502 per
814 1445 992 1486 humum.
1051 1444 1260 1493 Humiles,
1292 1444 1409 1485 uiles.
1471 1442 1656 1486 Satiram
1687 1444 1801 1495 dicit,
1847 1458 1954 1499 quae
1998 1444 2075 1486 hu-
2114 1503 2116 1505 ‚
2146 1452 2148 1456 ⁴

249 1519 339 1561 mili
370 1520 463 1561 stilo
495 1519 599 1561 solet
629 1519 829 1560 enarrari.
889 1527 1030 1574 qeslas.
1091 1517 1143 1558 Id
1173 1524 1247 1568 est,
1279 1524 1384 1559 tuas.

363 1595 457 1635 252.
490 1595 583 1636 253.
617 1608 731 1635 arces
762 1594 964 1637 Montibus
995 1595 1101 1648 mpo.
1163 1592 1260 1633 Hoc
1290 1599 1369 1633 est:
1413 1605 1519 1646 quae
1551 1606 1645 1632 cum
1675 1591 1885 1633 montibus
1916 1591 2075 1646 inposi-
2131 1643 2133 1645 ‚

249 1673 315 1708 tae
346 1674 495 1718 essent,
526 1674 666 1708 tamen
697 1682 721 1708 a
752 1674 791 1707 te
822 1673 970 1721 captae
1002 1672 1110 1707 sunt.
2131 1654 2133 1664 ¹

363 1742 457 1783 253.
490 1742 583 1783 254.
616 1742 768 1796 tuisque
786 1742 999 1797 Auspiciis.¹
1057 1739 1212 1780 Finitis
1243 1738 1352 1779 enim
1388 1738 1508 1780 bellis
1532 1736 1691 1780 Caesar
1711 1729 1880 1780 ianuam
1904 1739 2075 1794 (Ianum

252 1812 301 1856 C.
325 1814 496 1871 Herm.)
529 1815 736 1857 clauserat
766 1821 804 1856 et
835 1827 984 1870 pacem
1015 1813 1166 1854 intulit.
1228 1813 1420 1867 confecta.
1452 1811 1644 1854 Peracta.

366 2021 398 2059 1)
426 2030 509 2051 noua
531 2020 621 2062 7b,C.
648 2021 718 2050 rell.
744 2025 823 2050 nota.
889 2021 923 2060 2)
949 2021 968 2050 i.
995 2019 1170 2058 quemlibet
1196 2029 1237 2049 ex
1262 2018 1360 2048 boetia
1385 2019 1433 2059 Tb.
1459 2019 1495 2048 de
1518 2019 1627 2049 boetia
1651 2020 1714 2062 Βφ.
1743 2020 1856 2050 durum
1882 2021 2013 2059 ingenio
2039 2019 2075 2050 O.

249 2078 318 2108 rell.
345 2087 404 2108 om.
466 2078 500 2117 3)
528 2081 559 2107 et
586 2078 640 2116 qui
666 2078 741 2107 inde
768 2088 808 2107 ex
833 2078 895 2107 orti
922 2080 1000 2106 sunt
1024 2076 1099 2110 th.
1137 2077 1208 2105 hab.
1235 2076 1289 2114 qui
1316 2076 1422 2105 exorti
1448 2079 1525 2105 sunt
1549 2086 1575 2105 c.
1600 2076 1673 2106 hab.
1700 2077 1776 2115 quin
1799 2077 1930 2117 lacuna)
1968 2078 2076 2108 exorti

250 2133 381 2172 (exorta
406 2134 439 2173 a)
466 2138 542 2164 sunt
565 2143 615 2163 va.
654 2135 744 2172 quasi
771 2128 948 2164 ΒΟωΝυη-οι
974 2132 1177 2163 EXONTES
1201 2142 1226 2174 γ.
1265 2132 1356 2170 quasi
1392 2132 1471 2162 boco
1507 2132 1593 2162 Nata
1629 2133 1705 2172 (sic)
1744 2138 1878 2164 exontes
1913 2134 1944 2163 b.
1982 2134 2076 2173 quasi

249 2188 333 2232 βοῶν
360 2187 427 2221 ὦτα
453 2188 580 2233 ἔχοντες
607 2189 642 2220 C.
670 2192 741 2220 rell.
769 2201 830 2220 om.
857 2207 900 2211 ——
926 2188 959 2219 Si
986 2190 1090 2228 inquit
1115 2207 1155 2210 ψ
1183 2190 1363 2227 conscripta
1385 2199 1412 2231 γ.
1438 2190 1528 2227 regio
1554 2191 1705 2219 subtilem
1731 2194 1836 2220 utrem
1861 2191 1968 2220 habet.
1996 2190 2074 2220 Sen-

249 2257 303 2277 sus
330 2251 387 2277 est.
415 2248 442 2276 si
468 2247 544 2284 (om.
571 2248 693 2287 inquit)
720 2248 803 2277 subt.
830 2248 909 2276 disc.
936 2247 1077 2276 carmina
1105 2255 1186 2284 quae
1222 2249 1379 2284 putantur
1415 2246 1559 2283 subtilia,
1597 2247 1756 2276 inuenires
1793 2257 1848 2277 cm·
1885 2247 1974 2286 (nou.
1999 2247 2073 2286 lin.)

248 2305 325 2333 siori
352 2304 427 2333 stilo
454 2308 484 2333 et
510 2305 684 2334 inhonesta
708 2304 867 2342 composita
884 2304 913 2333 b.
939 2303 1020 2333 conf.
1036 2303 1103 2345 Βφῑ
1132 2302 1257 2332 ‘Boetia
1282 2303 1371 2340 regio
1397 2303 1548 2333 subtilem
1574 2301 1749 2345 acitenuem
1772 2313 1873 2333 aerem
1896 2304 2004 2334 habet.
2030 2304 2074 2334 Et

250 2364 298 2390 est
323 2370 446 2390 sensus.
473 2361 499 2390 si
525 2362 630 2399 inquit
655 2362 806 2390 subtilem
833 2361 1068 2397 discretionem,
1108 2369 1170 2398 qua
1195 2360 1308 2397 polles,
1346 2360 1613 2397 accommodares,
1651 2370 1668 2389 o
1695 2364 1843 2399 auguste,
1881 2361 2074 2390 carminibus

248 2422 428 2455 poetarum,
462 2418 584 2447 diceres
609 2418 767 2446 hominem
792 2417 912 2446 boetum
937 2418 969 2446 iu
995 2426 1100 2446 crasso
1126 2425 1196 2445 aere
1221 2420 1332 2446 natum
1358 2417 1378 2445 i.
1406 2417 1548 2446 carmina
1584 2420 1765 2455 poetarumy
1802 2427 1883 2456 quae
1919 2421 2074 2455 putantur

248 2483 319 2504 esse
357 2475 487 2504 subtilia
523 2475 688 2503 inuenires
718 2474 873 2512 grossiori
899 2474 975 2503 stilo
1001 2478 1032 2503 et
1058 2474 1230 2503 inhonesto
1256 2482 1325 2502 esse
1351 2474 1546 2511 composita.'
1612 2474 1667 2512 12)
1695 2473 1783 2504 Ordo
1811 2492 1851 2494 —-
1878 2475 2074 2505 dedecorant

247 2531 267 2560 b
292 2534 324 2560 et
348 2529 382 2568 C,
410 2532 464 2569 qui
489 2532 597 2560 uerbis
620 2540 678 2560 non
703 2530 768 2560 cled.
794 2531 900 2560 addit:
929 2533 997 2560 ‘tua
1021 2531 1059 2559 de
1086 2539 1119 2559 se
1145 2530 1212 2559 iud.
1240 2530 1310 2560 ete?
1338 2530 1407 2559 rell.
1433 2540 1494 2559 om.
1521 2531 1602 2560 conf.
1618 2530 1687 2572 Βφῑ
1716 2530 1763 2559 ‘de
1786 2539 1817 2560 se
1840 2530 1902 2560 iud.
1929 2531 1967 2559 de
1992 2531 2073 2570 illis,

246 2596 325 2616 uaro
350 2587 417 2617 scil.
445 2591 475 2617 et
498 2588 640 2625 uirgilio.
665 2588 704 2616 At
725 2597 827 2626 neque.
854 2587 904 2617 De
928 2588 1061 2626 uir-gilio
1086 2587 1193 2625 inquit
1219 2590 1250 2615 et
1275 2595 1351 2615 uaro
1377 2587 1531 2624 optimum
1552 2587 1702 2616 iudicasti
1720 2588 1886 2625 largiendo
1911 2588 1977 2617 illis
2002 2588 2074 2626 plu-

247 2644 330 2673 rima
354 2654 495 2681 munera,
523 2654 580 2674 nec
605 2645 668 2682 ipsi
694 2648 785 2674 tuum
810 2644 966 2673 iudicium
993 2644 1217 2679 dehonestant,
1245 2644 1407 2681 quoniam,
1434 2644 1518 2673 sieut
1544 2644 1708 2682 iudicasti⁷
1734 2645 1802 2674 ueri
1821 2649 1933 2682 poetae
1951 2646 2072 2675 haben·
2111 2670 2112 2673 ,
2142 2667 2146 2671 ,

247 2701 322 2730 turs
375 2702 429 2739 14)
454 2701 558 2730 multa
584 2719 624 2721 —v
651 2701 840 2730 seaetertium
864 2701 893 2729 b.
921 2701 993 2730 rell.
1020 2710 1082 2730 om.
1136 2701 1190 2738 16)
1218 2700 1281 2728 Pro
1298 2699 1484 2739 —prefecit
1507 2701 1537 2729 b.
1567 2701 1649 2730 conf.
1675 2700 1743 2742 Βφε
1772 2701 1846 2730 ‘Nec
1870 2701 1974 2741 mayis,
2000 2702 2072 2732 Nou
2114 2719 2116 2722 ·

248 2758 352 2795 magis
377 2758 483 2796 inquit
508 2759 733 2796 exprimuntur
757 2758 864 2786 uultus
890 2758 1031 2787 uirorum
1057 2758 1089 2785 in
1115 2757 1231 2786 statuis
1261 2765 1354 2794 quam
1390 2766 1493 2785 mores
1531 2757 1563 2786 in
1599 2757 1785 2795 poematae’.
1825 2757 1868 2787 C:
1898 2768 1960 2796 per
1995 2758 2072 2788 haec
2112 2771 2113 2774 ¹
2140 2766 2148 2785 ¹:

248 2812 436 2843 Alexandro
462 2813 599 2852 praefert
622 2814 812 2852 Augustum.
840 2814 910 2842 rell.
937 2823 997 2843 om.
1050 2814 1105 2851 17)
1131 2813 1228 2842 Huni.
1254 2813 1333 2842 uiles
1358 2813 1388 2842 b.
1409 2814 1429 2843 i.
1456 2813 1593 2843 humiles
1609 2813 1671 2856 Βφ.
1699 2814 1815 2843 humili
1841 2815 1916 2844 stilo
1934 2815 2071 2853 scriptos

250 2868 285 2898 C.
312 2871 381 2899 rell.
411 2881 470 2900 om.
508 2871 586 2901 conf.
613 2871 731 2908 Porph.
765 2888 801 2891 --
829 2869 897 2899 Sat.
924 2870 1063 2899 enarrari
1087 2869 1226 2904 vcath.
1252 2870 1321 2899 rell.
1347 2879 1407 2899 om.
1474 2870 1528 2909 18)
1555 2871 1576 2899 i.
1602 2874 1675 2899 tuas
1710 2871 1864 2900 uidelicet
1899 2871 1951 2913 Βφ
1987 2869 2071 2901 t&as

249 2926 310 2964 sic)
335 2927 365 2955 b.
399 2927 491 2956 Nunc
516 2928 662 2957 horatius
687 2931 842 2964 tanquam
868 2927 931 2956 sibi
956 2926 1074 2964 aliquis
1100 2927 1242 2955 dixisset
1267 2936 1322 2955 cur
1346 2926 1449 2964 igitur
1474 2935 1524 2956 res
1550 2931 1658 2965 gestas
1684 2928 1827 2956 caesaris
1851 2937 1915 2958 non
1941 2929 2069 2958 scribis.

248 2981 339 3011 Dicit
375 2992 409 3013 se
445 2984 539 3012 malle
575 2984 715 3012 scribere
751 2987 843 3021 gesta
876 2983 964 3012 illius
990 2983 1016 3011 si
1042 2982 1174 3012 idoneus
1200 2985 1286 3012 esset
1312 2992 1406 3021 quam
1432 2984 1607 3023 satyricam
1632 2985 1664 3013 in
1689 2984 1813 3013 liricis!
1839 2984 1901 3026 Βφ.
1968 2985 2023 3024 19)
2050 2985 2078 3024 q
2138 2985 2148 3013 Ξ·

250 3037 387 3078 (quacP)
413 3049 479 3069 cum
503 3041 532 3070 b.
560 3050 640 3079 quae
665 3040 731 3070 licet
755 3040 790 3072 C.
816 3040 886 3069 rell.
922 3039 1002 3078 quod
1024 3039 1158 3077 quamuis
1193 3049 1261 3069 vca.
1299 3049 1374 3079 quae
1408 3039 1543 3078 quamuis
1577 3040 1654 3076 th.
1720 3042 1777 3080 20)
1803 3051 1822 3070 a
1846 3045 1877 3070 te
1902 3039 1970 3079 b‚C.
1995 3044 2070 3071 ante

248 3095 384 3131 vcath.
410 3106 506 3127 arces.
533 3099 680 3127 conditas
705 3107 723 3127 a
748 3106 874 3127 caesare
898 3097 1002 3126 urbes.
1028 3096 1171 3126 barbara.
1197 3106 1277 3135 quae
1302 3101 1337 3127 tu
1361 3097 1469 3126 uicisti
1493 3096 1557 3139 Βφ.
1606 3097 1663 3136 21)
1690 3097 1809 3127 Finitis
1835 3115 1876 3119 -—
1901 3098 2013 3128 intulit
2036 3098 2068 3127 b.

250 3151 407 3192 (auspiciis
430 3157 484 3184 tuo
508 3154 615 3185 ductu.
642 3153 678 3185 C.
704 3155 864 3194 prosperis
890 3154 1090 3185 successibus
1108 3153 1172 3196 Βφ.
1220 3153 1279 3195 22)
1304 3155 1440 3185 Peracta
1463 3155 1494 3185 b.
1521 3154 1615 3184 finita
1631 3152 1665 3184 C.
1692 3154 1712 3184 i.
1740 3163 1758 3184 a
1782 3156 1816 3185 te
1833 3158 1864 3186 et
1882 3163 1899 3185 a
1915 3155 1981 3185 tuis
2005 3153 2068 3197 Βφ.
