2148 3412
799 123 848 154 IN
873 123 1018 156 EPIST.
1046 123 1070 161 Ι,
1101 126 1149 155 ιε).
1801 113 1883 154 495

172 246 324 288 Parios.
382 245 425 286 A
454 244 567 287 Paro
597 245 746 287 insula.

170 320 236 361 25.
268 319 511 361 Archilochi.
572 319 668 360 Non
690 334 769 370 res,
803 319 950 375 inquit,
982 320 1176 362 transtuli
1197 320 1249 362 de
1270 318 1543 372 Archilocho,
1575 321 1648 363 sed
1669 320 1886 377 exemplar

2 418 5 419 ν
57 392 192 442 metri,
225 398 264 433 et
294 407 377 434 non
409 392 556 433 eadem
587 392 718 435 uerba
748 393 956 435 maledica
987 409 1077 435 sum
1107 394 1306 446 imitatus,
1353 395 1505 449 quibus
1536 401 1780 451 persecutus
1825 402 1885 437 est

57 466 127 507 ille
158 480 349 507 socerum
381 481 500 507 suum
531 465 780 520 Lycamben
810 466 854 507 in
885 473 1059 518 tantum,
1092 474 1136 509 ut
1166 468 1237 509 ille
1259 483 1302 510 se
1323 468 1586 510 interficeret.
1651 470 1885 525 Lycamben.

59 539 73 596 Η
104 537 306 581 Socerum
337 537 586 580 Archilochi
617 539 836 595 significat.
860 542 876 594 Η
899 538 1102 582 Socerum
1132 540 1394 596 Lycambem
1425 541 1540 592 dicit,
1573 557 1695 597 quem
1727 541 1883 584 Archi-

56 613 200 655 lochus
231 612 288 654 ita
318 619 562 668 persecutus
592 613 757 663 iambis,
799 620 843 654 ut
873 628 968 655 eum
999 614 1246 670 exagitaret,
1293 622 1332 656 et
1361 615 1492 657 filiam
1522 615 1611 657 eius
1643 615 1723 657 sibi
1754 630 1885 672 nega-

57 693 140 728 tam
175 686 229 727 ad
259 686 458 740 laqueum
490 686 718 742 confugere
750 694 931 742 cogeret.

168 761 234 802 26.
265 759 325 801 Ac
354 774 403 801 ne
434 774 492 800 me
521 760 631 813 soliis
660 760 746 802 idco
778 762 889 803 bren.
921 775 983 803 or.
1052 760 1103 802 Id
1135 768 1217 804 est:
1258 762 1412 804 minori
1444 777 1600 805 corona
1631 763 1816 814 decores,
1862 778 1886 805 0

56 832 295 875 Maecenas.

170 908 236 948 27.
267 907 405 949 modos
437 916 472 949 et
503 908 694 950 carminis
725 917 802 950 art.
863 906 1036 950 Genera
1064 909 1200 951 metri.

169 981 233 1023 28.
265 988 455 1037 temperat
484 980 606 1022 Arch.
638 982 742 1025 Mus.
803 980 1002 1032 Metrum,
1034 982 1184 1036 inquit,
1230 982 1494 1034 Archilochi,
1541 984 1654 1038 quod
1685 998 1761 1026 nos
1791 983 1887 1025 imi-

56 1061 204 1105 tamur,
235 1061 518 1109 temperamus
549 1054 741 1096 uersibus
771 1053 922 1097 Alcaei
954 1062 992 1096 et
1025 1054 1225 1112 Sapphus
1262 1056 1385 1114 [quos
1416 1057 1599 1114 imitor];
1648 1058 1721 1099 sed
1751 1073 1887 1113 neque

57 1129 203 1171 eodem
233 1128 381 1170 ordine
413 1142 610 1169 uersuum
640 1128 808 1178 utimur,
840 1143 976 1184 neque
1007 1129 1144 1180 rebus,
1178 1129 1330 1185 quibus
1361 1145 1553 1173 socerum
1584 1131 1830 1188 insequitur.

167 1203 330 1246 Musam
355 1203 467 1258 pede.
524 1201 622 1244 Hoc
653 1209 727 1252 est,
758 1202 933 1244 metrica
963 1203 1137 1246 ratione.
1196 1205 1393 1246 mascula.
1425 1203 1579 1246 Fortis.

170 1275 255 1333 [29.
288 1276 427 1318 ordine
459 1276 609 1332 dispar.
670 1274 785 1328 Quia
815 1283 976 1318 tantum
1007 1277 1136 1332 pedes
1167 1277 1364 1328 tulerunt,
1395 1292 1481 1320 non
1510 1278 1764 1335 materiam]

167 1350 234 1390 32.
266 1350 388 1391 Hzmc
420 1350 560 1404 (Nunc
591 1350 631 1403 b)
664 1364 745 1404 eqo,
777 1364 858 1391 non
889 1351 980 1392 alio.
1042 1349 1252 1392 Alcaeum
1284 1351 1506 1407 significat.
1588 1350 1889 1408 [Archilochus

58 1421 249 1466 Graecus
278 1430 404 1479 poeta
434 1424 596 1479 primus
634 1423 723 1474 fuit,
770 1431 810 1465 et
840 1438 920 1480 ego
952 1424 1065 1480 apud
1095 1423 1273 1467 Latinos
1318 1424 1487 1480 primus
1523 1425 1657 1481 lyrica
1702 1426 1890 1468 carmina

57 1497 239 1554 scripsi]

168 1572 234 1613 33.
264 1571 423 1627 fidicen.
486 1569 754 1613 Chordarum
786 1578 942 1614 cantor.

168 1645 444 1688 inmemoratct.
505 1644 557 1686 Id
588 1652 662 1696 est,
695 1651 789 1687 ante
822 1661 846 1686 a
875 1645 990 1687 nullo
1021 1645 1145 1687 dicta.
1198 1647 1408 1701 serentem.
1446 1644 1686 1688 Dicentem.

169 1720 235 1761 35.
268 1719 382 1762 Scire
404 1720 517 1761 uelis.
579 1718 766 1762 Excusat
797 1734 853 1770 sc,
886 1734 973 1770 cur,
1006 1734 1100 1762 cum
1131 1719 1333 1775 probetur
1354 1735 1379 1761 a
1399 1720 1606 1776 plurimis,
1639 1736 1722 1762 non
1750 1731 1891 1762 tamen

57 1791 208 1834 habeat
249 1793 502 1843 laudatores,
549 1793 786 1843 ostendens,
834 1793 944 1848 quod
976 1799 1149 1849 propter
1194 1793 1414 1844 inuidiam,
1461 1808 1569 1848 quae
1615 1803 1675 1836 est
1719 1794 1891 1836 inimica

57 1866 237 1917 uirtutis,
281 1881 359 1922 per
389 1867 534 1908 domos
565 1866 742 1908 aliorum
773 1866 997 1922 legeretur,
1044 1874 1082 1908 et
1113 1866 1283 1922 publice
1328 1867 1632 1918 detraheretur,
1681 1868 1758 1924 [et]
1792 1868 1891 1922 quia

58 1955 142 1983 non
173 1941 435 1983 conducebat
466 1941 547 1982 sibi
579 1940 674 1983 cibo
705 1948 745 1983 et
765 1941 1011 1984 muneribus
1031 1941 1213 1983 uestium
1235 1942 1424 1983 fauorem
1445 1941 1578 1998 uulgi,
1617 1942 1727 1997 quod
1759 1942 1893 1983 solent

58 2015 195 2057 facere
225 2022 433 2057 amatores
464 2014 718 2058 adulationis
752 2015 932 2071 [agere]

60 2229 131 2258 Dum
167 2232 250 2268 resset
287 2228 384 2267 (regit
408 2227 442 2266 b)
489 2228 509 2257 i.
535 2228 632 2258 audet
650 2245 689 2248 -κ-
709 2227 832 2266 praelio
868 2227 915 2268 ⁴11).
942 2227 999 2257 rell
1026 2236 1087 2257 om.
1116 2244 1155 2248 -ψ
1183 2231 1269 2266 reget
1291 2227 1413 2258 habent
1440 2228 1535 2257 etiam
1560 2225 1777 2256 EABFJPRS
1802 2225 1892 2257 Sorb.

59 2284 168 2315 Ambr.
194 2285 316 2315 Bernn.
342 2284 461 2315 ABCE
489 2289 549 2315 etc.

151 2342 184 2381 1)
209 2342 238 2371 A
261 2343 341 2372 Paro
361 2342 447 2381 (pari
469 2352 495 2384 γ.
524 2341 608 2380 pario
622 2342 658 2381 b)
677 2343 738 2371 ins.
763 2341 832 2383 Ἀθ.
857 2343 877 2371 b
904 2341 1013 2371 addit:
1032 2350 1050 2370 a
1067 2342 1145 2371 Ioco.
1197 2341 1231 2380 2)
1260 2342 1376 2381 inquit,
1402 2345 1429 2370 et
1451 2340 1611 2371 sententias
1630 2340 1664 2371 C.
1691 2350 1754 2371 non
1781 2350 1841 2370 om.
1866 2349 1893 2381 'l'-

61 2397 96 2438 3)
120 2399 276 2429 maledica
300 2409 326 2441 γ.
345 2399 416 2429 rell.
436 2409 496 2429 om.
525 2417 564 2420 —
590 2408 674 2437 pers
700 2401 750 2428 est
775 2398 824 2428 ille
848 2408 874 2440 γ.
902 2398 972 2427 rell.
1001 2402 1050 2428 est
1075 2402 1290 2438 persequutus
1316 2398 1381 2428 afh.
1407 2398 1438 2428 ἅ
1462 2401 1648 2436 persecutus
1674 2407 1703 2426 v.
1752 2397 1788 2436 4)
1816 2398 1894 2427 lica-

60 2456 122 2486 ben
145 2465 172 2497 γ.
199 2457 233 2485 in
257 2457 330 2486 lem.
356 2456 520 2486 Zicamben.
546 2460 582 2485 ut
608 2456 664 2484 ille
690 2464 722 2484 se
749 2456 807 2484 int.
835 2464 860 2496 γ.
888 2455 958 2484 rell.
997 2459 1032 2485 ut
1057 2464 1089 2484 se
1115 2456 1229 2493 laqueo
1255 2456 1475 2494 suspenderet.
1501 2454 1585 2485 conf.
1614 2454 1657 2483 C:
1695 2454 1775 2483 adeo
1800 2458 1836 2484 ut
1861 2463 1895 2483 se

60 2513 123 2551 laq.
151 2522 249 2551 susp„
287 2513 370 2552 quod
410 2513 509 2542 filiam
536 2513 727 2551 desponsam
754 2521 817 2541 non
843 2513 996 2541 traderet.
1063 2513 1097 2551 5)
1124 2511 1193 2542 Soc.
1220 2511 1318 2542 Arch.
1345 2513 1428 2550 sign.
1455 2513 1504 2554 γῑ).
1531 2511 1572 2541 C:
1611 2520 1754 2540 socerum
1791 2519 1893 2539 suum.

60 2569 128 2599 rell.
154 2579 216 2600 om.
255 2569 427 2609 (glossae).
455 2587 495 2590 —
524 2569 672 2599 Socerum
698 2587 738 2590 —
766 2573 894 2607 cogeret
930 2578 956 2610 γ.
983 2569 1052 2598 rell.
1078 2578 1137 2600 om.
1189 2568 1314 2598 Addita
1339 2572 1413 2598 sunt
1439 2570 1517 2597 haec
1544 2569 1577 2597 in
1602 2577 1634 2609 γε
1671 2567 1790 2596 Filiam
1828 2567 1895 2596 eius

61 2626 240 2663 petiuerat3
279 2631 352 2665 post
389 2636 425 2656 ea
461 2630 663 2665 contemptus
701 2635 770 2655 cum
809 2630 899 2663 patre
924 2626 1080 2656 lacerauit
1106 2626 1150 2655 ita
1175 2630 1211 2656 ut
1237 2626 1277 2655 ad
1303 2626 1452 2664 laqueum
1478 2634 1530 2655 eos
1557 2624 1761 2662 conpelleret.
1812 2623 1846 2661 8)
1874 2624 1894 2653 i.

61 2683 137 2712 min.
163 2700 205 2704 —
231 2693 375 2713 mecenas
402 2682 493 2725 ⁴5b‚C.
520 2684 590 2713 rell.
618 2693 679 2713 om.
748 2683 802 2721 10)
829 2691 903 2720 gen.
931 2684 1025 2712 metri
1049 2682 1139 2725 *sb‚C.
1207 2682 1263 2721 12)
1292 2683 1367 2720 saffo
1391 2692 1417 2724 γ.
1446 2699 1483 2701 1..
1505 2690 1583 2719 quos
1609 2681 1751 2710 imitator
1776 2689 1804 2721 γ.
1830 2690 1894 2710 om.

62 2737 95 2768 G.
120 2740 212 2769 uncis
239 2740 312 2769 incl.
335 2739 373 2775 Q.
401 2740 470 2770 rell.
501 2749 579 2778 quos
606 2740 719 2770 imitor.
787 2740 842 2778 13)
868 2740 985 2768 utimur
1010 2749 1035 2780 γ.
1062 2748 1212 2769 uersuum
1238 2740 1360 2769 utimur
1385 2748 1444 2768 om.
1472 2736 1507 2767 C.
1534 2738 1603 2766 rell.
1629 2742 1769 2767 utuntur.
1838 2737 1893 2775 14)

62 2794 131 2825 Hoc
154 2813 196 2817 -—
221 2797 345 2827 ratione
369 2797 417 2839 Tb.
436 2814 476 2817 —-
494 2797 601 2826 Fortis
627 2806 643 2838 γ
669 2801 700 2826 et
725 2797 755 2833 b,
782 2796 834 2834 qui
861 2796 967 2825 addit:
994 2796 1114 2826 uirilia.
1142 2796 1222 2825 conf.
1242 2795 1283 2826 C:
1310 2794 1455 2824 mascula.
1482 2795 1614 2824 metrica
1640 2795 1767 2824 ratione
1792 2793 1896 2823 uirilis

63 2856 95 2882 et
119 2853 225 2884 fortis.
292 2853 347 2892 15)
377 2853 461 2889 Quia
486 2870 512 2873 ·-
533 2854 701 2884 materiam
726 2863 785 2883 om.
805 2853 852 2894 γΙ).
880 2853 978 2891 pedes
1002 2857 1171 2882 sumserunt
1203 2852 1238 2883 C.
1308 2852 1362 2890 16)
1389 2852 1507 2881 aleeam
1540 2851 1622 2889 sign.
1656 2852 1705 2893 Tb.
1731 2850 1803 2881 rell.
1830 2859 1891 2880 om.

63 2929 98 2932 —-
127 2910 225 2942 Arch.
254 2928 295 2931 ——
321 2912 436 2949 scripsi
462 2911 599 2947 vcath.
625 2911 693 2940 rell.
720 2920 780 2940 om.
809 2909 883 2939 uide
908 2920 937 2939 u.
967 2911 1018 2939 21.
1084 2906 1141 2949 19)
1167 2910 1247 2940 cord.
1289 2913 1398 2939 canter
1422 2908 1437 2937 Ξ
1463 2908 1521 2946 (z
1539 2906 1604 2947 est)
1641 2908 1689 2950 γ1).
1727 2908 1795 2937 rell.
1832 2916 1892 2936 om.

65 2967 120 3007 20)
147 2969 168 2998 i.
196 2967 271 3007 (om.
297 2968 333 3008 b)
370 2972 445 2998 ante
482 2978 500 2997 a
535 2978 565 2997 11.
604 2968 690 2997 dicta
726 2966 803 3009 71)ss
842 2967 876 3006 (a
912 2968 1001 2998 nullo
1037 2972 1112 2997 ante
1148 2966 1205 3007 (1.).
1233 2985 1272 2987 -—-
1299 2967 1467 2996 Dicentem
1504 2966 1552 3008 γΙ).
1591 2966 1750 2995 dicentem
1785 2974 1829 2994 me
1855 2964 1890 2993 (j.

63 3026 134 3056 rell.
152 3035 213 3056 om.
264 3020 322 3061 22)
348 3024 514 3055 ostendens
538 3034 564 3066 γ.
591 3025 659 3054 rell.
698 3024 850 3055 Ostendit.
870 3042 909 3045 —-
929 3034 1009 3063 quae
1037 3029 1084 3054 est
1110 3025 1199 3054 inim.
1226 3022 1354 3053 uirtutis
1377 3032 1403 3064 γ.
1430 3023 1499 3052 rell.
1526 3031 1607 3061 quae
1632 3023 1724 3052 inim.
1752 3026 1800 3051 est
1828 3022 1894 3050 uir-

64 3083 126 3112 tuti
152 3082 291 3121 (uirtutis
316 3086 357 3111 esc
381 3082 434 3121 Q).
499 3082 556 3120 23)
585 3086 616 3111 ct
642 3092 700 3111 om.
731 3080 831 3120 C(Q).
861 3082 950 3111 cond.
975 3081 1033 3111 sibi
1057 3082 1126 3110 cibo
1152 3085 1183 3111 ct
1208 3090 1296 3111 mun.
1325 3080 1463 3109 uestium
1487 3089 1514 3121 γ.
1554 3079 1645 3110 cond.
1671 3083 1722 3108 (cut
1745 3077 1892 3108 conuiuiis

64 3143 115 3169 aab
139 3140 263 3170 uestibus
286 3139 351 3170 fau.
379 3139 415 3170 C.
443 3140 512 3170 rell.
539 3139 631 3169 cond.
658 3138 827 3169 muneribus
851 3138 910 3169 cibi
933 3143 960 3169 et
982 3138 1106 3169 uestium
1131 3137 1195 3168 sau.
1246 3137 1303 3176 25)
1317 3137 1430 3176 facere
1453 3145 1480 3178 γ.
1495 3136 1565 3166 rell.
1592 3135 1677 3166 adul.
1704 3145 1804 3175 assere.

1916 921 1954 952 lO

1919 1289 1955 1320 15
