2148 3412
764 128 814 160 IN
839 128 983 161 EPIST.
1007 129 1053 170 11,
1082 132 1110 160 1.
1775 119 1855 160 533

30 251 203 293 suetudo
248 257 407 292 mutata
452 250 504 292 sit
547 250 591 292 in
634 266 755 293 usum
786 252 975 308 poeticae
1006 252 1267 309 disciplinae.
1327 254 1522 296 sollemne.
1584 252 1719 307 Quasi
1748 252 1856 310 legi-

30 325 189 366 timum.

141 398 234 439 104.
267 397 399 439 clienti
417 412 604 454 promere
635 403 743 440 iura.
802 398 1076 453 Respondere
1107 401 1159 441 de
1190 400 1280 441 iure
1311 401 1437 442 alicui
1469 401 1712 443 consulenti.

141 471 234 513 105.
273 471 430 513 caucos.
491 472 637 514 Cauros
669 487 809 514 mimos
841 472 943 512 dicit
973 473 1040 513 uel
1072 473 1143 528 qui
1174 488 1250 528 per
1295 473 1626 529 chirographum
1672 481 1711 515 et
1758 489 1855 516 cau-

28 544 183 585 tionem
214 544 495 593 crederentur,
527 545 597 586 uel
629 554 767 587 caulos
797 560 952 596 numos,
997 545 1041 586 id
1073 553 1146 596 est,
1191 546 1371 602 legibus,
1417 548 1496 589 hoc
1527 555 1600 598 est,
1646 563 1728 590 non
1759 547 1856 588 inli-

29 617 120 659 citis
150 617 287 659 usuris
319 618 450 659 datos.

139 692 363 733 nominibus
392 693 520 733 rectis.
582 692 704 734 Recta
734 693 895 734 nomina
926 692 977 733 de
1022 692 1188 748 legibus
1231 694 1342 735 facta
1389 693 1493 750 [non
1523 695 1574 735 de
1605 694 1854 751 fenerando]

30 764 74 806 in
104 764 342 805 deferendis
374 764 646 807 debitoribus.

143 839 236 879 106.
270 839 440 881 Maiores
472 839 626 880 audire.
685 838 735 879 In
767 839 869 880 iure.
919 838 1123 895 [officium
1168 839 1343 881 minoris
1388 840 1481 897 est.]
1542 842 1692 883 minori
1718 841 1857 883 dicere.

37 910 250 953 Officium.

143 986 234 1027 108.
268 985 447 1029 Mutam't
475 994 642 1027 mentem
666 986 843 1042 populus
874 986 982 1027 leuis.
1058 983 1211 1036 Causa,
1258 1001 1332 1027 cur
1371 987 1549 1029 mutauit
1594 989 1857 1044 (mutauerit)

30 1065 211 1101 mentem
243 1058 446 1114 populus:
483 1058 746 1116 [propterea]
779 1059 878 1113 quia
911 1060 1020 1100 leuis.

142 1141 177 1174 et
198 1133 298 1174 calet
327 1147 420 1174 emo.
481 1132 625 1174 Rebus
648 1133 842 1174 omnibus
863 1132 1023 1188 positis,
1055 1132 1265 1187 poeticam
1288 1133 1419 1174 solam
1441 1134 1665 1177 multitudo
1688 1135 1857 1192 delegit.

143 1207 237 1248 109.
270 1208 509 1262 imcenesque
536 1215 751 1262 patresque
782 1208 927 1248 seueri.
988 1205 1084 1247 Hoc
1107 1213 1181 1256 est,
1214 1207 1350 1247 omnis
1380 1214 1495 1249 aetas
1505 1224 1515 1257 3
1549 1216 1587 1249 et
1609 1208 1715 1250 bene
1737 1209 1858 1251 addi-

30 1287 115 1322 tum
147 1281 289 1330 seueri,
323 1280 435 1334 quod
466 1279 509 1320 in
540 1295 585 1321 re
616 1280 781 1321 ludicra
811 1279 946 1321 maior
976 1279 1318 1334 reprehensionis
1349 1295 1475 1322 causa
1506 1282 1569 1323 sit.

144 1355 237 1395 110.
267 1355 412 1408 fronde
444 1369 577 1395 comas
607 1355 744 1395 uincti.
806 1352 933 1406 Quod
963 1354 1107 1407 fronde
1139 1368 1271 1395 comas
1302 1355 1432 1396 m‘nctz'
1459 1354 1597 1396 iacent
1635 1355 1860 1413 [nectunt],

32 1426 161 1483 quod]
195 1433 372 1467 caenant
403 1433 443 1467 et
473 1427 661 1468 carmina
692 1427 864 1477 dictant,
897 1427 1225 1482 intemperantes
1258 1426 1628 1484 [intemperantiae
1659 1429 1754 1487 est].

146 1501 238 1541 111.
270 1500 358 1556 Ipse
390 1515 472 1555 eqo,
504 1502 574 1557 qui
601 1501 745 1542 nullos.
806 1498 1000 1542 Saturice
1029 1515 1082 1541 ne
1113 1500 1194 1542 sibi
1226 1501 1395 1556 quidem
1427 1503 1627 1557 pepercit.

145 1575 237 1615 112.
270 1575 463 1616 Imtem'or
496 1575 657 1616 Parthis
687 1575 930 1616 mendacior.
991 1573 1108 1615 Bene
1141 1575 1315 1625 Parthis,
1363 1576 1436 1630 qui
1480 1577 1631 1631 perfidi
1677 1584 1784 1628 sunt,
1823 1584 1862 1619 et

34 1647 104 1703 qui
134 1647 348 1689 Romanos
379 1648 508 1689 duces
539 1647 759 1689 fraudibus
790 1662 916 1703 saepe
947 1648 1215 1702 deceperunt.

145 1723 239 1763 112.
272 1723 364 1763 113.
398 1731 432 1763 et
457 1724 577 1779 prius
615 1730 702 1764 orto
740 1722 843 1764 Sole.
922 1720 1126 1777 Figurate
1171 1736 1271 1776 pro:
1317 1728 1542 1777 antequam
1587 1724 1650 1766 sol
1694 1725 1862 1767 oriatur.

32 1794 148 1837 Hinc
177 1809 270 1851 ego,
301 1795 452 1850 inquit,
494 1796 592 1837 hinc
622 1797 804 1837 mendax
836 1811 940 1845 sum,
987 1795 1100 1849 quod
1130 1810 1213 1836 non
1246 1795 1379 1836 solum
1426 1796 1577 1847 scribo,
1626 1799 1738 1852 quod
1784 1814 1863 1855 ego

35 1869 162 1924 (nego
184 1867 498 1924 Hirschfelder)
530 1870 668 1911 facere
699 1869 960 1924 <menti0r‘ff),
997 1868 1071 1910 sed
1102 1868 1227 1910 etiam
1258 1869 1561 1911 studiosissime
1592 1871 1744 1914 scribo.

149 2003 182 2042 1)
210 2007 288 2033 mut.
315 2012 400 2032 cons,
427 2004 514 2032 vafh.
534 2021 571 2024 Ἦ-
586 2003 657 2042 quia
681 2003 724 2032 M.
750 2004 818 2034 rell.
846 2004 949 2041 quasi.
974 2003 1159 2041 legitimum
1184 2012 1221 2032 ccc
1246 2002 1375 2032 debitur:
1410 2002 1487 2042 (sic)
1513 2004 1614 2033 clienti
1635 2004 1679 2034 M.
1728 2005 1763 2043 4)
1791 2005 1866 2044 quia

33 2059 122 2089 vafh.
148 2061 218 2089 rell.
244 2061 308 2098 qui.
358 2060 391 2098 7)
419 2064 508 2089 recta
531 2060 615 2089 nulla
640 2061 678 2089 de
704 2061 767 2097 leg.
794 2061 834 2090 fa.
860 2060 929 2089 inde
954 2059 1122 2089 fenerandi
1146 2058 1289 2102 (ferancli
1300 2059 1349 2097 M)
1376 2060 1579 2090 debitoribus
1596 2060 1718 2097 M2G‚v
1743 2061 1864 2101 (foen).

34 2125 92 2146 non
117 2117 154 2145 de
179 2116 372 2147 foenerando
397 2117 469 2146 deb.
496 2116 582 2152 ath
609 2118 685 2155 (fen.
714 2134 748 2138 —-
779 2117 907 2146 dicens:
946 2117 1100 2146 ‘nondum
1126 2125 1204 2145 sana
1231 2116 1347 2154 sunt’).
1385 2116 1562 2146 nominibus.
1589 2118 1712 2147 idoneis
1739 2118 1866 2148 debito-

35 2173 134 2211 ribus,
161 2183 200 2203 an
225 2175 333 2210 rectis,
361 2174 507 2203 honestis
533 2178 564 2204 et
588 2174 757 2212 legitimis,
783 2183 847 2203 non
873 2174 970 2203 etiam
996 2170 1144 2202 illicitis?
1189 2171 1223 2202 C.
1251 2173 1341 2210 posui
1367 2172 1399 2202 in
1423 2173 1593 2212 deferendis
1618 2173 1680 2204 deb.
1719 2175 1788 2204 scil.
1827 2176 1867 2204 ad

37 2231 202 2260 aerarium.
234 2229 290 2260 Cic.
316 2231 401 2259 Phil.
427 2230 465 2266 V,
494 2231 525 2260 5:
563 2232 695 2260 nomina
724 2231 877 2260 iudicum.
902 2231 942 2260 ad
978 2230 1052 2259 Diu.
1079 2229 1117 2266 V,
1146 2230 1206 2258 20:
1244 2230 1397 2259 rationes.
1435 2230 1538 2259 Attic.
1564 2230 1602 2268 V,
1631 2232 1659 2260 7.
1689 2233 1748 2261 11:
1776 2241 1867 2270 prae-

39 2285 140 2317 sectos
166 2287 289 2317 deferre
315 2288 356 2317 ad
381 2289 540 2317 aerarium
566 2287 744 2328 (tamquam
768 2288 857 2317 uiros
882 2287 1023 2325 probos).
1050 2285 1135 2316 conf.
1162 2286 1340 2316 Hocheder.
1367 2290 1398 2315 et
1424 2287 1583 2317 Diintzer.
1611 2288 1664 2325 IV,
1680 2289 1755 2317 258.
1781 2288 1867 2318 Plin.

37 2342 75 2372 E.
99 2343 140 2381 X,
166 2346 225 2374 62:
252 2346 421 2382 pecuniam
445 2348 522 2374 recte
547 2345 746 2383 reipublicae
771 2348 907 2374 caueant.
935 2342 1035 2372 Gaius
1061 2342 1118 2379 III,
1149 2344 1226 2372 134:
1258 2343 1439 2381 ‘pecuniam
1462 2348 1551 2380 recte,
1579 2345 1611 2373 id
1638 2348 1697 2381 est,
1736 2354 1754 2373 a
1779 2345 1867 2374 debi-

39 2403 108 2430 tore
133 2401 269 2441 leyz‘timis
294 2402 579 2440 chirographorum
594 2401 744 2440 formulis
769 2405 887 2430 cautam
911 2401 986 2429 huic
1004 2400 1132 2429 credere
1158 2404 1253 2438 atque
1280 2399 1594 2440 expendere'.facta
1620 2401 1703 2431 conf.
1723 2401 1869 2431 Brisson.

40 2457 78 2487 de
101 2457 258 2488 Formulis
284 2463 344 2489 etc.
368 2458 423 2495 VI,
441 2460 501 2488 111
530 2458 666 2497 (nomina
678 2457 756 2496 fieri
780 2458 937 2487 solebant.
976 2456 1097 2486 Seneca
1123 2457 1161 2485 de
1186 2456 1301 2486 Benef.
1326 2457 1367 2494 II,
1394 2458 1446 2486 23.
1476 2457 1534 2494 ΙΙΙ,
1556 2459 1610 2497 15)
1637 2462 1669 2487 et
1697 2458 1774 2487 112:
1802 2457 1870 2486 ‘Ti-

38 2514 123 2545 tulos
148 2515 328 2545 debitorum
354 2514 539 2552 NOMINA,
575 2514 715 2544 Asconio
741 2515 772 2543 in
796 2514 810 2543 Ι
834 2514 961 2543 Verrin.
1000 2514 1186 2551 interprete,
1223 2514 1452 2551 appellabant.'
1517 2515 1551 2552 9)
1580 2515 1612 2544 in
1637 2515 1703 2543 iure
1730 2514 1870 2544 offitium

38 2569 92 2600 ΜΞ
118 2570 248 2611 (officii)
275 2571 313 2601 G.
339 2573 372 2601 in
398 2572 466 2601 iure
491 2571 634 2601 officium
658 2571 791 2601 minoris
816 2574 864 2600 est
888 2569 1007 2605 vath.
1044 2570 1169 2599 Nouum
1201 2570 1315 2598 lemma
1340 2569 1451 2599 minori
1485 2570 1584 2600 dicere
1621 2571 1730 2600 statui.
1769 2571 1869 2600 dicere

41 2627 178 2667 efficium,
204 2632 239 2657 ut
257 2628 347 2668 leyem
365 2627 432 2657 Cic.
450 2627 540 2657 Verr.
558 2627 615 2664 ΙΙΙ,
637 2628 668 2664 8,
684 2627 856 2656 sententiam
874 2631 934 2656 etc.
988 2626 1041 2664 11)
1069 2626 1205 2664 populus
1224 2636 1284 2655 orn.
1309 2626 1400 2655 vafh.
1453 2628 1508 2666 12)
1534 2632 1701 2665 propterea
1729 2626 1867 2665 (vath)

42 2692 100 2714 om.
125 2684 159 2713 M
185 2684 286 2724 (negl.
315 2684 357 2722 Q)
387 2685 415 2713 2.
466 2685 521 2723 14)
547 2683 667 2713 iuuenes
684 2693 715 2721 p.
735 2693 760 2712 c.
778 2683 822 2712 M.
851 2684 1048 2721 iuuenesque
1073 2686 1247 2721 patresque
1274 2684 1292 2712 2
1320 2683 1443 2721 (patres
1469 2684 1515 2722 v),
1542 2683 1608 2712 afh.
1630 2683 1722 2722 pueri
1746 2688 1870 2721 patres-

43 2751 102 2780 que
127 2751 209 2772 omn.
235 2742 297 2771 mei
324 2741 415 2771 codd.
440 2741 580 2771 Horatii.
647 2742 701 2780 17)
728 2739 766 2769 fr.
793 2750 840 2770 co.
866 2740 980 2769 uincti.
1007 2740 1090 2778 quod
1115 2739 1226 2769 fronde
1252 2749 1357 2769 comas
1386 2739 1480 2769 uincti
1513 2740 1612 2769 iactat
1637 2740 1717 2777 quod
1744 2749 1811 2769 cen.
1838 2743 1870 2768 et

43 2807 138 2829 carm.
163 2799 300 2828 dietant.
326 2808 410 2828 eram
434 2798 510 2837 (sic)
537 2798 579 2827 di.
605 2797 856 2835 Intemperantes
881 2819 886 2825 .
915 2819 921 2825 .
948 2796 1025 2835 (sic)
1052 2796 1096 2826 M.
1123 2796 1214 2832 Quod
1251 2796 1288 2825 fr.
1325 2806 1370 2826 co.
1408 2797 1485 2825 iacet
1520 2795 1590 2832 (sic.
1618 2800 1648 2825 et
1675 2795 1712 2825 G.
1740 2796 1869 2834 iacent?)

43 2864 130 2886 coen.
158 2859 191 2885 et
216 2865 261 2885 ca.
288 2856 330 2884 di.
358 2855 602 2893 intemperantes
628 2855 657 2883 2.
695 2853 787 2888 Quod
811 2853 848 2883 fr.
875 2863 921 2883 co.
946 2857 1073 2891 nectzmt,
1109 2853 1192 2891 quod
1217 2852 1334 2888 vath.
1362 2847 1618 2890 intemperantes
1647 2851 1684 2882 G.
1711 2852 1871 2890 intempe-

44 2916 147 2942 ranter
171 2922 198 2942 a.
225 2913 437 2949 intemperant
458 2921 488 2940 v.
523 2909 786 2948 intemperantiae
810 2913 851 2939 est
873 2908 950 2944 th.
1001 2908 1058 2949 18)
1084 2911 1217 2948 satyrice
1242 2909 1286 2947 M,
1313 2910 1344 2938 in
1376 2909 1593 2946 superioribus
1623 2909 1776 2948 saturice)
1808 2909 1870 2951 Βφ,

45 2968 131 2999 vafh.
157 2978 202 2998 me
226 2969 287 2998 sibi
312 2968 389 3007 quod
412 2978 443 3006 p.
471 2969 500 2997 2.
526 2966 651 3006 peperit
672 2966 718 2996 fh.
781 2966 836 3002 19)
862 2966 950 2995 Bene
967 2966 1021 2995 Me
1049 2966 1129 3004 (tffi)
1157 2966 1247 3004 G,va.
1274 2965 1369 3003 partis
1393 2965 1437 3001 M,
1470 2966 1504 2994 in
1530 2966 1636 2994 lemni.
1663 2965 1815 2995 quenior
1840 2975 1870 3003 p.

46 3025 67 3055 i.
87 3026 165 3066 (sic)
183 3036 223 3055 m.
250 3026 338 3055 Bene
362 3026 488 3064 parthis
513 3035 573 3055 om.
598 3025 644 3054 fh.
671 3024 745 3063 quia
768 3022 856 3053 vafh.
882 3027 915 3053 ut
938 3024 991 3061 qui
1008 3022 1200 3061 M2G,vafh.
1227 3025 1319 3060 atque
1346 3022 1383 3056 Q.
1410 3022 1501 3059 posui
1526 3026 1552 3051 et
1577 3023 1641 3060 qui.
1667 3026 1694 3051 et
1718 3023 1871 3051 iteratam

46 3086 176 3122 propter
200 3087 295 3121 temp.
333 3082 451 3112 diuers.
482 3092 562 3112 rom.
587 3080 690 3111 fraud.
718 3081 787 3110 duc.
814 3079 950 3117 M,vafh.
999 3080 1056 3119 21)
1084 3079 1264 3118 deceperint
1286 3078 1351 3108 afh.
1416 3079 1474 3117 23)
1501 3078 1588 3109 Hinc
1613 3088 1688 3117 ergo
1711 3078 1786 3109 MG.
1814 3079 1871 3109 alt.

46 3137 114 3170 hinc
137 3139 181 3169 M.
206 3139 292 3170 Hine
316 3148 366 3179 eqo
391 3140 456 3179 inq.
481 3148 533 3180 eyo
557 3138 663 3169 mend.
693 3138 721 3167 2.
749 3155 787 3159 -u
817 3137 903 3176 quod
926 3146 978 3177 eyo
1002 3137 1104 3168 facere
1128 3135 1170 3167 M.
1197 3145 1226 3175 q.
1253 3144 1311 3174 ego
1336 3134 1420 3166 facio
1447 3133 1506 3165 2G.
1532 3135 1601 3165 rell.
1629 3145 1657 3175 q.
1684 3136 1779 3166 facio.

1885 925 1925 956 10

1887 1294 1927 1324 15

1888 1659 1930 1691 20
