2148 3412
802 123 851 156 IN
879 123 983 157 ΛΒΤ.
1008 123 1140 157 POET.
1817 113 1896 154 587

8 250 11 253 “
68 247 192 289 etiam
224 247 335 288 arari
365 254 519 302 posset,
566 254 605 288 et
641 254 807 303 portum
839 248 1074 290 Lucrinum
1119 248 1313 299 muniret,
1358 247 1410 289 de
1455 263 1537 304 quo
1582 249 1700 291 Maro
1732 245 1807 302 (G.
1840 246 1897 298 ΙΙ,

69 321 330 376 161-163);
380 320 464 376 [An
496 335 707 363 memorem
733 322 898 378 portus]
949 323 1200 379 Lucrinoque
1246 323 1383 364 addita
1430 323 1612 364 claustra
1659 320 1806 378 [Atque
1834 323 1898 363 in-

67 395 274 450 diqnatum
319 395 474 449 moym‘s
519 395 763 437 stridoribus
796 410 956 451 aequor,
1003 396 1110 437 [ulia
1142 411 1220 452 qua
1244 406 1371 452 ponto
1402 397 1514 451 lonye
1545 404 1661 438 sonat
1689 396 1801 436 unda
1832 410 1897 436 re-

65 467 192 524 fuso]
250 466 306 508 Et
336 467 417 509 hoc
448 467 483 508 si
511 467 669 509 factum
700 475 773 516 est,
805 469 849 509 id
879 476 953 519 est,
986 469 1020 511 si
1051 469 1226 511 mutauit
1260 484 1425 511 cursum
1459 485 1577 512 suum
1608 469 1773 519 fluuius,
1806 483 1897 510 cre-

69 540 155 589 des,
186 555 309 596 posse
339 540 431 582 fieri
462 540 518 592 id,
550 541 594 582 id
625 549 699 592 est,
732 542 871 597 perire
901 549 1056 584 nostra.

179 616 244 656 67.
276 615 355 656 Seu
372 629 539 657 cursum
562 617 748 663 mutauit,
779 617 1309 671 iniquumfruqe'busamm's.
1374 615 1595 672 Siquidem
1627 617 1792 667 fluuius,
1825 616 1897 671 qui

67 687 244 730 nocebat
265 688 460 744 frugibus
482 703 606 730 cursu
629 704 716 739 SUO,
738 696 921 731 mutatus
943 698 1016 740 est,
1036 690 1201 745 (doctus
1212 691 1249 747 P)
1267 691 1346 732 iter
1366 698 1410 732 ut
1425 690 1604 741 Tiberis,
1628 691 1699 746 qui
1721 690 1898 731 mutauit

67 777 247 812 cursum,
279 776 332 803 ne
355 762 551 819 (templo)
575 761 723 804 Vestae
744 777 895 805 nocere
916 771 1068 818 posset.
1130 764 1228 805 Ἀπὸ
1266 768 1420 815 κοινοῦ,
1454 764 1542 806 siue
1564 764 1829 819 generaliter,
1853 770 1896 804 ut

65 834 252 888 Quidam
282 836 475 891 accipere
495 836 654 887 uolunt,
673 837 862 891 -quando
895 853 1065 893 campos
1100 846 1220 894 aptos
1256 838 1539 894 agriculturae
1559 837 1752 888 liberant,
1776 852 1897 879 auer-

63 916 196 952 tentes
224 909 410 960 flumina,
442 924 549 965 quae
582 917 674 952 sunt
708 910 806 968 [eis]
840 911 1002 953 infesta.
1064 916 1203 954 amnis.
1235 912 1425 953 Tiberim
1457 911 1753 967 intellegimus,
1786 911 1897 952 hunc

65 983 177 1026 enim
209 983 418 1025 deriuauit
449 983 685 1040 Augustus,
723 1000 805 1039 qua
834 1000 946 1027 nunc
977 985 1092 1026 uadit
1126 985 1343 1043 [incedit];
1390 993 1485 1026 ante
1517 986 1628 1027 enim
1660 1000 1737 1041 per
1766 984 1896 1027 Vela—

63 1057 187 1099 brum
215 1056 382 1099 fluebat.
442 1057 569 1099 Unde
601 1066 639 1099 et
671 1057 903 1100 Velabrum
935 1058 1105 1107 dictum,
1138 1060 1250 1114 quod
1280 1059 1385 1101 uelis
1416 1060 1674 1101 transiretur.

179 1133 244 1173 68.
274 1132 426 1173 Doctus
457 1133 534 1173 iter
564 1133 716 1174 melius.
775 1131 872 1175 Hoc
903 1140 1043 1174 autem
1084 1133 1189 1174 dixit
1235 1141 1409 1189 propter
1453 1133 1657 1184 Tiberim,
1705 1133 1776 1187 qui
1822 1147 1897 1188 per

64 1204 298 1248 Velabrum
328 1205 457 1247 fluere
489 1205 720 1248 dicebatur.

19 1330 21 1334 .
179 1278 264 1336 [68.
299 1281 450 1322 Doctus
480 1281 556 1321 ‘iter
585 1281 742 1322 melius.
801 1279 1005 1322 Inductus
1034 1280 1201 1322 meliori
1230 1281 1313 1331 uia,
1351 1295 1458 1335 quae
1489 1295 1573 1322 non
1603 1287 1752 1322 noceat
1783 1280 1896 1322 scili-

17 1355 20 1360 ’
65 1353 161 1410 cet.]
223 1351 398 1395 Scilicet
419 1354 530 1409 quod
552 1368 635 1395 non
657 1361 816 1395 noceat.
876 1356 1065 1396 mortalia
1082 1355 1136 1409 sa.
1151 1356 1278 1411 peril).
1339 1354 1529 1410 Zeugma
1549 1369 1573 1395 a
1595 1353 1896 1409 superioribus.

63 1429 266 1469 mortalia.
295 1427 554 1469 Mortalium.
613 1429 727 1483 faeta
750 1428 952 1484 peribunt.
1012 1427 1179 1470 Nedum
1210 1428 1354 1479 uerba,
1387 1443 1496 1482 quae
1528 1428 1649 1471 citius
1679 1435 1868 1484 pereunt.

179 1502 243 1544 69.
276 1502 435 1545 Nedum
465 1517 582 1544 serm.
613 1511 660 1544 st.
691 1503 781 1544 hon.
812 1511 846 1544 et
874 1517 936 1558 qr.
957 1504 1040 1545 πίῃ.
1100 1501 1152 1543 Ι(1
1183 1510 1265 1544 est:
1299 1502 1333 1543 si
1364 1502 1469 1544 haec
1500 1502 1641 1543 omnia
1670 1508 1896 1552 mutantur,

64 1574 289 1618 uerborum
321 1575 458 1632 gratia
503 1576 701 1631 perennis
746 1590 915 1617 manere
961 1575 1170 1631 quomodo
1214 1577 1379 1632 potest?
1439 1577 1574 1619 honos.
1606 1575 1896 1617 Pulchritudo.

0 1667 2 1690 ¹»
21 1700 23 1702 Ι
64 1650 209 1692 uz'zcaoe.
240 1649 465 1706 Perpetua.

180 1725 245 1766 70.
277 1725 411 1768 Multa
433 1731 707 1766 renascentur.
766 1723 988 1765 Vocabula
1019 1723 1191 1773 scilicet,
1225 1722 1461 1764 conmercio
1484 1738 1734 1765 sermonum.
1797 1738 1897 1778 quae

65 1799 145 1842 iam
178 1799 364 1841 cecidere.
424 1798 476 1839 Id
508 1804 581 1848 est»,
614 1812 722 1853 quae
753 1804 848 1839 sunt
879 1797 1043 1839 sublata
1073 1797 1124 1838 de
1155 1812 1245 1847 usu,
1278 1797 1330 1838 de
1360 1804 1461 1838 arte.

179 1874 244 1914 71.
277 1873 314 1915 si
339 1872 446 1914 uolet
474 1886 586 1914 usus.
646 1871 698 1912 Id
728 1878 801 1922 est,
839 1871 1094 1913 consuetudo
1126 1871 1215 1913 siue
1246 1871 1352 1912 ratio
1383 1871 1602 1925 loquendi3
1648 1871 1754 1912 ratio
1785 1870 1895 1911 enim

67 1962 144 1989 usu
176 1953 216 1988 et
247 1945 548 1988 consuetudine
578 1944 774 1987 uincitur.

180 2022 246 2064 72.
282 2021 407 2071 Quem
435 2033 554 2077 penes
577 2020 717 2061 arbitr.
742 2028 808 2061 est.
872 2016 1106 2061 Conuersio
1138 2026 1212 2070 est,
1244 2018 1287 2060 id
1318 2026 1391 2070 est,
1418 2034 1539 2076 penes
1570 2019 1716 2076 quem[‚
1748 2019 1792 2060 id
1822 2026 1895 2068 est,

184 2235 217 2274 1)
242 2235 366 2264 munire
383 2242 408 2275 γ.
436 2233 575 2263 mutauit
600 2232 630 2262 N
655 2231 776 2271 (Hor.).
803 2232 873 2261 rell.
900 2230 1038 2261 muniuit.
1066 2232 1159 2269 posui
1185 2232 1330 2262 muniret.
1379 2233 1421 2271 2)·
1441 2232 1612 2272 lucrinoque
1636 2231 1741 2262 addita
1764 2232 1897 2263 claustra

19 2290 23 2300 “
67 2299 95 2334 γ.
113 2291 182 2321 rell.
200 2292 248 2320 An
268 2308 300 2311 -—
316 2290 431 2330 refu-90.
471 2289 554 2320 Loco
570 2289 711 2327 Vergilii
727 2298 744 2331 γ
769 2288 920 2326 adiungit
944 2289 985 2318 Et
999 2288 1052 2317 hoc
1066 2288 1223 2326 —perz‘re
1246 2292 1361 2318 nostra.
1380 2289 1464 2326 apud
1483 2288 1606 2318 Fabi-ic.
1633 2289 1738 2318 Verba
1757 2289 1801 2320 ‘Si
1819 2293 1896 2320 mut.

69 2357 117 2378 cu.
144 2358 169 2378 s.
194 2348 226 2378 fl.
254 2347 362 2378 credas
386 2356 417 2385 p.
444 2346 466 2376 f.
503 2347 570 2376 item
593 2356 624 2384 p.
651 2349 772 2376 nostra.
807 2343 975 2383 Siquidem
1001 2363 1043 2366 ⁷—
1067 2345 1185 2383 posset'
1236 2345 1301 2385 (fh)
1340 2345 1489 2383 leguntur
1524 2349 1596 2383 post
1634 2346 1749 2374 lemma
1784 2351 1897 2376 morta-

20 2398 23 2415 ζ
70 2405 111 2435 lia
130 2404 218 2443 facta
236 2404 388 2444 peribunt.
440 2404 473 2441 7)
501 2404 658 2441 fmgibm,
685 2411 779 2432 cursu
804 2411 861 2431 suo
886 2405 966 2432 mut.
995 2406 1044 2431 est
1068 2401 1109 2431 ad
1132 2401 1217 2431 aliud
1241 2403 1312 2439 iter,
1337 2412 1378 2432 ne
1402 2406 1512 2431 aestate
1538 2412 1604 2432 noc.
1632 2405 1740 2439 posset
1766 2402 1810 2431 fh.
1861 2403 1895 2440 8)

69 2471 109 2492 ne
132 2466 211 2492 ueste
237 2472 254 2504 γ
277 2463 297 2492 i.
325 2472 351 2492 e.
377 2461 497 2499 templo
525 2461 650 2490 Vestae.
677 2459 760 2490 conf.
787 2458 820 2489 C.
847 2462 943 2488 recte.
972 2457 1009 2488 C.
1035 2457 1060 2496 1,
1087 2459 1117 2496 2,
1147 2460 1294 2489 132-16:
1337 2458 1601 2496 l'idimusflauum
1631 2457 1759 2487 Tibe-rim
1783 2476 1824 2479 ——
1849 2459 1899 2488 Ire

69 2519 209 2549 deiectum
232 2522 417 2549 monumenta
441 2517 531 2557 Regis
560 2516 736 2556 Templaque
767 2517 877 2546 ts'estae.
905 2532 945 2535 -—-
971 2514 1096 2544 Scholio
1121 2511 1188 2545 Απὸ
1213 2534 1254 2536 -
1280 2517 1471 2546 transiretur
1507 2516 1540 2544 in
1578 2525 1653 2545 rvca
1688 2516 1897 2553 praemissum

70 2580 121 2606 est
149 2576 266 2606 lemma
291 2577 351 2605 Seu
374 2584 454 2605 curs.
480 2578 548 2604 mut.
574 2575 594 2604 i.
620 2574 640 2602 f.
667 2574 697 2602 h.
724 2577 780 2603 aut
805 2572 959 2601 dimidius
983 2574 1110 2602 tantum
1134 2581 1259 2609 uersus,
1285 2573 1318 2602 in
1341 2572 1447 2614 ffihQ.
1506 2573 1561 2611 10)
1587 2571 1629 2601 eis
1653 2571 1711 2601 inf.
1738 2571 1813 2606 th.
1841 2573 1897 2601 inf.

71 2633 118 2663 eis
143 2642 211 2663 voa.
238 2633 307 2663 rell.
333 2641 394 2662 om.
422 2632 477 2661 eis.
505 2630 579 2670 quia
604 2640 635 2660 n.
661 2630 752 2660 uadit
776 2639 793 2672 γ
818 2629 899 2659 conf.
925 2628 1042 2667 Porph.
1072 2638 1186 2667 aquam
1213 2638 1306 2667 quam
1331 2638 1362 2658 n.
1390 2629 1500 2659 incidit
1526 2638 1550 2657 r.
1578 2638 1636 2667 qua
1660 2637 1690 2658 n.
1717 2628 1832 2658 incidit.
1856 2628 1895 2658 X.

70 2691 139 2720 rell.
166 2700 225 2729 qua
248 2699 278 2720 n.
306 2690 440 2719 incedit.
492 2689 547 2727 13)
573 2687 642 2717 Hoc
669 2704 705 2708 —
735 2686 904 2717 dicebatur
927 2695 954 2727 γ.
981 2685 1051 2714 rell.
1079 2695 1140 2715 om.
1191 2686 1246 2725 15)
1271 2685 1396 2716 Doctus
1422 2704 1463 2706 κη
1490 2686 1613 2714 scilicet
1637 2695 1697 2714 om.
1723 2694 1749 2726 γ.
1775 2685 1897 2715 Doctus

72 2744 248 2786 (Ductus‘2)
283 2746 409 2776 meliori
434 2746 490 2775 uia
514 2754 538 2774 r.
565 2762 605 2765 -—
632 2752 712 2782 quae
736 2751 765 2772 n.
793 2752 823 2772 n.
850 2742 919 2771 scil.
947 2741 1012 2781 (fh)
1038 2752 1098 2772 om.
1135 2742 1318 2779 NG‚rvcaQ
1355 2742 1472 2780 (incl).
1511 2741 1585 2771 Scil.
1613 2752 1642 2779 q.
1668 2751 1700 2770 n.
1735 2746 1844 2770 noceat
1871 2751 1897 2784 γ.

71 2802 153 2834 conf.
181 2803 223 2833 C:
251 2804 354 2841 suppl.
379 2806 498 2840 tenere,
525 2810 565 2831 ne
591 2801 659 2830 scil.
686 2804 808 2832 noceat,
862 2799 916 2838 16)
945 2799 1064 2829 Zeuma
1088 2799 1186 2836 NX,r.
1237 2800 1291 2837 17)
1318 2799 1505 2828 Mox-talium
1529 2807 1556 2839 γ,
1577 2798 1645 2828 rell.
1664 2807 1724 2827 om.
1751 2798 1833 2828 cons.
1854 2797 1897 2828 C:

73 2860 106 2890 id
132 2864 191 2898 est,
216 2860 402 2890 mortalium
427 2867 534 2897 opera,
572 2861 690 2896 quanto
715 2856 820 2894 magis
856 2856 966 2893 uerba,
1004 2864 1084 2894 quae
1121 2857 1217 2885 citius
1254 2860 1400 2894 pereunt.
1426 2874 1468 2876 ἡ
1493 2855 1619 2884 Nedum
1644 2873 1685 2875 ᾖ
1711 2859 1848 2892 pereunt
1871 2865 1897 2897 γ.

72 2917 138 2947 rell.
164 2926 225 2947 om.
277 2918 333 2955 19)
359 2925 479 2955 genera
502 2915 538 2944 fh
566 2914 640 2953 (gia
658 2923 734 2943 a:
751 2912 884 2951 gratia).
934 2913 990 2951 21)
1016 2923 1073 2942 mu.
1099 2922 1165 2942 ren.
1191 2912 1309 2943 Iterum
1340 2914 1427 2950 fient,
1465 2921 1546 2950 quae
1572 2911 1635 2940 iam
1660 2911 1747 2940 fuere
1782 2912 1895 2941 uocab-

14 2982 24 3008 μ’
71 2973 322 3015 NXG(Q)‚rvca,
349 2983 408 3003 om.
433 2973 512 3015 ·(,fh.
539 2973 572 3002 in
596 2981 688 3000 usum
712 2970 864 3000 redibunt
889 2968 922 2999 C.
949 2970 1018 2999 scil.
1053 2969 1182 3008 (supple
1207 2970 1245 3000 N.
1274 2979 1334 2999 om.
1361 2970 1389 3008 r)
1427 2973 1458 2998 et
1484 2968 1670 2999 commertia
1696 2967 1898 3007 (commerita

19 3052 21 3056 ,
73 3030 108 3070 v)
133 3031 203 3061 rell.
227 3029 417 3060 commercia
441 3038 520 3068 quae
547 3031 623 3058 sunt
649 3028 776 3058 sublata
801 3027 840 3056 de
864 3036 925 3056 usu
937 3026 1097 3064 XN,rvca.
1126 3028 1195 3056 scil.
1223 3026 1409 3057 commercio
1435 3034 1628 3055 sermonum.
1653 3033 1728 3064 quae
1750 3024 1814 3054 iam
1837 3033 1896 3055 cec.

73 3087 110 3117 Id
135 3092 201 3118 est:
228 3096 309 3127 quae
333 3090 408 3117 sunt
433 3086 562 3116 sublata
587 3086 626 3116 de
650 3095 709 3115 usu
734 3084 810 3121 th.
837 3085 919 3114 conf.
947 3083 986 3114 C:
1014 3085 1052 3114 ab
1078 3093 1139 3114 usu
1164 3087 1368 3114 recesserunt
1393 3088 1423 3112 et
1449 3082 1530 3113 subl.
1550 3086 1634 3112 sunt.
1684 3083 1740 3122 22>
1766 3083 1804 3111 de
1829 3085 1898 3111 arte

25 3140 27 3142 ’
72 3153 100 3186 γ.
126 3145 195 3175 rell.
221 3154 280 3176 om.
328 3144 386 3183 23)
415 3145 483 3174 siue
500 3144 583 3174 ratio
601 3152 682 3174 omn.
701 3142 787 3173 libri.
815 3141 843 3177 Q
869 3142 983 3173 inculc.
1010 3145 1037 3172 et
1060 3142 1152 3173 ratio.
1203 3141 1260 3179 25)
1288 3140 1520 3171 Comici-sio*
1537 3140 1686 3179 loquendi
1711 3148 1738 3181 γ.
1767 3139 1897 3169 Lemma

1928 921 1964 952 10

1926 1290 1964 1321 15

1922 1659 1964 1690 20

1923 2030 1962 2061 25
