2148 3412
268 153 322 193 60
899 157 1002 191 ACR.
1027 157 1088 189 ET
1113 154 1278 188 PORPH.
1304 153 1452 187 COMM.

380 286 425 327 ob
455 286 559 326 hanc
590 297 684 325 rem.
746 281 861 333 Quia
890 296 966 322 uas
1007 287 1077 320 aut
1123 278 1296 320 calicem
1342 277 1493 318 deiecit
1535 275 1732 317 nobiliter
1776 275 1947 322 factum,
1992 271 2087 313 ideo

269 358 390 400 debet
422 357 559 398 minus
590 355 799 396 iucundus
830 353 992 395 uideri?
1053 351 1173 394 Ordo
1204 359 1283 392 est:
1332 350 1417 393 ‘Ob
1447 351 1556 391 hanc
1586 363 1675 390 rem
1705 348 1844 389 minus
1880 345 2090 387 iucundus

269 432 429 473 amicus
459 431 509 472 sit
540 429 655 478 mihi,
702 427 806 482 quia
837 434 931 468 ante
962 426 1144 482 positum
1175 425 1339 480 pullum
1370 423 1414 464 in
1444 438 1534 465 mea
1571 429 1689 477 parte
1721 420 1849 463 catini
1878 418 2087 462 sustulit?’

270 505 369 545 Ideo
399 504 511 545 hunc
541 501 674 543 debeo
704 500 929 556 persequi?

382 579 445 618 95.
480 577 585 618 Fide.
622 574 706 616 Pro
733 575 836 629 fidei.
868 587 1121 629 sponsumue.
1152 570 1424 613 Promissum.
1484 571 1703 625 neyaueril.
1754 567 1808 623 [si
1852 567 1896 607 in
1939 565 2092 620 placito

270 665 346 705 pro
375 664 441 691 me
472 649 696 690 noluerunt
727 647 967 703 spondere]
1045 645 1092 687 Si
1123 645 1302 686 noluerit
1335 643 1541 698 spondere
1572 657 1649 697 pro
1687 655 1767 690 me,
1813 640 1902 682 uel:
1948 639 1983 681 si
2011 653 2092 680 ne-

269 727 423 780 yauerz't
453 722 598 763 uenire
629 721 683 762 ad
714 719 1007 776 spondendum
1038 733 1115 773 pro
1145 733 1224 759 me.

383 799 448 839 96.
485 798 586 847 Quis
615 796 746 850 paria.
808 793 991 846 Quibus,
1030 791 1184 833 Stoicis
1215 791 1384 832 scilicet.
1445 788 1697 831 Doctrinam
1743 786 1983 829 Stoicorum
2027 799 2094 826 re-

271 870 505 927 prehendit,
537 869 610 923 qui
640 868 781 910 omnia
810 873 984 922 peccata
1013 865 1133 920 paria
1163 879 1252 906 esse
1284 863 1443 913 dicunt,
1489 877 1566 903 nec
1597 862 1711 916 ipsos
1741 859 1913 915 quidem
1943 859 1987 899 in
2016 858 2095 900 hac

208 950 247 982 10
274 944 477 986 sententia
506 956 766 998 permanere.

385 1019 450 1058 97.
488 1016 586 1058 Cum
615 1023 720 1056 uem.
751 1014 805 1055 ad
834 1027 979 1054 uerum
1009 1020 1076 1053 est.
1136 1009 1209 1051 Ad
1225 1009 1557 1051 aestimationem
1587 1008 1690 1058 ueri,
1722 1007 1777 1048 ad
1807 1005 2095 1048 iudicandum.

275 1089 366 1146 [Ad
396 1088 728 1131 aestimationem
758 1087 802 1127 in
831 1085 924 1135 hoc,
960 1084 1074 1138 quod
1104 1083 1271 1126 facilius
1302 1082 1560 1124 diiudicatur
1589 1082 1746 1123 furtum
1791 1095 1918 1135 quam
1961 1078 2096 1121 homi-

273 1163 444 1213 cidium,
477 1161 590 1215 quod
622 1159 755 1202 Stoici
785 1158 964 1214 nolunt.]

385 1250 524 1277 sensus
554 1250 604 1275 m.
635 1249 670 1276 r.
734 1231 1008 1274 Consuetudo
1038 1229 1201 1284 probat,
1233 1244 1317 1271 non
1348 1229 1468 1283 paria
1498 1242 1588 1270 esse
1619 1234 1806 1283 peccata,
1845 1226 1947 1281 quia
1976 1224 2098 1266 aliter

207 1315 248 1346 15
274 1308 473 1363 punimus
502 1308 651 1356 furem,
684 1305 805 1346 aliter
824 1303 1092 1346 homicidam.
1153 1301 1313 1344 Sensus
1337 1301 1461 1358 [est]:
1493 1300 1633 1342 Aliter
1652 1301 1900 1357 indignatur
1920 1299 2098 1349 animus,

275 1396 371 1422 cum
402 1379 582 1422 audierit
610 1377 886 1421 homicidium
914 1377 1086 1426 factum,
1120 1376 1240 1416 aliter
1271 1390 1366 1416 cum
1397 1376 1569 1416 furtum.

385 1468 601 1509 moresque.
661 1451 886 1501 Iudicium,
912 1450 990 1506 [et]
1016 1448 1248 1491 aestimatio
1269 1448 1499 1489 hominum.
1558 1448 1609 1489 Id
1630 1454 1709 1489 est:
1743 1463 1840 1489 cum
1859 1446 2099 1488 uenerimus

275 1527 328 1568 ad
358 1526 579 1568 ueritatem
608 1525 648 1566 h.
680 1539 714 1566 e.
747 1524 800 1565 ad
830 1523 1104 1565 iudicandum
1149 1522 1200 1563 de
1231 1523 1428 1576 peccatis,
1473 1537 1610 1564 sensus
1656 1531 1692 1563 et
1735 1537 1865 1563 mores
1909 1520 2100 1562 abnuunt

267 1602 393 1656 paria
424 1615 504 1641 esse
526 1606 708 1655 peccata.
769 1598 990 1652 Moresque.
1051 1594 1168 1648 Quia
1197 1595 1319 1636 aliter
1348 1595 1533 1637 sentiunt
1562 1595 1752 1637 homines
1789 1594 1943 1636 caeteri
1973 1608 2099 1648 quam

207 1678 250 1709 20
276 1672 421 1715 Stoici.

387 1747 452 1787 98.
484 1746 611 1800 Atque
631 1745 827 1801 ipsa-ulil-
847 1745 946 1786 iusti
956 1759 998 1800 p.
1020 1759 1070 1784 m.
1102 1753 1138 1785 et
1157 1745 1283 1799 aequi.
1342 1741 1567 1798 Ingeniose
1589 1742 1659 1793 ait,
1690 1744 1842 1784 iustum
1863 1749 1903 1783 et
1929 1756 2100 1799 aequum

274 1833 325 1860 ex
354 1818 532 1860 utilitate
563 1817 829 1859 descendere.
888 1816 1004 1857 Inter
1032 1819 1183 1858 iustum
1213 1822 1353 1856 autem
1383 1822 1423 1856 et
1444 1830 1614 1871 aequum
1633 1816 1738 1857 haec
1758 1815 1995 1857 differentia
2015 1821 2098 1857 est:

273 1893 431 1933 Iustum
452 1898 526 1941 est,
557 1891 672 1945 quod
692 1905 742 1932 ex
762 1890 857 1946 lege
878 1890 1107 1939 descendit,
1137 1903 1305 1945 aequum
1324 1902 1440 1938 uero,
1471 1888 1585 1942 quod
1616 1902 1667 1929 ex
1697 1896 1861 1939 natura,
1906 1895 1950 1930 ut
1982 1890 2099 1932 Maro

275 1964 349 2019 (A.
366 1964 466 2015 VH,
496 1965 619 2018 203>1
651 1965 762 2005 haud
791 1965 927 2005 uincla
947 1979 1018 2005 nec
1039 1964 1188 2018 que'bus
1208 1976 1384 2018 aequam.
1444 1961 1523 2003 Est
1552 1962 1664 2003 enim
1692 1962 1851 2004 utilitas
1879 1977 1982 2003 uera
2001 1961 2101 2003 iusti

208 2043 250 2074 25
276 2045 315 2079 et
344 2038 514 2079 uirtutis
544 2043 695 2086 mater3
742 2037 872 2078 altera
903 2043 976 2086 est,
1015 2050 1124 2090 quae
1154 2036 1323 2077 uidetur
1354 2036 1610 2091 pecuniaria.
1669 2035 1750 2076 Illa
1794 2050 1895 2092 ergo
1940 2035 2099 2076 utilitas

275 2111 373 2152 iusti
403 2118 535 2151 mater
564 2116 773 2165 repugnat.
802 2109 1039 2164 praeceptis
1071 2108 1320 2151 Stoicorum.
1381 2108 1618 2152 Ostendere
1644 2109 1748 2159 uult,
1783 2108 1986 2151 iustitiam
2015 2123 2100 2150 non

276 2197 365 2225 esse
395 2183 642 2233 naturalem,
675 2182 747 2223 sed
777 2188 918 2223 natam
949 2197 1039 2224 esse
1069 2197 1120 2224 ex
1149 2182 1340 2224 utilitate.

389 2257 596 2297 99—106.
638 2270 728 2296 cum
762 2265 1060 2312 prorepserunt.
1133 2255 1185 2296 Id
1229 2262 1303 2307 est,
1348 2263 1662 2310 processerunt3
1709 2256 1843 2307 docet,
1890 2256 2099 2311 quomodo

275 2334 373 2370 nata
403 2329 456 2370 sit
484 2343 536 2370 ex
566 2328 742 2369 utilitate
771 2328 940 2370 iustitia.

209 2406 251 2437 30
384 2404 525 2458 primis
557 2402 748 2443 am‘malc'a
780 2404 907 2443 terris.
966 2401 1231 2458 Hypallage:
1268 2401 1383 2459 [pro]
1417 2403 1555 2457 prima
1585 2403 1784 2445 animalia
1792 2420 1803 2454 ;
1850 2403 2098 2461 intellegen-

276 2474 375 2516 dum
409 2474 587 2532 [autem]
621 2475 823 2517 homines.

392 2586 424 2624 1)
450 2586 488 2615 ob
519 2602 554 2606 »-
582 2595 639 2615 uas
665 2594 724 2615 om.
752 2594 832 2614 luva.
858 2585 926 2614 Alt.
955 2586 1053 2615 schol.
1080 2586 1112 2615 in
1138 2595 1172 2627 ’μ
1211 2586 1286 2623 quia
1311 2586 1428 2615 deiecit
1461 2588 1610 2616 catinum.
1638 2605 1679 2608 —
1714 2588 1828 2618 deiecit
1854 2587 1994 2631 7(G?Q).
2026 2591 2097 2621 rell.

277 2641 432 2671 deiecerit.
482 2641 516 2680 3)
544 2645 618 2671 ante
642 2650 686 2670 me
711 2651 760 2679 po.
781 2640 818 2670 C.
834 2642 989 2670 —catini
1014 2651 1055 2671 m.
1087 2644 1097 2670 l
1128 2642 1160 2671 in
1186 2651 1255 2671 mea
1281 2647 1370 2680 parte
1398 2643 1494 2672 catini
1521 2653 1580 2673 om.
1600 2643 1633 2677 C,
1684 2646 1719 2685 5)
1746 2646 1807 2675 Pro
1834 2647 1909 2676 fidei
1933 2646 2001 2688 ·s‚C.
2027 2647 2097 2676 rell.

276 2707 337 2726 om.
364 2697 460 2735 Vulg.
493 2698 608 2727 lectio:
647 2697 850 2735 promissum,
889 2698 916 2726 si
949 2698 983 2726 in
1017 2698 1097 2734 plac.
1125 2714 1164 2719 --
1192 2698 1361 2735 spondere.
1388 2709 1422 2741 γε
1461 2701 1658 2731 Promissum
1685 2719 1724 2723 —
1757 2713 1816 2732 me.
1851 2703 1920 2733 rell.
1952 2713 2013 2734 om.
2061 2703 2097 2743 8)

278 2751 400 2786 Quibus
426 2752 492 2781 Sto.
521 2753 589 2781 scil.
616 2762 643 2794 γ.
670 2753 738 2781 rell.
765 2762 824 2782 om.
854 2753 949 2790 Vulg.
976 2754 1090 2783 lectio:
1115 2754 1238 2791 Dognn
1266 2756 1390 2792 repreh.
1418 2755 1484 2786 Sto.
1504 2756 1546 2786 C:
1573 2757 1691 2794 Aperte
1715 2767 1797 2796 repr.
1815 2760 1874 2789 hoc
1892 2759 1960 2790 Sto.
1980 2761 2098 2798 dogma

278 2812 336 2837 etc.
386 2809 419 2846 9)
446 2808 553 2837 omnia
576 2818 602 2850 γ.
630 2809 696 2837 rell.
724 2818 783 2837 0111.
812 2826 850 2829 —-
879 2809 991 2838 dieunt
1015 2819 1068 2838 nec
1094 2811 1181 2847 ipsos
1206 2820 1222 2851 γ
1261 2812 1372 2840 dicunt
1397 2816 1422 2840 et,
1446 2812 1489 2841 ait
1518 2822 1554 2841 ne
1586 2814 1643 2851 ips.
1675 2813 1795 2850 vath.
1824 2816 1934 2845 dicunt
1966 2826 2032 2845 cum
2061 2826 2098 2847 ne

278 2864 340 2901 ipsi
371 2865 497 2902 quidem
529 2866 561 2894 in
593 2874 628 2894 ea
660 2870 740 2895 sent.
773 2869 975 2903 permaneant
997 2865 1058 2894 nisi
1080 2866 1253 2896 uer-botenus
1276 2867 1310 2896 C.
1344 2886 1377 2889 Q
1404 2870 1463 2898 hac
1489 2880 1548 2899 om.
1574 2869 1662 2899 vafh.
1729 2870 1784 2910 11)
1809 2872 1870 2901 Pro
1896 2873 2018 2902 scholio
2043 2873 2097 2902 Ad

276 2924 347 2949 aest.
374 2938 414 2941 ῌ-
433 2921 534 2950 nolunt
560 2931 576 2962 γ
602 2922 697 2951 habet
725 2922 802 2951 hoc:
841 2921 891 2950 Ad
917 2927 996 2952 aest.
1024 2940 1064 2942 —
1091 2923 1308 2953 iudicandum.
1362 2926 1415 2963 15)
1441 2930 1483 2954 est
1507 2936 1567 2955 om.
1594 2936 1620 2968 γ.
1653 2931 1749 2955 autem
1779 2929 1877 2957 tacite
1908 2929 2022 2959 inculc.
2057 2929 2095 2965 Q.

281 2976 335 3014 16)
365 2976 409 3011 Q:
436 2977 558 3016 {sactum
583 2983 614 3008 et
640 2983 833 3016 postremum
857 2979 955 3008 schol.
983 2980 1071 3007 uncis
1097 2980 1254 3009 inclusum
1280 2986 1363 3010 recte
1392 2992 1451 3011 om.
1486 2981 1514 3011 G
1539 2982 1635 3011 Med!
1666 2992 1779 3012 sensus
1813 2988 1843 3013 et
1873 2994 1900 3026 γ.
1932 2986 2001 3015 rell.
2034 2995 2095 3016 om.

275 3041 378 3061 sensus
401 3042 554 3071 moresque
578 3034 654 3064 Hor.
722 3035 777 3074 19)
803 3035 933 3064 Lemma
957 3044 1107 3073 wwresque
1132 3037 1268 3075 interpo.
1296 3047 1322 3079 γ.
1388 3036 1444 3079 22)
1472 3039 1642 3075 procedere
1667 3038 1882 3077 G(Q),mvaC.
1914 3041 2096 3071 descendere

275 3087 350 3179 31⁸3.
378 3089 460 3174 conlf.
486 3089 577 3118 infra.
628 3091 685 3130 23)
711 3094 747 3120 ut
772 3101 832 3121 om.
858 3090 923 3121 ash.
974 3091 1030 3129 24)
1056 3093 1141 3122 enim
1164 3102 1191 3134 γ.
1218 3094 1287 3123 rell.
1313 3098 1431 3125 autem.
1480 3096 1537 3134 30)
1563 3104 1619 3133 pro
1645 3105 1706 3125 om.
1731 3105 1844 3137 fflmva.
1906 3097 1963 3136 31)
1988 3101 2115 3127 autema

348 3167 354 3174 .
380 3145 449 3174 rel.
475 3154 537 3175 om.
