2148 3412
175 930 213 961 10

176 1297 214 1327 15

177 1663 218 1696 20

203 2032 217 2059 ἴ
247 2025 372 2059 tatem
405 2019 574 2074 generis
605 2027 643 2060 et
676 2034 759 2069 eos,
791 2019 863 2074 qui
894 2026 1114 2075 gesserunt
1142 2019 1425 2076 magistratus.

237 129 315 168 132
871 135 976 169 Aen.
1001 136 1060 167 ET
1085 135 1253 167 PORPH.
1280 134 1429 168 COMM.

350 262 416 304 83.
447 261 512 302 84.
545 260 724 301 seruauit
768 259 816 300 ab
861 261 973 301 omm'
995 259 1087 302 Non
1132 258 1260 299 solum
1303 258 1424 312 facto,
1469 273 1530 300 ue.
1577 259 1786 314 obprobrio
1832 272 1894 314 qu.
1939 261 2057 315 turpi.
2112 246 2114 259 ’

236 334 484 390 Eleganter;
530 332 705 374 forsitan
736 332 847 374 enim
878 347 1030 387 parum
1060 331 1111 373 sit
1148 331 1206 371 ita
1235 331 1392 381 uiuere,
1438 345 1490 372 ne
1521 331 1724 387 probrose
1755 331 1799 372 in
1829 339 1869 372 te
1898 331 2060 386 aliquid
2113 367 2115 378 .

237 408 437 456 admittas,
474 406 555 447 nisi
586 406 712 446 etiam
743 406 1026 460 suspicionem
1058 419 1224 447 omnem
1255 418 1463 445 amoueas.
2113 450 2116 468 i

349 480 528 521 85—87.
559 479 642 521 Nec
673 481 814 526 tz'vmz't,
846 480 922 520 sila·
947 494 994 520 ηε
1025 480 1120 520 uitio
1152 493 1185 534 q.
1215 485 1307 519 ueri
1337 492 1370 518 ο.
1408 477 1455 518 Se'
1477 492 1625 534 praeco
1650 493 1774 534 paru.
1806 486 1877 520 auc
1906 493 1945 519 u.
1974 479 2004 532 Γ.
2034 480 2060 520 i.
2113 471 2116 511 ἶ

239 562 399 595 coactor
430 552 632 596 mercedes
662 567 736 608 seq.
798 550 940 604 Quid?
971 552 1096 605 quod,
1129 550 1278 604 inquit,
1318 565 1402 592 non
1432 550 1657 592 uerebatur
1686 565 1805 592 meus
1835 558 1967 605 pater,
2011 566 2062 593 ne
2113 590 2116 598 ,

237 626 280 667 in
311 625 465 666 malam
496 624 847 666 existimationem
877 625 992 679 apud
1024 625 1138 666 ciues
1168 631 1208 665 et
1239 631 1440 679 cognatos
1470 623 1688 672 recideret,
1721 624 1755 665 si
1785 624 1888 665 mihi
1910 623 2062 666 libera·
2113 635 2122 689 e*

236 699 293 739 lia
324 698 463 740 studia
492 712 576 739 non
607 698 895 753 praestit-isset,
943 713 1037 740 cum
1066 697 1238 739 humilis
1266 696 1391 738 fuerit
1423 703 1463 738 et
1492 711 1645 752 praeco
1677 705 1717 738 et
1747 697 1846 739 satis
1878 697 1959 739 sibi
1988 713 2064 754 po·
2113 703 2116 743 ὲ

237 771 360 813 tuerit
391 786 494 822 esse,
527 772 561 813 si
592 778 812 826 paternam
841 771 972 813 uitam
1002 771 1248 812 imitaretur.
1321 770 1441 826 Ergo
1472 771 1551 813 hoc
1581 771 1674 826 ipso
1705 771 1834 813 multo
1864 771 2065 813 maiorem
2114 766 2115 815 s

239 845 419 900 gratiam
450 859 493 886 se
524 844 635 900 patri
665 860 740 886 suo
772 845 925 886 debere
956 844 1071 895 dicit,
1118 844 1230 898 quod
1261 859 1390 900 supra
1419 844 1533 886 uires
1563 851 1692 886 status
1728 844 1792 886 sui
1835 844 1970 885 filium
2014 844 2066 886 sit
2115 875 2117 877 -

239 925 498 973 prosecutus.

352 1002 397 1034 ut
424 994 504 1047 fnit
532 994 626 1048 ipse,
659 1001 832 1034 coactor.
891 991 1174 1047 Argentarius
1196 991 1356 1033 seilicet
1377 1000 1554 1040 coactor3
1586 991 1701 1045 quod
1731 991 1887 1033 humile
1909 1005 1958 1033 ae
1979 997 2065 1033 tur·

238 1065 459 1120 pissimum
491 1080 623 1121 genus
655 1072 853 1119 quaestus
883 1064 1130 1106 habebatur.
2114 1060 2116 1067 ⁸

353 1139 532 1180 89-92,
565 1153 682 1194 eoque
714 1139 818 1188 Non,
850 1146 895 1180 ut
923 1153 1068 1193 maqna
1097 1138 1185 1179 dolo
1215 1139 1272 1192 fa.
1306 1152 1391 1193 wey.
1423 1154 1453 1179 e.
1484 1154 1514 1179 s.
1539 1153 1582 1194 p.
1619 1139 1737 1189 Quod
1766 1153 1845 1181 non
1876 1140 2068 1194 ingenuos
2114 1148 2116 1180 5

239 1212 379 1253 habeat
408 1212 509 1253 clar.
533 1225 628 1268 par.
660 1210 726 1253 Sic
756 1226 816 1253 vme
848 1212 922 1265 def.
985 1210 1105 1253 Ordo
1137 1218 1217 1252 est:
1251 1225 1383 1265 eoque
1414 1226 1498 1252 non
1529 1211 1591 1252 sio
1621 1225 1688 1252 me
1718 1211 1954 1253 defendam.
2014 1212 2069 1254 Et
2114 1212 2116 1239 ἶ

241 1292 302 1326 est
332 1299 497 1326 sensus:
530 1285 777 1340 plerumque
809 1300 903 1326 oum
923 1284 1137 1326 humilitas
1158 1284 1326 1340 generis
1346 1283 1626 1339 obprobratur
1646 1284 1787 1336 alicui,
1824 1285 1885 1327 sie
1905 1300 1948 1328 se
1969 1286 2071 1328 solet
2113 1293 2116 1307 ¹

241 1358 480 1408 defendere,
527 1366 569 1399 ut
614 1374 699 1400 non
729 1374 847 1401 suam
879 1358 1049 1413 culpam
1078 1358 1192 1399 dicat
1236 1372 1339 1408 esse,
1385 1358 1498 1412 quod
1528 1358 1580 1400 de
1625 1358 1780 1400 talibus
1825 1359 2070 1414 parentibus
2114 1385 2126 1421 3>

241 1440 357 1473 natus
388 1433 451 1473 sit.
511 1431 608 1488 Ego
639 1440 791 1483 autem,
822 1432 961 1487 inquit
990 1431 1207 1482 Horatius,
1238 1446 1322 1473 non
1353 1438 1516 1473 tantum
1536 1447 1622 1474 non
1642 1432 1780 1474 dicam
1800 1432 1893 1484 hoc,
1924 1448 2071 1476 uerum
2113 1424 2125 1468 '1

243 1504 368 1546 etiam
399 1520 421 1546 e
452 1506 661 1547 contrario
692 1505 846 1547 talibus
876 1505 1123 1560 parentibus
1152 1520 1218 1546 me
1249 1512 1393 1546 natum
1425 1505 1651 1562 gloriabor.
1711 1505 1823 1548 Nam
1859 1506 1895 1549 si
1924 1514 2072 1549 natura
2120 1499 2126 1531 '.

2112 1841 2115 1866 Ι

386 2398 419 2439 1)
445 2400 644 2438 obprobrium
668 2400 712 2429 M.
779 2401 813 2440 2)
841 2400 991 2439 forsitam,
1021 2405 1056 2444 ut
1082 2411 1187 2439 supra.
1225 2419 1267 2422 —⁴
1304 2402 1450 2439 probrose
1474 2399 1685 2441 MR2(G‘?Q).
1722 2401 1868 2441 probrosi
1902 2402 1990 2433 vafh.
2040 2402 2074 2442 5)
2110 2388 2115 2442 1

249 2456 407 2494 Quidquid
430 2456 471 2486 M.
537 2456 571 2494 6)
598 2457 679 2487 liber
703 2457 766 2487 alta
789 2458 832 2486 M.
894 2458 927 2496 7)
955 2462 982 2487 el
1006 2458 1038 2487 M
1065 2457 1186 2496 (preco)
1215 2457 1275 2487 A2.
1303 2458 1371 2488 rell.
1397 2468 1457 2488 om.
1484 2463 1525 2488 et.
1552 2458 1614 2488 fuit
1636 2464 1667 2489 et
1692 2468 1805 2497 praeco
1832 2461 1862 2490 2.
1923 2460 1958 2498 8)
1983 2464 2077 2490 arcem
2110 2443 2114 2503 Ι

249 2514 393 2542 imitarer
418 2514 447 2542 2.
498 2513 531 2552 9)
557 2522 588 2542 se
613 2515 698 2551 patri
724 2512 907 2553 M2(G·?Q).
935 2515 1017 2552 patri
1044 2524 1100 2544 suo
1124 2524 1154 2544 se
1179 2514 1214 2543 R.
1239 2524 1270 2543 se
1294 2516 1395 2544 multo
1421 2525 1481 2545 ma.
1509 2525 1556 2553 gr.
1581 2524 1613 2545 se
1628 2516 1712 2554 patri
1727 2526 1759 2553 v,
1785 2517 1834 2546 bis
1854 2525 1928 2555 ergo
1944 2526 1985 2546 se.
2003 2516 2075 2546 inde
2117 2533 2122 2536 -

249 2569 322 2599 afh:
348 2579 377 2599 se
402 2571 513 2600 multo.
566 2571 620 2610 12)
647 2574 777 2609 questus
802 2571 845 2600 M.
866 2582 906 2600 m.
934 2582 958 2600 s.
1010 2571 1065 2610 14)
1093 2572 1225 2601 habeam
1250 2572 1285 2607 Q.
1312 2572 1404 2601 Breu.
1429 2572 1501 2601 lem.
1530 2571 1582 2602 Sic
1606 2581 1651 2601 me
1674 2571 1736 2612 def.
1763 2571 1809 2601 fh.
1836 2572 1873 2602 Si
1887 2582 1937 2603 me
1953 2573 1988 2602 M
2004 2572 2075 2612 (H).

250 2644 291 2647 —-
307 2627 394 2657 Ordo
410 2628 634 2657 —defendam
647 2627 681 2656 M
695 2628 757 2667 (H)
783 2638 844 2658 om.
872 2632 906 2657 ut
932 2629 1073 2665 uidetur,
1099 2637 1141 2657 ex
1166 2629 1433 2659 homoeoteleuto.
1460 2629 1604 2659 Ordo—-
1624 2627 1669 2658 Et
1694 2638 1754 2658 om.
1780 2629 1818 2659 R.
1882 2629 1936 2668 15)
1964 2629 2076 2667 obpro-

250 2683 342 2713 batus
358 2683 450 2719 M‚fh.
477 2684 563 2713 hum.
585 2684 694 2723 ymnis
711 2684 776 2714 afh.
795 2684 881 2713 hum.
903 2684 997 2723 (Ji-aul
1012 2695 1042 2713 v.
1060 2685 1128 2714 rell.
1147 2685 1233 2714 hum.
1249 2685 1379 2724 (jener-is.
1406 2685 1484 2723 (non
1507 2684 1636 2724 yeneris,
1662 2689 1698 2714 ut
1723 2684 1780 2714 ref.
1799 2684 1853 2724 Q).
1905 2686 1960 2725 16)
1980 2690 2005 2715 te
2021 2685 2074 2717 tal.
2109 2672 2113 2715 i

250 2739 284 2768 M
302 2739 363 2778 (H)
382 2743 418 2769 ut
437 2740 520 2770 infra
537 2744 651 2769 temens.
704 2742 758 2780 17)
784 2741 885 2779 inquit
908 2742 1030 2770 oratius
1054 2741 1097 2772 M.
1125 2742 1187 2779 inq.
1214 2742 1281 2770 hor.
1307 2741 1343 2771 R.
1369 2742 1437 2773 rell.
1464 2741 1540 2771 Hor.
1566 2742 1631 2779 inq.
1683 2742 1738 2780 19)
1763 2746 1944 2772 nasceretur
1967 2741 2011 2771 M.
2027 2751 2076 2771 ‘re-
2109 2739 2112 2780 ξ

253 2800 433 2825 nasceretur
449 2796 484 2825 R.
504 2800 742 2827 renascerentur
758 2797 798 2827 A.
818 2807 1050 2827 renasceremur
1069 2798 1097 2827 2.
1115 2806 1314 2827 nasceremur
1334 2796 1453 2838 (G?)Q.
1480 2802 1660 2828 nasceretur
1683 2798 1770 2829 vafb.
1819 2798 1876 2836 20)
1896 2808 1932 2828 ez·
1948 2800 2021 2829 nob.
2038 2798 2075 2828 R.
2109 2781 2112 2842 i

255 2861 295 2880 ex
312 2852 472 2882 hominibus
489 2853 554 2882 afh.
573 2854 686 2884 malem
703 2858 729 2883 ec
744 2853 908 2883 hominibus
933 2855 1008 2884 hon.
1036 2854 1156 2884 functas
1181 2864 1210 2883 v.
1236 2854 1395 2893 Equidem
1420 2855 1591 2893 legendum
1616 2859 1713 2893 puto:
1739 2854 1881 2885 nobilibus
1905 2854 2074 2885 hominibus.
2109 2845 2113 2880 7⁸

254 2909 332 2937 conf.
360 2908 426 2938 Cic.
450 2909 537 2939 Vcrr.
562 2910 600 2947 V,
629 2911 681 2947 71⁷
718 2911 772 2940 ubi
798 2911 863 2940 illis
886 2910 1016 2940 homines
1040 2911 1111 2940 nom·
1135 2916 1348 2949 opponuntur.
1386 2910 1454 2941 Cic.
1482 2910 1568 2940 Coel.
1597 2912 1653 2941 13:
1691 2912 1805 2941 mulier
1841 2912 1971 2941 nobilis.
1997 2928 2039 2932 -—
2061 2919 2077 2940 e
2108 2899 2112 2952 1

254 2965 370 3002 quibus
396 2965 557 3005 MizGffl).
583 2977 675 3005 quami
701 2968 827 3005 quibus,
854 2977 905 2997 0111
932 2976 959 3003 0,
985 2967 1022 2996 R.
1049 2977 1143 3005 quam
1169 2967 1210 2996 eis
1239 2967 1285 3005 (οί
1308 2966 1344 3007 v)
1373 2969 1488 3006 quibus
1514 2967 1579 2998 afli.
1645 2968 1700 3007 23)
1728 2967 1903 3006 superbiam
1925 2967 1970 2997 fh.
2019 2967 2075 3006 25)
2108 2953 2112 2996 1

254 3021 387 3058 gesserit
409 3021 451 3053 M.
515 3024 572 3062 26)
599 3024 701 3052 aborr.
727 3024 764 3053 R.
830 3023 887 3061 27)
916 3024 1056 3061 equestri
1081 3023 1198 3054 honori
1221 3034 1268 3062 gr.
1294 3024 1337 3054 M.
1365 3025 1505 3063 equestri
1530 3024 1660 3054 honoris
1684 3034 1732 3062 gr.
1758 3024 1794 3054 R.
1833 3024 1985 3063 equestris
2019 3025 2076 3054 ho·
2107 2997 2112 3064 J

254 3077 338 3107 noris
364 3087 411 3115 gr.
439 3078 466 3107 2.
494 3079 650 3117 equestris
673 3079 789 3110 ordinis
814 3089 861 3118 gr.
886 3080 925 3110 A.
953 3080 1092 3118 equestri
1111 3080 1211 3120 (sraela
1236 3080 1302 3110 afh.
1331 3081 1507 3119 equaestris
1531 3089 1578 3119 gr.
1605 3091 1637 3110 v.
2107 3075 2111 3170 1

2108 3172 2110 3199 1

2109 3203 2110 3236 l

2108 3272 2111 3311 l

242 1578 500 1634 permitteret
531 1579 695 1620 renasci
725 1586 765 1621 et
795 1579 952 1635 eligere
982 1586 1192 1634 parentes,
1239 1593 1289 1620 ex
1320 1578 1474 1633 quibus
1504 1593 1833 1631 renasceremur,
1878 1595 1964 1622 non
1994 1595 2071 1637 ego

243 1652 412 1693 mallem
444 1667 465 1693 e
496 1652 710 1694 nobilibus
743 1652 858 1709 (nob.
897 1652 1182 1707 hominibus?)
1215 1660 1255 1693 et
1284 1652 1514 1694 honoribus
1544 1653 1698 1695 functis
1727 1653 1858 1704 nasei,
1895 1669 2022 1709 quam
2050 1668 2072 1696 e

243 1725 398 1779 quibus
427 1732 550 1766 natus
581 1741 685 1767 sum.

358 1799 423 1840 95.
455 1799 543 1854 Atq.
573 1800 671 1841 alios
703 1801 775 1854 leq.
807 1801 858 1840 acl
887 1801 1037 1854 fastum
1068 1814 1199 1854 quosc.
1227 1813 1318 1855 par.
1377 1799 1443 1841 Ad
1470 1801 1635 1854 fastum,
1667 1801 1747 1843 hoc
1777 1808 1851 1852 est,
1883 1801 1937 1842 ad
1956 1800 2072 1843 fasti-

245 1871 374 1922 dium,
406 1887 455 1913 ae
486 1887 562 1926 per
592 1872 671 1914 1100
702 1874 880 1929 superbe.

360 1946 424 1985 97.
458 1947 522 1987 98.
557 1946 714 1987 demens
744 1948 767 1987 i.
800 1961 840 1987 u.
872 1946 1025 1988 Iudicio
1056 1947 1179 2001 aul-qi.
1240 1945 1408 2003 Vulgus
1439 1947 1551 1988 enim
1586 1947 1732 2004 magni
1776 1947 1877 1990 facit
1921 1947 2073 1990 nobili-

360 2107 484 2134 sanus
512 2093 606 2146 fort.
625 2101 704 2134 tuo.
765 2092 863 2134 Hoc
893 2092 947 2133 ad
966 2091 1259 2134 Maecenatem
1290 2100 1402 2134 reete
1433 2093 1599 2144 dicitur,
1631 2094 1716 2149 qui,
1749 2094 1979 2137 abhorrens
2009 2109 2072 2137 se-

247 2165 453 2205 natoriam
484 2165 747 2221 dignitatem,
778 2165 823 2206 in
854 2166 1058 2220 equestris
1089 2166 1249 2209 ordinis
1280 2166 1415 2222 gradu
1446 2181 1490 2209 se
1521 2167 1737 2209 continuit.
