2148 3412
100 942 134 972 is!

96 1310 132 1340 15

164 135 245 174 445
797 144 901 177 Aen.
927 145 987 176 ET
1013 145 1179 177 PouPH.
1205 145 1353 178 coMM.

277 270 342 310 45.
376 282 557 323 qaorum.
619 268 691 308 Al.
723 267 794 322 qui
826 267 929 308 lauti
960 267 1072 309 estis.

277 343 343 381 46.
374 342 563 395 fundata.
627 339 869 382 Conlocata.

896 469 1072 514 PORPH
1078 469 1256 514 YRION.

279 562 392 612 Qaae
422 562 473 602 sil
504 561 651 617 hiemps
678 561 817 611 Veliae,
850 561 956 617 qaod
986 561 1147 602 caelum.
1229 558 1387 602 Scribit
1419 560 1598 602 saturiee
1637 560 1689 601 de
1720 559 1829 601 Baia
1867 560 1989 602 luxu-

160 635 272 676 riosa
305 633 526 691 [Baiarum
557 633 742 691 luxuria]
779 633 870 692 [et]
904 633 1063 690 Tangit
1092 648 1176 684 eos,
1208 634 1280 689 qui
1315 634 1358 674 in
1404 633 1582 688 penuria
1626 633 1990 689 philosophantur,

160 707 287 749 iidem
319 707 604 763 uoluptatibus
635 707 846 757 seruituri,
884 707 919 749 si
947 707 1116 749 fruendi
1146 707 1330 749 habeant
1359 714 1618 762 potestatem.
1679 706 1737 748 Et
1767 714 1828 749 est
1848 707 1891 748 in
1912 707 1991 749 hac

161 781 340 836 epistula
370 781 634 836 hyperbaton
665 781 853 837 longum,
900 781 1013 835 quod
1043 781 1123 823 hoo
1157 781 1305 823 ordine
1351 781 1547 823 soluitur:
1595 781 1708 832 Quae
1752 783 1802 823 sit
1846 781 1992 837 hiemps

170 855 306 904 Veliae,
339 856 444 911 qaod
476 856 632 897 caelum
670 855 768 896 Γαῖα
801 855 973 905 Salerni,
1025 855 1210 906 Quorum
1240 856 1443 897 hominum
1474 857 1581 910 reqio
1614 863 1648 896 et
1679 854 1809 911 qualis
1839 855 1910 896 uia
1938 879 1991 884 —-

165 929 338 970 Tractus
370 937 459 970 uter
482 930 627 985 pla-res
658 929 824 985 lepores,
855 936 946 969 uter
976 929 1114 970 educet
1143 944 1265 985 apros
1288 955 1327 958 -—
1356 930 1452 970 Ulra
1483 930 1609 983 mayz's
1623 929 1758 984 pisces
1779 936 1815 969 et
1836 927 1991 969 echinos

162 1016 336 1057 aequora
370 1003 491 1044 celent
526 1029 574 1033 w
607 1003 789 1044 Scribere
820 1011 854 1043 te
885 1003 996 1044 nobis
1029 1003 1098 1044 tibi
1123 1017 1195 1044 nos
1227 1004 1442 1044 adcredere
1469 1016 1550 1059 par
1581 1011 1649 1044 est.

273 1076 311 1116 2.
342 1077 379 1117 3.
411 1091 501 1117 nam
522 1077 621 1118 milei
643 1077 767 1118 Baias
788 1077 911 1118 Musa
933 1090 1221 1132 superuacues.
1280 1075 1345 1117 Ne
1366 1076 1469 1117 mihi
1506 1075 1675 1131 quidem
1704 1074 1944 1130 (Myrtariis
1954 1076 1989 1130 ?)

159 1147 261 1190 Bais
282 1149 403 1203 aquis
433 1165 538 1205 opus
569 1149 619 1191 sit
651 1150 703 1190 ad
736 1164 880 1191 euram
912 1149 1114 1205 eorporis,
1146 1149 1245 1190 facit
1284 1148 1497 1191 Antonius
1536 1149 1662 1191 Musa
1693 1149 1881 1191 medicus
1911 1149 1990 1190 im-

159 1222 378 1276 peratoris,
410 1223 511 1264 facit
532 1222 787 1264 consuetudo
807 1221 1033 1264 lauationis
1063 1237 1195 1273 meae,
1227 1223 1340 1277 quod
1370 1223 1521 1266 mediis
1550 1222 1781 1279 frigoribus
1811 1222 1992 1278 perluor.

274 1297 311 1337 5.
342 1305 521 1351 myrteta.
581 1297 771 1353 Myrteta,
804 1310 948 1350 aquas,
981 1309 1085 1350 quas
1115 1296 1244 1351 uulgo
1266 1297 1494 1353 Myrtarz'as
1525 1296 1682 1338 dieunt.
1742 1297 1849 1339 Sane
1879 1311 1990 1353 myr-

278 1508 310 1546 1)
335 1516 468 1546 quoram.
494 1508 535 1537 al.
564 1517 592 1546 q.
619 1509 639 1537 1.
667 1508 744 1537 estis
769 1516 795 1549 γ,
822 1506 902 1537 conf.
929 1506 969 1537 C:
995 1516 1057 1537 uos.
1084 1508 1136 1546 qui
1162 1507 1183 1537 l.
1211 1508 1299 1537 estis.
1325 1507 1394 1537 rell.
1420 1516 1481 1538 om.
1546 1507 1580 1547 2)
1609 1506 1775 1538 Collocata
1799 1517 1825 1550 γ.
1844 1508 1911 1538 rell.
1930 1518 1990 1539 om.

275 1564 429 1594 PORPH.
478 1564 644 1603 Inseriptt.
671 1564 789 1594 nullae.

273 1621 307 1660 5)
333 1622 452 1660 hiemps
475 1621 519 1658 M,
545 1625 581 1651 ut
606 1631 688 1651 omn.
715 1622 780 1651 fere
805 1624 885 1651 uett.
911 1621 1002 1651 codd.
1029 1620 1167 1650 Horatii.
1195 1620 1273 1650 conf.
1302 1619 1336 1650 C.
1363 1621 1389 1658 Ι,
1416 1621 1446 1658 4,
1476 1622 1503 1650 1.
1542 1620 1643 1659 Epod.
1669 1620 1710 1658 II,
1739 1621 1791 1651 52.
1831 1622 1881 1661 (et
1907 1621 1938 1653 S.
1964 1623 1989 1660 Ι,

162 1678 188 1713 1,
216 1678 267 1706 39.
295 1677 333 1710 Ε,
359 1678 384 1715 1,
413 1679 464 1714 10,
494 1678 560 1717 15).
587 1678 697 1717 hyems
722 1677 810 1708 vafh.
835 1677 928 1707 hiems
953 1676 990 1712 Q.
1018 1694 1058 1697 —ss
1086 1678 1243 1707 satarieae
1267 1677 1311 1706 M.
1338 1678 1474 1708 saturica
1498 1676 1566 1708 RG.
1605 1677 1694 1708 satir.
1722 1677 1758 1713 Q.
1785 1679 1854 1708 rell.
1892 1682 1989 1718 satyr.

158 1735 233 1763 baia
266 1734 426 1765 luxuriosi
440 1733 545 1765 MRG.
570 1735 640 1764 rell.
668 1735 707 1764 de
724 1734 873 1765 Baiarum
897 1733 1039 1764 luxuria.
1066 1733 1159 1764 Baia.
1187 1735 1383 1771 rectissime3
1411 1744 1485 1764 nam
1509 1734 1581 1764 urbs
1606 1735 1726 1764 dieitur
1741 1734 1834 1765 Baia.
1854 1734 1920 1765 Cic.
1947 1737 1989 1766 ad

159 1791 234 1820 Diu.
260 1790 315 1828 IX,
343 1792 374 1821 2.
404 1793 453 1824 12.
478 1792 531 1821 Ad
555 1792 638 1821 hanc
664 1793 775 1822 urbem
800 1792 1006 1830 pertinebant
1029 1790 1128 1820 Baiae
1153 1790 1230 1821 Hor.
1258 1790 1294 1821 C.
1320 1791 1363 1828 II,
1393 1792 1443 1828 18,
1472 1792 1523 1822 20.
1549 1790 1607 1828 ΙΙΙ,
1635 1792 1665 1829 4,
1692 1792 1744 1822 24.
1771 1791 1808 1821 Ε.
1826 1792 1851 1829 Ι,
1882 1792 1932 1829 15,
1961 1793 1989 1822 2.

161 1848 211 1876 12.
238 1847 304 1876 Cic.
330 1847 416 1878 Coel.
446 1849 496 1879 15.
526 1849 575 1878 16.
602 1848 674 1878 Tib.
700 1848 758 1885 111,
786 1848 817 1886 5,
845 1849 875 1885 3,
902 1849 922 1878 i.
950 1857 977 1878 e.
1004 1847 1103 1877 Baiae
1127 1857 1224 1886 aquae
1248 1847 1341 1886 Prop.
1368 1847 1394 1885 Ι,
1425 1849 1475 1886 11,
1504 1849 1555 1879 30.
1582 1848 1680 1878 Posui
1706 1847 1790 1878 Bac'a
1815 1849 1989 1879 luxuriosa.
2048 1846 2051 1860 ³

159 1905 197 1933 cf.
217 1904 387 1934 Memmius
411 1914 462 1943 ap.
489 1903 577 1935 Seru.
604 1905 644 1934 ad
659 1904 753 1943 Verg.
771 1904 810 1934 A.
826 1904 850 1942 1,
869 1904 948 1934 165:
976 1905 1095 1943 oppida
1121 1904 1221 1934 Asiae
1247 1905 1518 1934 luxuriosissima.
1544 1904 1579 1933 F.
1593 1904 1628 1934 F.
1646 1904 1774 1934 Franke
1797 1905 1923 1935 uoluit:
1951 1906 1990 1935 de

158 1960 310 1990 Baiarum
334 1961 518 1998 luxuriosis,
549 1965 579 1991 et
605 1961 656 1991 Fr.
682 1961 880 2001 Vogelleim:
908 1962 946 1991 de
971 1961 1062 1998 Βαὶα,
1088 1960 1261 1991 luxuriosis
1277 1961 1396 1991 scilicet.
1421 1961 1613 1992 Audiendus
1628 1963 1725 1992 etiam
1743 1965 1791 1991 est
1805 1961 1847 1991 H.
1875 1961 1987 2000 Steph.

162 2017 316 2046 Emendd.
335 2028 365 2056 p.
388 2019 466 2048 157:
495 2018 597 2048 ‘hiems
629 2018 738 2048 Veliae.
786 2019 824 2048 In
848 2019 925 2048 haec
950 2019 1048 2048 uerba
1072 2018 1225 2057 leguntur
1250 2018 1314 2047 ista
1339 2018 1396 2048 sub
1421 2018 1657 2058 Porphyrionis
1684 2020 1831 2049 nomine:
1869 2018 1990 2049 Scribit

160 2075 300 2113 satyrice
327 2075 365 2104 de
391 2075 543 2105 Baiarum
569 2076 699 2105 luxuria
724 2077 895 2114 tangitque
923 2085 974 2105 eas
997 2085 1085 2114 quam
1109 2075 1141 2104 ia
1158 2074 1292 2113 penuria
1315 2074 1443 2104 habeant
1462 2078 1643 2113 potestatem,
1680 2076 1749 2105 siue
1773 2079 1808 2105 ut
1835 2076 1867 2105 in
1892 2075 1988 2105 Badii

158 2131 208 2169 (a)
235 2131 394 2163 editione:
420 2133 589 2171 tangitque
616 2142 680 2169 eos,
707 2133 761 2171 qui
787 2142 854 2162 eam
882 2133 915 2161 in
940 2132 1074 2170 penuria
1098 2131 1261 2161 habebant
1286 2134 1488 2169 potestatem.
1530 2130 1594 2162 Sed
1619 2133 1672 2171 qui
1697 2132 1750 2161 hie
1774 2132 1988 2172 Porphyrioni

158 2190 223 2216 tam
252 2189 469 2226 aenigmatice
506 2189 652 2227 loquenti
688 2188 770 2227 (siue
795 2189 880 2218 hane
904 2190 973 2218 siue
1000 2189 1089 2218 illam
1115 2189 1307 2226 scripturam
1333 2188 1519 2227 sequamur)
1557 2198 1621 2218 non
1659 2186 1870 2219 succenseat?
1918 2189 1985 2219 Imo

158 2245 231 2274 uide
257 2254 351 2282 quam
376 2246 459 2275 nihil
485 2246 747 2284 aenigmaticum,
787 2246 843 2275 sed
869 2250 980 2275 contra
1004 2245 1208 2283 perspicuum
1233 2245 1388 2282 quiddam
1418 2248 1450 2274 et
1473 2244 1696 2285 Porphyrione
1734 2246 1869 2284 dignum
1903 2249 1988 2275 aetas

158 2301 233 2330 illua
255 2302 408 2341 exemplar
433 2302 563 2333 afferat:
592 2301 706 2342 hyems]
735 2301 802 2332 Ser.
829 2306 886 2332 sat.
914 2303 943 2331 d.
963 2302 999 2331 B.
1014 2303 1035 2331 l.
1074 2301 1166 2340 ⁶(sic)
1193 2305 1220 2330 et
1242 2300 1336 2340 tanyz't
1359 2310 1416 2338 eos,
1453 2301 1504 2340 qai
1526 2301 1557 2331 z'n
1575 2302 1709 2340 penaria
1728 2301 1987 2341 philosophantur,

156 2358 353 2397 uoluptatibus
376 2359 528 2397 semitm-i,
555 2359 582 2389 si
593 2359 726 2398 flacencli
748 2359 875 2389 habeant
894 2357 1086 2397 potestatem.‘
1144 2359 1177 2397 6)
1203 2361 1231 2387 et
1254 2367 1315 2388 om.
1335 2358 1523 2398 MR2G(Q).
1539 2359 1703 2397 tangitque
1726 2359 1832 2388 vcafh.
1859 2359 1914 2397 qui
1934 2367 1988 2397 pe—
2038 2351 2042 2371 ;

157 2417 277 2447 nariam
301 2418 570 2456 philosophantur
594 2418 656 2447 MR
680 2416 852 2457 (phantur)
879 2419 933 2456 qui
960 2417 991 2446 z‘n
1015 2425 1087 2455 pen.
1114 2416 1189 2454 phil.
1217 2415 1255 2448 G.
1282 2416 1504 2454 philosophari
1529 2416 1693 2454 penuriam
1709 2416 1772 2444 dici
1797 2416 1919 2453 nequit.
1945 2432 1987 2437 -«

157 2476 433 2513 philosophantur.
469 2475 557 2506 Idem
582 2475 624 2504 M.
664 2476 780 2513 philos.
806 2475 890 2505 idem
916 2476 952 2504 R.
978 2475 1031 2513 ph.
1058 2474 1151 2503 z'z‘dem
1177 2473 1269 2503 A2G.
1297 2483 1338 2503 ex
1361 2472 1395 2502 z‘cl
1417 2473 1432 2502 ἒ
1456 2489 1500 2504 z
1525 2472 1557 2502 id
1581 2476 1633 2509 est,
1670 2475 1706 2501 ut
1730 2471 1763 2501 F.
1789 2471 1825 2501 F.
1863 2471 1988 2502 Franke

156 2533 270 2562 uoluit.
338 2533 371 2570 7)
399 2533 425 2562 si
451 2533 511 2561 sru.
539 2533 590 2561 ha.
618 2536 813 2570 potestatem
839 2530 944 2561 MRG.
971 2535 1067 2562 recte.
1095 2540 1158 2560 non
1184 2534 1289 2561 ortum
1314 2530 1485 2568 tangitque
1511 2538 1563 2559 eos
1587 2528 1638 2567 qui
1665 2528 1736 2566 (eas
1762 2537 1853 2567 qaam
1875 2528 1928 2566 fh)
1955 2529 1987 2558 in

155 2590 288 2627 penuria
313 2590 364 2618 ha.
390 2599 439 2627 po.
466 2590 535 2618 vfh.
561 2589 613 2628 qai
636 2599 699 2618 eam
725 2590 757 2618 in
783 2590 931 2627 poenuria
957 2587 1127 2627 (habebant
1150 2598 1198 2625 po.
1227 2597 1253 2617 a.
1304 2587 1338 2626 9)
1364 2587 1474 2616 Veliae
1511 2595 1572 2616 om.
1611 2585 1648 2620 Q.
1686 2586 1801 2624 hyems
1839 2584 1920 2614 uelie
1953 2594 1985 2614 v.

159 2648 213 2683 11)
240 2646 413 2676 adcredere
438 2646 481 2675 M.
508 2646 576 2676 rell.
603 2655 683 2675 acer.
712 2664 750 2665 *W
780 2647 860 2675 conf.
886 2646 955 2689 Βφι
984 2663 1026 2666 m-
1052 2648 1094 2674 ‘at
1121 2654 1179 2674 nos
1205 2647 1254 2674 est
1279 2653 1336 2681 par
1361 2643 1420 2672 tibi
1446 2642 1580 2672 credere.
1621 2641 1667 2672 Ut
1692 2642 1767 2671 inde
1792 2641 1914 2679 possim
1937 2650 1986 2670 re-

156 2705 236 2733 uerti
263 2704 303 2733 ad
322 2704 449 2734 domum
468 2703 597 2742 pinguis
616 2706 647 2732 et
665 2703 782 2741 pheax.
801 2712 875 2732 nam
900 2703 975 2732 mihi
1002 2706 1044 2732 esc
1066 2711 1151 2731 masa
1174 2709 1364 2739 superuacua
1383 2698 1470 2737 (sic).
1490 2699 1571 2729 conf.
1598 2699 1713 2728 lemma
1730 2707 1876 2737 sequens.
1927 2697 1983 2736 12)

156 2770 226 2789 nam
253 2761 333 2790 mihi
359 2764 400 2789 est
424 2760 500 2798 (0111.
527 2759 637 2797 Baias)
664 2769 727 2789 mu.
754 2769 800 2789 su.
827 2758 929 2789 MRG.
956 2759 1038 2788 conf.
1059 2759 1199 2797 glossam
1217 2758 1249 2787 in
1268 2757 1336 2799 qu:
1363 2756 1454 2785 baias
1482 2765 1505 2784 s·
1532 2759 1573 2784 est
1598 2753 1654 2793 (Ῥ).
1676 2772 1717 2775 m<
1735 2755 1783 2784 Ne
1807 2755 1886 2784 mihi
1913 2755 1984 2793 qui·
2030 2766 2033 2793 5

156 2817 225 2845 (lem
251 2817 374 2846 urbanis
399 2827 448 2854 op.
475 2816 550 2846 MA.
578 2826 617 2846 ne
643 2826 683 2846 m.
709 2817 837 2854 quidem
862 2817 998 2845 urbanas
1022 2815 1056 2844 R.
1082 2825 1113 2844 n.
1141 2825 1182 2844 111.
1207 2811 1244 2852 ‘qi
1269 2814 1419 2843 urbanam
1444 2813 1472 2841 2.
1506 2821 1544 2841 ne
1577 2811 1655 2841 mihi
1679 2810 1731 2850 qai
1753 2812 1909 2841 urbanum
1933 2819 1983 2848 op.

156 2872 242 2902 vasli.
272 2873 362 2910 posui
386 2872 462 2902 Bais
487 2872 581 2911 aquis.
607 2871 685 2902 Cum
711 2873 961 2909 Dillenburgero
987 2881 1016 2908 p.
1047 2872 1084 2899 15
1112 2870 1138 2905 Q
1165 2871 1293 2909 scripsit
1321 2869 1483 2905 Baianum,
1517 2868 1652 2898 addens:
1680 2867 1765 2899 ‘fort.
1791 2868 1890 2897 etiam
1913 2866 1985 2896 arbe

157 2928 267 2957 baiana
292 2938 317 2957 s.
344 2929 495 2959 Baiarum
521 2939 546 2958 s.
572 2929 684 2966 Baiis',
721 2930 789 2958 siue
813 2944 844 2948 —
860 2928 938 2957 siue.
966 2927 1017 2969 Βφ
1043 2937 1103 2957 0111.
1131 2928 1191 2957 hoe
1216 2928 1314 2957 schol.
1342 2927 1478 2956 habent:
1506 2924 1662 2954 ‘amonius
1690 2928 1784 2962 poeta
1809 2924 1984 2954 maledicus

157 2985 300 3013 baiarum
327 2986 379 3023 qui
406 2986 533 3016 horatio
560 2985 771 3015 detrahebat!
824 2985 878 3022 13)
905 2984 1046 3013 medicus
1073 2993 1124 3013 um
1145 2984 1222 3023 (sie)
1242 2983 1347 3014 facitis
1373 2982 1468 3013 Cons.
1496 2982 1516 3011 1.
1542 2991 1582 3011 m.
1610 2990 1638 3019 q.
1665 2990 1705 3010 111.
1732 2981 1908 3019 frigoribus
1933 2988 1984 3010 ez·-

151 3041 289 3079 polasam
314 3041 389 3080 (sic)
417 3042 459 3070 M.
486 3042 629 3072 medicus
656 3043 712 3072 Im.
738 3042 816 3071 facit
841 3040 867 3069 is
892 3050 975 3070 cons.
994 3058 1031 3060 γ’
1048 3041 1223 3078 frigoribus
1248 3040 1401 3079 ezplusam
1425 3036 1502 3080 (sic)
1520 3038 1556 3067 R.
1584 3047 1673 3068 musa
1698 3037 1737 3066 im
1761 3037 1839 3066 facit
1866 3037 1894 3072 2,
1921 3046 1980 3066 om.

157 3098 309 3127 medicus.
372 3099 426 3135 14)
452 3099 532 3127 med.
558 3098 731 3136 frigoribus
745 3097 879 3137 frz'yz'dis
903 3097 1007 3127 uoluit
1024 3097 1265 3136 Dillenburger,
1292 3097 1348 3126 sed
1372 3095 1485 3126 lauatio
1502 3103 1565 3124 mea
1591 3093 1764 3132 praecedit.
1816 3093 1871 3131 15)
1897 3102 1983 3132 myr-

156 3158 224 3183 teta
249 3154 330 3194 (bis)
348 3154 391 3184 M.
410 3154 539 3185 mirteta
557 3155 637 3194 (bis)
656 3173 696 3176 -—
709 3155 1044 3195 myst-tariasmmyrta
1070 3154 1147 3194 (sie)
1167 3156 1343 3193 relinquunt
1358 3153 1391 3183 R.
1411 3155 1507 3192 myrt.
1525 3151 1614 3182 vafh.
1640 3151 1752 3188 Neque
1776 3152 1861 3180 recte
1879 3157 1981 3187 neque

2076 151 2083 268 ,ἡὴ-

2129 384 2139 388 s
2129 364 2135 371 .

2133 1691 2146 1714 (l
