2148 3412
862 113 908 144 IN
935 113 1070 145 snnM.
1097 114 1124 151 1,
1150 117 1180 144 9.
1858 105 1936 144 163

111 237 268 279 Amant
295 235 436 277 nescio
468 236 676 289 quomodo
706 240 753 290 τῇ
785 236 966 291 ἐκλείψει
998 236 1042 277 in
1073 235 1274 277 relatione
1307 236 1514 292 (dicere‘f)
1546 237 1639 278 loca
1670 252 1801 278 sacra.
1864 236 1938 279 Sic

118 309 335 368 [denique]
369 315 408 349 et
443 310 650 350 Terentius
682 308 786 363 (Ad.
802 308 880 357 IV,
900 310 1150 359 2‚43-582
1167 309 1254 365 ΕΙ.)
1286 309 1361 350 ait:
1397 312 1469 352 ubi
1495 312 1549 352 ad
1581 312 1736 352 Dianae
1765 312 1938 352 ueneris.

111 382 182 426 Sic
212 381 391 435 denique
421 396 496 423 nos
526 381 651 423 hodie
680 383 722 422 in
758 382 917 423 Claudii
943 382 1011 422 uel
1040 384 1080 423 in
1116 383 1286 424 Telluris
1318 383 1509 433 dicimus,
1542 398 1620 424 nec
1651 382 1936 440 ad[di]dimus

109 457 244 499 aedem
274 463 347 496 aut
376 454 575 510 templum.

217 529 283 570 37.
316 528 422 584 quod
449 528 495 568 nz‘
518 528 685 581 fecisset,
710 528 884 583 perdere
915 529 1032 569 litem.
1105 527 1164 569 Et
1207 527 1276 569 hic
1320 528 1590 578 audiendum,
1636 543 1714 584 per
1757 544 1937 585 zeugma

114 602 283 651 debebat,
317 600 381 657 [ut
410 600 483 642 sit:
517 599 694 655 perdere
725 600 840 642 litem
871 600 1085 658 debebat]

216 676 282 716 38.
313 674 527 722 Inteream,
559 674 596 714 si
612 674 700 715 Aut
719 674 835 715 ualeo
856 682 973 715 stare.
1030 673 1129 715 Hoc
1149 673 1354 716 Horatius
1386 674 1530 716 dicens
1560 681 1700 732 negat,
1738 690 1781 717 se
1812 689 1936 730 posse

107 763 198 791 eum
229 753 485 801 exspectare.

214 822 279 862 40.
309 821 375 860 41.
411 820 515 861 Tene
544 820 768 874 relinquam
799 834 852 860 an
882 833 978 863 rem.
1011 821 1089 870 Me,
1132 821 1256 862 sodes.
1318 821 1418 862 Rem
1462 835 1539 875 pro
1584 820 1656 861 lite
1701 821 1825 869 dixit3
1874 821 1935 862 sic

106 894 283 949 denique
314 900 354 934 et
383 893 426 933 in
457 892 623 948 legibus
654 892 856 947 scriptum
888 892 1071 934 inueniri
1102 893 1224 934 solet:
1258 908 1342 934 rem
1373 895 1458 934 siue
1490 894 1602 934 [ilem.

213 968 278 1008 42.
311 967 396 1021 qu
426 974 470 1008 ut
501 966 733 1007 contendere
765 966 915 1007 durum
937 966 1036 1007 Cum
1056 968 1222 1014 uictore,
1254 981 1407 1021 sequor.
1469 964 1589 1007 Ordo
1612 973 1651 1006 et
1672 981 1817 1007 sensus
1850 973 1930 1008 est:

104 1040 198 1097 Ego
229 1054 393 1094 sequor,
424 1046 469 1079 ut
500 1046 561 1079 est
592 1038 756 1088 durum,
789 1038 1041 1080 contendere
1073 1053 1167 1080 cum
1198 1038 1358 1080 uictore
1380 1039 1405 1079 i.
1427 1053 1461 1079 e.
1484 1039 1712 1093 pertinace.

213 1114 428 1157 Maecenas
460 1112 654 1168 quomodo
685 1115 844 1154 lecum?
887 1113 994 1153 Hinc
1025 1114 1172 1168 repetit.
1233 1111 1350 1153 Hinc
1381 1112 1545 1167 repetit,
1578 1112 1726 1167 inquit,
1765 1127 1929 1155 mecum

103 1201 332 1229 sermonem
353 1186 551 1227 molestus
572 1185 661 1226 ille:
696 1187 910 1227 Maecenas
932 1185 1141 1240 quomodo
1164 1186 1327 1227 tecum?
1387 1185 1444 1225 Et
1465 1185 1802 1226 subaudiendum
1835 1189 1929 1240 aqz't.

210 1260 276 1301 44.
308 1260 536 1301 Paucorum
566 1259 769 1300 hominum
799 1267 835 1299 et
873 1259 1013 1300 mentis
1059 1259 1091 1299 b.
1135 1273 1270 1300 sanae.
1294 1260 1311 1311 ΙΙ
1333 1258 1538 1300 Horatius
1569 1258 1672 1299 dicit
1691 1260 1708 1313 Η
1730 1274 1932 1315 magnum

101 1347 255 1375 narras.
277 1334 294 1387 Η
315 1331 380 1373 Ne
398 1346 568 1374 necesse
589 1332 654 1382 sit,
686 1332 927 1386 frequenter
957 1331 1190 1381 ostendere,
1224 1331 1316 1386 quis
1339 1332 1445 1388 (etP)
1467 1345 1574 1386 quae
1605 1331 1737 1373 uerba
1766 1332 1932 1382 habeat,

101 1413 171 1449 aut
189 1406 299 1448 unde
319 1405 495 1462 incipiat
524 1405 649 1461 loqui.
684 1403 795 1461 [Ob]
827 1405 907 1446 hoc
928 1405 1239 1447 obseruandum
1260 1411 1342 1447 est:
1374 1403 1592 1460 Deinceps
1615 1412 1655 1446 et
1685 1420 1826 1460 supra,
1858 1405 1933 1448 ubi

101 1479 181 1521 duo
210 1486 366 1535 puncta
393 1478 642 1534 interposita
673 1484 781 1527 sunt,
813 1477 987 1518 alteram
1009 1492 1233 1533 personam
1255 1478 1370 1533 loqui
1392 1478 1627 1534 intellegas.
1689 1476 1816 1521 Certe
1847 1479 1932 1521 iam

101 1567 242 1596 sensus
270 1553 360 1608 ipse
391 1552 525 1602 docet,
558 1551 661 1606 quid
690 1549 909 1600 Horatius,
941 1550 1043 1605 quid
1075 1550 1145 1591 ille
1175 1551 1374 1593 molestus
1405 1551 1530 1593 dicat.

214 1752 244 1791 1)
269 1756 374 1783 emant
399 1752 433 1782 M
459 1749 532 1792 (H.)
559 1751 619 1782 Ra.
657 1769 697 1772 —
736 1751 895 1790 quomodo
921 1746 976 1780 ΤΗ
1002 1747 1147 1793 θλλιψεικ
1173 1751 1328 1781 eilatione
1353 1750 1431 1789 (sic)
1460 1750 1529 1781 loca
1556 1760 1647 1781 sacra
1670 1751 1705 1781 M
1730 1750 1815 1790 (H).
1855 1762 1932 1790 quo-

99 1810 188 1841 modo
214 1810 258 1839 rei
283 1810 404 1840 latione
426 1808 476 1838 sui
486 1799 567 1839 'loca
592 1817 684 1838 sacra
708 1808 744 1837 R.
771 1808 864 1837 Amal
888 1806 967 1845 (non
992 1811 1102 1845 emant,
1128 1811 1163 1837 ut
1189 1807 1245 1837 ref.
1266 1807 1309 1846 Q)
1336 1808 1446 1837 nescio
1472 1807 1534 1846 (1ῦο
1559 1808 1706 1845 eclipsim
1724 1809 1759 1838 in
1776 1809 1933 1838 relatione

98 1865 145 1899 sai
166 1866 233 1897 loca
256 1875 346 1896 sacra
369 1875 401 1895 v.
433 1865 520 1895 amat
544 1866 652 1894 nescio
677 1874 739 1903 quo
762 1865 855 1894 modo
881 1865 1027 1902 eclipsim
1052 1865 1086 1894 in
1110 1865 1268 1894 relatione
1292 1864 1339 1893 sui
1361 1864 1429 1894 loca
1465 1873 1556 1894 sacra
1591 1874 1619 1893 a.
1657 1865 1777 1894 Amant
1811 1865 1932 1894 nescio.

100 1923 252 1961 quomodo
276 1918 415 1965 ἔκλειψιν
440 1923 475 1952 in
500 1922 653 1951 relatione
679 1922 729 1951 sui
755 1922 823 1951 loco
847 1930 939 1950 sacra
961 1920 1008 1951 fh.
1034 1939 1076 1942 μ
1102 1939 1143 1941 -
1169 1917 1236 1951 ἐ’κλ.
1261 1921 1309 1950 νεῖ
1331 1921 1487 1951 relatione
1516 1939 1544 1941 —
1574 1938 1614 1941 —
1643 1921 1671 1950 2.
1699 1939 1739 1942 e-
1766 1917 1932 1963 “ἐκλείψει

99 1980 143 2009 rei
167 1979 222 2009 rel.
247 1979 363 2009 codd.’‘
400 1977 458 2008 ref.
485 1977 523 2013 Q.
550 1978 645 2008 item:
683 1978 850 2008 ‘relatione
873 1977 922 2007 sui
944 1978 1012 2008 loca
1038 1987 1131 2007 sacra
1155 1978 1248 2007 codd.
1276 1978 1315 2007 el.
1342 1987 1366 2006 s.
1394 1978 1462 2006 loco
1487 1986 1577 2006 sacra
1602 1977 1696 2007 Edd.'
1728 1995 1768 1999 -—
1794 1977 1858 2007 loci
1881 1987 1931 2006 sa-

100 2035 147 2065 cri
169 2035 209 2071 Q.
234 2034 442 2065 Accusatiuos
467 2034 531 2064 loca
553 2043 648 2064 sacra
673 2037 861 2064 seruaturus
887 2034 1065 2072 interposui
1090 2034 1199 2069 dicere,
1237 2037 1350 2072 utpote
1375 2035 1460 2072 quod
1485 2035 1618 2063 uerbum
1643 2034 1735 2063 modo
1764 2034 1928 2072 sequitur:

101 2091 151 2121 Sic
174 2109 214 2113 ——
240 2091 377 2121 decimus.
444 2091 478 2130 3)
504 2090 624 2120 claudit
646 2090 680 2119 M
704 2089 788 2128 (H).
815 2090 883 2119 rell.
909 2090 1029 2120 claudii
1052 2100 1077 2119 s.
1107 2089 1243 2119 Claudii.
1270 2089 1316 2125 Q:
1355 2089 1471 2120 Claudi
1494 2090 1586 2119 codd.
1615 2089 1745 2120 Claudii
1768 2090 1860 2119 Eddfl
1888 2106 1930 2110 —-

101 2147 277 2177 addidimus
302 2148 418 2178 inculc.
445 2146 482 2182 Q.
509 2146 673 2176 adiicimus
700 2147 730 2175 2.
756 2145 839 2184 tpfis
864 2149 918 2175 aut
942 2147 1055 2176 aedem
1080 2156 1110 2176 v.
1138 2147 1250 2176 aedem
1274 2149 1328 2176 aut
1366 2147 1520 2184 templum
1556 2146 1629 2176 MR.
1666 2147 1736 2176 rell.
1774 2145 1929 2184 templum

101 2208 154 2234 aut
178 2204 299 2234 aedem.
350 2202 385 2243 5)
411 2203 464 2233 Ad
482 2203 615 2242 perdere
639 2202 717 2232 litem
742 2202 826 2232 conf.
852 2201 987 2232 Acronis
1012 2203 1053 2232 K.
1079 2203 1121 2232 K.
1141 2215 1185 2229 Ξ
1202 2213 1297 2233 causa
1321 2203 1443 2232 cadere.
1470 2203 1668 2232 audiendum
1692 2201 1929 2241 MR2G(Q),va

100 2259 355 2291 subaudiendum.
381 2260 451 2291 aud.
478 2270 535 2299 pro
559 2260 686 2290 subaud.
712 2260 776 2289 iam
802 2268 898 2297 supra
922 2259 1105 2297 aliquoties.
1132 2277 1174 2280 a<
1201 2269 1256 2297 per
1279 2268 1415 2297 zeugma
1441 2259 1547 2289 debeat
1570 2259 1665 2295 M‚fh.
1692 2258 1811 2288 Debeat
1834 2258 1929 2287 etiam

101 2317 133 2346 in
156 2320 236 2347 uett.
261 2318 353 2347 codd.
377 2318 519 2347 transiit.
545 2317 577 2346 in
600 2317 712 2346 Ambr.
739 2325 825 2354 pure,
864 2316 895 2345 in
920 2315 949 2345 D
976 2324 1056 2345 corr.
1083 2324 1101 2344 a
1129 2316 1143 2343 1
1170 2325 1210 2344 m.
1236 2316 1268 2345 in
1306 2316 1459 2354 margine.
1498 2325 1554 2354 per
1589 2325 1692 2345 zeuma
1730 2316 1868 2345 debebat
1904 2314 1931 2342 R

100 2381 183 2403 more
207 2383 273 2403 suo.
298 2377 334 2404 ut
359 2375 402 2403 sit
429 2391 470 2394 -
496 2373 633 2403 debebat
657 2382 720 2403 om.
746 2373 810 2402 M2.
872 2372 907 2410 6)
935 2376 970 2401 ut
997 2372 1050 2401 sit.
1076 2371 1210 2409 perdere
1234 2371 1325 2400 litem
1351 2371 1458 2401 debeat
1482 2372 1529 2401 fh.
1581 2372 1614 2409 7)
1640 2372 1704 2401 Hoc
1731 2382 1792 2401 om.
1817 2370 1861 2399 M.
1888 2387 1928 2391 -—

101 2429 248 2459 Horatius
271 2430 313 2459 M.
339 2430 369 2459 h.
397 2430 418 2459 1.
444 2429 579 2459 dominus
605 2439 677 2468 neg.
704 2429 750 2458 fh.
777 2429 845 2458 rell.
872 2428 982 2458 dicens
1007 2436 1080 2465 neg.
1131 2428 1165 2466 8)
1192 2430 1338 2465 spectare
1357 2427 1421 2456 afh.
1439 2429 1509 2457 rell.
1529 2432 1710 2466 expectare.
1762 2427 1796 2465 9)
1823 2430 1875 2455 aut
1890 2426 1927 2454 R.

105 2485 157 2523 10)
181 2485 313 2524 reperiri
336 2487 418 2516 solet
445 2487 473 2515 2.
524 2486 579 2524 11)
607 2486 743 2515 condere
767 2485 810 2514 M.
838 2502 877 2505 d
905 2483 992 2514 Ordo
1017 2501 1059 2505 ——-
1086 2484 1199 2513 durum
1225 2494 1285 2514 om.
1312 2483 1400 2513 vafh.
1426 2484 1555 2512 breuius
1581 2484 1696 2513 lemma
1725 2482 1795 2512 Cum
1818 2482 1930 2512 uictore

102 2550 150 2579 po.
174 2541 221 2572 fh.
273 2543 327 2581 12)
353 2542 513 2581 pertinaci
536 2542 572 2571 R.
624 2541 680 2581 13)
705 2541 783 2571 Hinc
807 2541 914 2580 repetit
936 2542 968 2570 in
994 2541 1066 2572 lem.
1093 2550 1153 2570 om.
1179 2539 1226 2570 fh.
1253 2540 1386 2569 Mecoen.
1413 2549 1440 2578 q.
1467 2538 1575 2577 tecum]
1604 2539 1696 2575 Mihi,
1723 2540 1837 2576 inquit,
1863 2548 1928 2568 mo-

102 2597 199 2628 lestus
223 2599 277 2628 ille
302 2599 368 2629 afh.
395 2599 479 2629 Hine
503 2599 621 2637 repetit
647 2607 782 2635 mecum,
812 2599 928 2636 inquit,
968 2606 1147 2627 sermonem
1172 2597 1246 2626 mol.
1273 2597 1329 2626 ille
1354 2607 1385 2632 v,
1424 2605 1483 2625 om.
1510 2595 1637 2633 incipit.
1662 2595 1698 2623 2:
1736 2594 1856 2631 repetit
1880 2595 1929 2622 in-

102 2655 170 2692 quit
192 2664 369 2686 sermonem
393 2664 515 2685 meeum
541 2655 688 2693 garrulus
715 2655 781 2684 ille.
813 2664 960 2684 mecenas
986 2653 1144 2692 quomodo
1170 2656 1285 2683 tecum.
1310 2653 1380 2691 agit
1405 2653 1530 2681 scilicet
1557 2652 1585 2680 2.
1611 2650 1711 2680 Maec.
1738 2660 1767 2688 q.
1794 2654 1818 2679 t.
1845 2650 1877 2678 h.
1903 2659 1927 2678 r.

101 2710 206 2749 Incipit
227 2721 349 2741 mecum
375 2716 434 2743 etc.
460 2713 557 2742 tacite
583 2712 697 2741 inculc.
724 2711 752 2747 Q
779 2711 836 2749 (ex
863 2709 941 2749 GP).
1009 2710 1063 2747 15)
1089 2709 1245 2747 Magnum
1270 2719 1392 2739 narras·
1426 2707 1617 2745 MR2G(Q).
1655 2707 1723 2736 rell.
1763 2715 1822 2736 om.
1860 2705 1929 2735 Mo-

103 2767 237 2797 nendum
264 2771 371 2798 autem
396 2772 454 2805 est,
481 2778 584 2807 neque
608 2769 706 2798 uerba
731 2768 826 2797 huius
856 2777 968 2797 uersus
1002 2768 1061 2796 44:
1099 2767 1270 2796 Paucorum
1296 2783 1334 2786 -«
1361 2775 1454 2795 sanae
1478 2764 1648 2793 Horatium
1674 2763 1789 2799 dicere,
1826 2771 1929 2800 neque

103 2831 146 2859 ea,
172 2832 252 2861 quae
276 2824 410 2855 inferius
435 2834 465 2854 u.
485 2825 524 2854 52
551 2825 719 2863 leguntur:
750 2825 896 2864 Maynum
919 2833 1046 2853 narras.
1071 2823 1343 2861 Interponendum
1371 2826 1419 2851 est
1445 2820 1579 2859 aliquid.
1605 2818 1630 2849 C
1648 2819 1745 2848 habet
1770 2818 1928 2853 scholion,

103 2880 184 2916 quod
206 2885 292 2910 recte
316 2881 569 2920 intellegendum
595 2885 662 2911 est:
686 2890 854 2919 paucorum
878 2880 906 2910 h.
932 2877 946 2922 Η
965 2881 1012 2910 ait
1036 2880 1192 2910 Horatius
1210 2876 1223 2921 Η
1250 2880 1280 2908 h.
1307 2888 1332 2908 e.
1359 2878 1527 2908 Maecenas
1551 2885 1614 2906 non
1640 2876 1762 2913 gaudet
1785 2874 1929 2904 amicitia

103 2936 280 2966 multorum.
306 2937 396 2973 Quod
423 2938 521 2968 schol.
548 2938 576 2967 si
602 2938 726 2968 codices
750 2938 989 2975 confirmarent,
1015 2946 1182 2975 ponerem:
1208 2937 1380 2965 Paucorum
1398 2952 1432 2955 ἡ
1447 2942 1550 2962 sanae.
1577 2932 1647 2961 Hoc
1665 2934 1730 2961 est:
1758 2931 1928 2961 Maecenas

104 2999 133 3020 n.
157 3000 187 3030 g.
212 3001 272 3023 am.
300 2994 483 3024 multorum.
546 2995 602 3033 16)
628 2994 818 3024 Nenecessit
842 2993 875 3022 M
902 2994 980 3032 (H>:
1007 3002 1139 3023 necesse
1163 2996 1207 3021 est
1228 2992 1314 3021 vafh.
1342 3008 1383 3011 —-
1410 2989 1598 3028 saepissime
1624 2991 1684 3018 ost.
1712 2988 1740 3017 2.
1767 2987 1836 3016 rell.
1857 2986 1929 3023 fre-

102 3051 216 3084 quenter
239 3054 299 3080 ost.
324 3066 367 3071 —
393 3051 521 3090 quisque
545 3051 643 3080 uerba
671 3050 811 3080 habebat
828 3049 861 3079 M
878 3049 952 3090 (H.)
978 3049 1068 3079 R2G.
1093 3048 1158 3088 quis
1182 3048 1275 3078 uerba
1299 3046 1426 3083 A‚vafh.
1452 3046 1524 3085 quis
1551 3054 1632 3084 quae
1657 3045 1754 3073 uerba
1779 3044 1818 3073 A.
1871 3043 1927 3081 17)

105 3102 152 3133 Ob
175 3102 256 3143 vaflz.

1610 3166 1656 3190 11*

1961 903 2001 935 10

1958 1268 1998 1299 15
