<?xml version="1.0" encoding="UTF-8"?>
<!DOCTYPE html PUBLIC "-//W3C//DTD XHTML 1.0 Transitional//EN"
    "http://www.w3.org/TR/xhtml1/DTD/xhtml1-transitional.dtd">
<html xmlns="http://www.w3.org/1999/xhtml" xml:lang="en" lang="en">
 <head>
  <title>
</title>
<meta http-equiv="Content-Type" content="text/html;charset=utf-8" />
  <meta name='ocr-system' content='tesseract 3.04.00' />
  <meta name='ocr-capabilities' content='ocr_page ocr_carea ocr_par ocr_line ocrx_word'/>
</head>
<body>
  <div class='ocr_page' id='page_1' title='image "acronisetporphyr02pseuuoft_0405.png"; bbox 0 0 2148 3412; ppageno 0'>
   <div class='ocr_carea' id='block_1_1' title="bbox 795 120 1874 166">
    <p class='ocr_par' dir='ltr' id='par_1_1' title="bbox 795 120 1874 166">
     <span class='ocr_line' id='line_1_1' title="bbox 795 120 1874 166; baseline 0.003 -9"><span class='ocrx_word' id='word_1_1' title='bbox 795 126 844 158; x_wconf 83' lang='lat' dir='ltr'>IN</span> <span class='ocrx_word' id='word_1_2' title='bbox 870 127 1018 158; x_wconf 78' lang='lat' dir='ltr'>EPIST.</span> <span class='ocrx_word' id='word_1_3' title='bbox 1046 127 1072 166; x_wconf 88' lang='lat'>1,</span> <span class='ocrx_word' id='word_1_4' title='bbox 1101 131 1130 159; x_wconf 99' lang='lat'>5</span> <span class='ocrx_word' id='word_1_5' title='bbox 1793 120 1874 160; x_wconf 78' lang='lat'>397</span> 
     </span>
    </p>
   </div>
   <div class='ocr_carea' id='block_1_2' title="bbox 160 248 1619 376">
    <p class='ocr_par' dir='ltr' id='par_1_2' title="bbox 160 248 1619 376">
     <span class='ocr_line' id='line_1_2' title="bbox 160 248 1384 307; baseline 0.003 -17"><span class='ocrx_word' id='word_1_6' title='bbox 160 249 225 290; x_wconf 80' lang='lat'>24.</span> <span class='ocrx_word' id='word_1_7' title='bbox 260 248 453 291; x_wconf 79' lang='lat' dir='ltr'><em>Ostendat</em></span> <span class='ocrx_word' id='word_1_8' title='bbox 482 249 552 291; x_wconf 73' lang='lat' dir='ltr'>tibi</span> <span class='ocrx_word' id='word_1_9' title='bbox 580 257 625 290; x_wconf 86' lang='lat' dir='ltr'>te.</span> <span class='ocrx_word' id='word_1_10' title='bbox 685 248 832 291; x_wconf 85' lang='lat' dir='ltr'>Nitore</span> <span class='ocrx_word' id='word_1_11' title='bbox 864 265 951 301; x_wconf 89' lang='lat' dir='ltr'>suo,</span> <span class='ocrx_word' id='word_1_12' title='bbox 982 251 1051 293; x_wconf 92' lang='lat' dir='ltr'>uel</span> <span class='ocrx_word' id='word_1_13' title='bbox 1080 258 1124 293; x_wconf 89' lang='lat' dir='ltr'>ut</span> <span class='ocrx_word' id='word_1_14' title='bbox 1155 252 1384 307; x_wconf 85' lang='lat' dir='ltr'>speculum.</span> 
     </span>
     <span class='ocr_line' id='line_1_3' title="bbox 160 321 1619 376; baseline 0.005 -14"><span class='ocrx_word' id='word_1_15' title='bbox 160 323 224 364; x_wconf 80' lang='lat'>25.</span> <span class='ocrx_word' id='word_1_16' title='bbox 257 322 437 362; x_wconf 66' lang='lat' dir='ltr'>eliminet.</span> <span class='ocrx_word' id='word_1_17' title='bbox 497 321 548 362; x_wconf 90' lang='lat' dir='ltr'>Id</span> <span class='ocrx_word' id='word_1_18' title='bbox 580 329 650 372; x_wconf 75' lang='lat' dir='ltr'>est,</span> <span class='ocrx_word' id='word_1_19' title='bbox 682 330 800 364; x_wconf 78' lang='lat' dir='ltr'>extra</span> <span class='ocrx_word' id='word_1_20' title='bbox 829 323 957 366; x_wconf 89' lang='lat' dir='ltr'>limen</span> <span class='ocrx_word' id='word_1_21' title='bbox 988 325 1125 376; x_wconf 81' lang='lat' dir='ltr'>eiciat,</span> <span class='ocrx_word' id='word_1_22' title='bbox 1156 326 1269 368; x_wconf 83' lang='lat' dir='ltr'>foras</span> <span class='ocrx_word' id='word_1_23' title='bbox 1299 326 1429 368; x_wconf 89' lang='lat' dir='ltr'>limen</span> <span class='ocrx_word' id='word_1_24' title='bbox 1460 327 1619 370; x_wconf 84' lang='lat' dir='ltr'>efferat.</span> 
     </span>
    </p>
   </div>
   <div class='ocr_carea' id='block_1_3' title="bbox 0 395 1875 524">
    <p class='ocr_par' dir='ltr' id='par_1_3' title="bbox 0 395 1875 524">
     <span class='ocr_line' id='line_1_4' title="bbox 158 395 1875 458; baseline 0.005 -22"><span class='ocrx_word' id='word_1_25' title='bbox 158 404 203 437; x_wconf 75' lang='lat' dir='ltr'>uc</span> <span class='ocrx_word' id='word_1_26' title='bbox 233 404 342 437; x_wconf 79' lang='lat' dir='ltr'>coeat</span> <span class='ocrx_word' id='word_1_27' title='bbox 365 410 460 451; x_wconf 79' lang='lat' dir='ltr'>par.</span> <span class='ocrx_word' id='word_1_28' title='bbox 519 395 616 437; x_wconf 90' lang='lat' dir='ltr'>Hoc</span> <span class='ocrx_word' id='word_1_29' title='bbox 646 397 896 450; x_wconf 77' lang='lat' dir='ltr'>procurabo,</span> <span class='ocrx_word' id='word_1_30' title='bbox 929 405 973 439; x_wconf 86' lang='lat' dir='ltr'>ut</span> <span class='ocrx_word' id='word_1_31' title='bbox 1004 399 1178 441; x_wconf 87' lang='lat' dir='ltr'>ueniens</span> <span class='ocrx_word' id='word_1_32' title='bbox 1209 400 1401 443; x_wconf 88' lang='lat' dir='ltr'>inuenias</span> <span class='ocrx_word' id='word_1_33' title='bbox 1418 416 1569 456; x_wconf 76' lang='lat' dir='ltr'>parem,</span> <span class='ocrx_word' id='word_1_34' title='bbox 1602 402 1646 443; x_wconf 86' lang='lat' dir='ltr'>id</span> <span class='ocrx_word' id='word_1_35' title='bbox 1667 408 1740 453; x_wconf 81' lang='lat' dir='ltr'>est,</span> <span class='ocrx_word' id='word_1_36' title='bbox 1772 416 1875 458; x_wconf 89' lang='lat' dir='ltr'>pue-</span> 
     </span>
     <span class='ocr_line' id='line_1_5' title="bbox 0 461 922 524; baseline 0 -12"><span class='ocrx_word' id='word_1_37' title='bbox 0 461 1 475; x_wconf 44' lang='lat'><em>*</em></span> <span class='ocrx_word' id='word_1_38' title='bbox 51 485 142 512; x_wconf 90' lang='lat' dir='ltr'>rum</span> <span class='ocrx_word' id='word_1_39' title='bbox 172 475 242 510; x_wconf 81' lang='lat' dir='ltr'>aut</span> <span class='ocrx_word' id='word_1_40' title='bbox 271 468 453 524; x_wconf 77' lang='lat' dir='ltr'>puellam</span> <span class='ocrx_word' id='word_1_41' title='bbox 484 468 561 510; x_wconf 84' lang='lat' dir='ltr'>tibi</span> <span class='ocrx_word' id='word_1_42' title='bbox 592 470 922 512; x_wconf 87' lang='lat' dir='ltr'>conuenientem.</span> 
     </span>
    </p>
   </div>
   <div class='ocr_carea' id='block_1_4' title="bbox 47 543 1877 824">
    <p class='ocr_par' dir='ltr' id='par_1_4' title="bbox 47 543 1876 678">
     <span class='ocr_line' id='line_1_6' title="bbox 159 543 1876 605; baseline 0.003 -21"><span class='ocrx_word' id='word_1_43' title='bbox 159 543 224 584; x_wconf 81' lang='lat'>26.</span> <span class='ocrx_word' id='word_1_44' title='bbox 260 543 430 584; x_wconf 80' lang='lat' dir='ltr'><em>Butram</em></span> <span class='ocrx_word' id='word_1_45' title='bbox 462 543 534 584; x_wconf 64' lang='lat' dir='ltr'>tibi</span> <span class='ocrx_word' id='word_1_46' title='bbox 562 543 854 599; x_wconf 73' lang='lat' dir='ltr'>Sepliliumque.</span> <span class='ocrx_word' id='word_1_47' title='bbox 917 543 1127 601; x_wconf 84' lang='lat' dir='ltr'>(Scilicet)</span> <span class='ocrx_word' id='word_1_48' title='bbox 1158 547 1330 588; x_wconf 83' lang='lat' dir='ltr'>nomina</span> <span class='ocrx_word' id='word_1_49' title='bbox 1360 549 1635 591; x_wconf 85' lang='lat' dir='ltr'>conuiuarum</span> <span class='ocrx_word' id='word_1_50' title='bbox 1656 549 1876 605; x_wconf 80' lang='lat' dir='ltr'>Torquati,</span> 
     </span>
     <span class='ocr_line' id='line_1_7' title="bbox 47 615 1851 678; baseline 0.003 -19"><span class='ocrx_word' id='word_1_51' title='bbox 47 617 114 659; x_wconf 93' lang='lat' dir='ltr'>uel</span> <span class='ocrx_word' id='word_1_52' title='bbox 146 616 209 672; x_wconf 81' lang='lat' dir='ltr'>[ut</span> <span class='ocrx_word' id='word_1_53' title='bbox 239 615 425 667; x_wconf 78' lang='lat' dir='ltr'>Quidam</span> <span class='ocrx_word' id='word_1_54' title='bbox 456 615 632 657; x_wconf 78' lang='lat' dir='ltr'>Brutam</span> <span class='ocrx_word' id='word_1_55' title='bbox 664 623 704 657; x_wconf 82' lang='lat' dir='ltr'>et</span> <span class='ocrx_word' id='word_1_56' title='bbox 736 615 987 672; x_wconf 80' lang='lat' dir='ltr'>Septimium</span> <span class='ocrx_word' id='word_1_57' title='bbox 1019 619 1217 676; x_wconf 89' lang='lat' dir='ltr'>puerum]</span> <span class='ocrx_word' id='word_1_58' title='bbox 1250 621 1422 663; x_wconf 84' lang='lat' dir='ltr'>nomina</span> <span class='ocrx_word' id='word_1_59' title='bbox 1452 622 1617 676; x_wconf 85' lang='lat' dir='ltr'>puellae</span> <span class='ocrx_word' id='word_1_60' title='bbox 1648 630 1687 664; x_wconf 84' lang='lat' dir='ltr'>et</span> <span class='ocrx_word' id='word_1_61' title='bbox 1717 623 1851 678; x_wconf 83' lang='lat' dir='ltr'>pueri.</span> 
     </span>
    </p>

    <p class='ocr_par' dir='ltr' id='par_1_5' title="bbox 47 689 1877 824">
     <span class='ocr_line' id='line_1_8' title="bbox 159 689 1877 750; baseline 0.005 -20"><span class='ocrx_word' id='word_1_62' title='bbox 159 690 224 731; x_wconf 78' lang='lat'>28.</span> <span class='ocrx_word' id='word_1_63' title='bbox 250 690 441 746; x_wconf 70' lang='lat' dir='ltr'>pluribus</span> <span class='ocrx_word' id='word_1_64' title='bbox 472 690 635 731; x_wconf 67' lang='lat' dir='ltr'>utnbrz&#39;s.</span> <span class='ocrx_word' id='word_1_65' title='bbox 694 689 783 730; x_wconf 83' lang='lat' dir='ltr'>Aut</span> <span class='ocrx_word' id='word_1_66' title='bbox 813 705 838 731; x_wconf 82' lang='lat' dir='ltr'>a</span> <span class='ocrx_word' id='word_1_67' title='bbox 867 690 959 732; x_wconf 92' lang='lat' dir='ltr'>loco</span> <span class='ocrx_word' id='word_1_68' title='bbox 991 691 1043 733; x_wconf 90' lang='lat' dir='ltr'>de</span> <span class='ocrx_word' id='word_1_69' title='bbox 1074 691 1270 744; x_wconf 76' lang='lat' dir='ltr'>Umbria,</span> <span class='ocrx_word' id='word_1_70' title='bbox 1303 701 1375 736; x_wconf 82' lang='lat' dir='ltr'>aut</span> <span class='ocrx_word' id='word_1_71' title='bbox 1405 702 1529 746; x_wconf 86' lang='lat' dir='ltr'>certe,</span> <span class='ocrx_word' id='word_1_72' title='bbox 1561 696 1661 750; x_wconf 80' lang='lat' dir='ltr'>quia</span> <span class='ocrx_word' id='word_1_73' title='bbox 1690 696 1877 746; x_wconf 78' lang='lat' dir='ltr'>umbrae,</span> 
     </span>
     <span class='ocr_line' id='line_1_9' title="bbox 47 762 1685 824; baseline 0.004 -19"><span class='ocrx_word' id='word_1_74' title='bbox 47 770 89 806; x_wconf 88' lang='lat' dir='ltr'>ut</span> <span class='ocrx_word' id='word_1_75' title='bbox 119 770 234 819; x_wconf 83' lang='lat' dir='ltr'>puto,</span> <span class='ocrx_word' id='word_1_76' title='bbox 267 762 476 813; x_wconf 84' lang='lat' dir='ltr'>dicuntur,</span> <span class='ocrx_word' id='word_1_77' title='bbox 510 778 613 818; x_wconf 87' lang='lat' dir='ltr'>quos</span> <span class='ocrx_word' id='word_1_78' title='bbox 645 778 785 805; x_wconf 88' lang='lat' dir='ltr'>secum</span> <span class='ocrx_word' id='word_1_79' title='bbox 817 763 990 816; x_wconf 86' lang='lat' dir='ltr'>ducunt,</span> <span class='ocrx_word' id='word_1_80' title='bbox 1022 766 1094 820; x_wconf 87' lang='lat' dir='ltr'>qui</span> <span class='ocrx_word' id='word_1_81' title='bbox 1125 774 1330 823; x_wconf 82' lang='lat' dir='ltr'>rogantur</span> <span class='ocrx_word' id='word_1_82' title='bbox 1360 768 1414 809; x_wconf 82' lang='lat' dir='ltr'>ad</span> <span class='ocrx_word' id='word_1_83' title='bbox 1445 769 1685 824; x_wconf 85' lang='lat' dir='ltr'>prandium.</span> 
     </span>
    </p>
   </div>
   <div class='ocr_carea' id='block_1_5' title="bbox 0 482 1878 1380">
    <p class='ocr_par' dir='ltr' id='par_1_6' title="bbox 0 482 1878 1380">
     <span class='ocr_line' id='line_1_10' title="bbox 0 482 3 538; baseline 0 0"><span class='ocrx_word' id='word_1_84' title='bbox 0 482 3 538; x_wconf 74' lang='grc' dir='ltr'><strong>ἱ</strong></span> 
     </span>
     <span class='ocr_line' id='line_1_11' title="bbox 1 747 5 766; baseline 0 0"><span class='ocrx_word' id='word_1_85' title='bbox 1 747 5 766; x_wconf 79' lang='lat' dir='ltr'>l</span> 
     </span>
     <span class='ocr_line' id='line_1_12' title="bbox 2 834 1878 920; baseline 0.005 -43"><span class='ocrx_word' id='word_1_86' title='bbox 2 834 7 920; x_wconf 54' lang='grc' dir='ltr'>δ</span> <span class='ocrx_word' id='word_1_87' title='bbox 158 838 224 878; x_wconf 81' lang='grc'>29.</span> <span class='ocrx_word' id='word_1_88' title='bbox 256 837 336 879; x_wconf 84' lang='lat' dir='ltr'>Sed</span> <span class='ocrx_word' id='word_1_89' title='bbox 365 839 482 879; x_wconf 53' lang='lat' dir='ltr'>nimis</span> <span class='ocrx_word' id='word_1_90' title='bbox 514 846 602 878; x_wconf 73' lang='lat' dir='ltr'>arla</span> <span class='ocrx_word' id='word_1_91' title='bbox 625 846 827 894; x_wconf 77' lang='lat' dir='ltr'>premunt.</span> <span class='ocrx_word' id='word_1_92' title='bbox 896 837 985 888; x_wconf 83' lang='lat' dir='ltr'>Ait,</span> <span class='ocrx_word' id='word_1_93' title='bbox 1030 847 1118 881; x_wconf 84' lang='lat' dir='ltr'>arte</span> <span class='ocrx_word' id='word_1_94' title='bbox 1149 840 1505 883; x_wconf 80' lang='lat' dir='ltr'>discumbentium</span> <span class='ocrx_word' id='word_1_95' title='bbox 1536 843 1757 884; x_wconf 85' lang='lat' dir='ltr'>molestum</span> <span class='ocrx_word' id='word_1_96' title='bbox 1788 858 1878 886; x_wconf 87' lang='lat' dir='ltr'>esse</span> 
     </span>
     <span class='ocr_line' id='line_1_13' title="bbox 3 910 1878 1380; baseline 0.004 -428"><span class='ocrx_word' id='word_1_97' title='bbox 3 921 12 1380; x_wconf 40' lang='grc' dir='ltr'>χ</span> <span class='ocrx_word' id='word_1_98' title='bbox 47 910 216 953; x_wconf 88' lang='lat' dir='ltr'>odorem</span> <span class='ocrx_word' id='word_1_99' title='bbox 255 910 416 951; x_wconf 81' lang='lat' dir='ltr'>alarum</span> <span class='ocrx_word' id='word_1_100' title='bbox 448 925 604 961; x_wconf 84' lang='lat' dir='ltr'>eorum,</span> <span class='ocrx_word' id='word_1_101' title='bbox 653 911 723 965; x_wconf 88' lang='lat' dir='ltr'>qui</span> <span class='ocrx_word' id='word_1_102' title='bbox 754 911 859 953; x_wconf 84' lang='lat' dir='ltr'>hirci</span> <span class='ocrx_word' id='word_1_103' title='bbox 893 912 1103 954; x_wconf 86' lang='lat' dir='ltr'>dicuntur.</span> <span class='ocrx_word' id='word_1_104' title='bbox 1181 913 1290 970; x_wconf 88' lang='lat' dir='ltr'>[Ait,</span> <span class='ocrx_word' id='word_1_105' title='bbox 1324 922 1412 956; x_wconf 86' lang='lat' dir='ltr'>arte</span> <span class='ocrx_word' id='word_1_106' title='bbox 1443 916 1625 970; x_wconf 84' lang='lat' dir='ltr'>quadam</span> <span class='ocrx_word' id='word_1_107' title='bbox 1657 916 1878 959; x_wconf 88' lang='lat' dir='ltr'>molestum</span> 
     </span>
    </p>
   </div>
   <div class='ocr_carea' id='block_1_6' title="bbox 48 983 1880 1114">
    <p class='ocr_par' dir='ltr' id='par_1_7' title="bbox 48 983 1880 1114">
     <span class='ocr_line' id='line_1_14' title="bbox 48 983 1880 1046; baseline 0.004 -20"><span class='ocrx_word' id='word_1_108' title='bbox 48 983 127 1026; x_wconf 83' lang='lat' dir='ltr'>sibi</span> <span class='ocrx_word' id='word_1_109' title='bbox 157 983 347 1025; x_wconf 83' lang='lat' dir='ltr'>ordinem</span> <span class='ocrx_word' id='word_1_110' title='bbox 379 983 732 1026; x_wconf 76' lang='lat' dir='ltr'>discumbentium</span> <span class='ocrx_word' id='word_1_111' title='bbox 774 992 948 1041; x_wconf 86' lang='lat' dir='ltr'>propter</span> <span class='ocrx_word' id='word_1_112' title='bbox 991 986 1226 1038; x_wconf 83' lang='lat' dir='ltr'>libidinem,</span> <span class='ocrx_word' id='word_1_113' title='bbox 1274 995 1345 1030; x_wconf 84' lang='lat' dir='ltr'>aut</span> <span class='ocrx_word' id='word_1_114' title='bbox 1388 995 1433 1031; x_wconf 83' lang='lat' dir='ltr'>ut</span> <span class='ocrx_word' id='word_1_115' title='bbox 1464 989 1575 1031; x_wconf 87' lang='lat' dir='ltr'>solus</span> <span class='ocrx_word' id='word_1_116' title='bbox 1607 1004 1701 1032; x_wconf 87' lang='lat' dir='ltr'>cum</span> <span class='ocrx_word' id='word_1_117' title='bbox 1732 991 1880 1046; x_wconf 82' lang='lat' dir='ltr'>paucis</span> 
     </span>
     <span class='ocr_line' id='line_1_15' title="bbox 48 1047 1399 1114; baseline 0.001 -14"><span class='ocrx_word' id='word_1_118' title='bbox 48 1057 241 1114; x_wconf 87' lang='lat' dir='ltr'>ueniret.]</span> <span class='ocrx_word' id='word_1_119' title='bbox 1397 1047 1399 1049; x_wconf 37' lang='grc'><strong>’</strong></span> 
     </span>
    </p>
   </div>
   <div class='ocr_carea' id='block_1_7' title="bbox 50 1132 1879 1247">
    <p class='ocr_par' dir='ltr' id='par_1_8' title="bbox 50 1132 1879 1247">
     <span class='ocr_line' id='line_1_16' title="bbox 158 1132 1879 1190; baseline 0.004 -18"><span class='ocrx_word' id='word_1_120' title='bbox 158 1132 223 1173; x_wconf 84' lang='grc'>30.</span> <span class='ocrx_word' id='word_1_121' title='bbox 260 1134 319 1172; x_wconf 80' lang='lat' dir='ltr'>Tu</span> <span class='ocrx_word' id='word_1_122' title='bbox 350 1139 492 1187; x_wconf 81' lang='lat' dir='ltr'>quotus</span> <span class='ocrx_word' id='word_1_123' title='bbox 523 1147 605 1174; x_wconf 81' lang='lat' dir='ltr'>esse</span> <span class='ocrx_word' id='word_1_124' title='bbox 634 1133 744 1174; x_wconf 66' lang='lat' dir='ltr'>uelis.</span> <span class='ocrx_word' id='word_1_125' title='bbox 805 1132 956 1189; x_wconf 50' lang='lat' dir='ltr'>Idjest:</span> <span class='ocrx_word' id='word_1_126' title='bbox 990 1148 1084 1176; x_wconf 92' lang='lat' dir='ltr'>cum</span> <span class='ocrx_word' id='word_1_127' title='bbox 1107 1141 1206 1190; x_wconf 89' lang='lat' dir='ltr'>quot</span> <span class='ocrx_word' id='word_1_128' title='bbox 1228 1134 1451 1178; x_wconf 83' lang='lat' dir='ltr'>comitibus</span> <span class='ocrx_word' id='word_1_129' title='bbox 1472 1136 1526 1177; x_wconf 89' lang='lat' dir='ltr'>ad</span> <span class='ocrx_word' id='word_1_130' title='bbox 1547 1150 1721 1179; x_wconf 81' lang='lat' dir='ltr'>caenam</span> <span class='ocrx_word' id='word_1_131' title='bbox 1742 1152 1879 1180; x_wconf 87' lang='lat' dir='ltr'>meam</span> 
     </span>
     <span class='ocr_line' id='line_1_17' title="bbox 50 1219 206 1247; baseline 0 0"><span class='ocrx_word' id='word_1_132' title='bbox 50 1219 206 1247; x_wconf 85' lang='lat' dir='ltr'>nemas.</span> 
     </span>
    </p>
   </div>
   <div class='ocr_carea' id='block_1_8' title="bbox 159 1279 1878 1340">
    <p class='ocr_par' dir='ltr' id='par_1_9' title="bbox 159 1279 1878 1340">
     <span class='ocr_line' id='line_1_18' title="bbox 159 1279 1878 1340; baseline 0.003 -21"><span class='ocrx_word' id='word_1_133' title='bbox 159 1279 224 1320; x_wconf 85' lang='lat'>31.</span> <span class='ocrx_word' id='word_1_134' title='bbox 254 1279 353 1333; x_wconf 79' lang='lat' dir='ltr'>salle</span> <span class='ocrx_word' id='word_1_135' title='bbox 375 1280 565 1322; x_wconf 74' lang='lat' dir='ltr'>clientem.</span> <span class='ocrx_word' id='word_1_136' title='bbox 625 1279 775 1321; x_wconf 79' lang='lat' dir='ltr'>Monet</span> <span class='ocrx_word' id='word_1_137' title='bbox 795 1280 926 1332; x_wconf 88' lang='lat' dir='ltr'>illum,</span> <span class='ocrx_word' id='word_1_138' title='bbox 959 1288 1004 1322; x_wconf 88' lang='lat' dir='ltr'>ut</span> <span class='ocrx_word' id='word_1_139' title='bbox 1025 1281 1191 1323; x_wconf 84' lang='lat' dir='ltr'>silentio</span> <span class='ocrx_word' id='word_1_140' title='bbox 1212 1283 1354 1324; x_wconf 82' lang='lat' dir='ltr'>ueniat</span> <span class='ocrx_word' id='word_1_141' title='bbox 1371 1283 1428 1338; x_wconf 71' lang='lat' dir='ltr'>(P)</span> <span class='ocrx_word' id='word_1_142' title='bbox 1445 1282 1594 1325; x_wconf 83' lang='lat' dir='ltr'>fallens</span> <span class='ocrx_word' id='word_1_143' title='bbox 1617 1283 1830 1339; x_wconf 81' lang='lat' dir='ltr'>(clientem</span> <span class='ocrx_word' id='word_1_144' title='bbox 1840 1285 1878 1340; x_wconf 66' lang='grc' dir='ltr'>Ρ)</span> 
     </span>
    </p>
   </div>
   <div class='ocr_carea' id='block_1_9' title="bbox 48 1353 1880 1483">
    <p class='ocr_par' dir='ltr' id='par_1_10' title="bbox 48 1353 1880 1483">
     <span class='ocr_line' id='line_1_19' title="bbox 49 1353 1880 1414; baseline 0.002 -18"><span class='ocrx_word' id='word_1_145' title='bbox 49 1353 275 1403; x_wconf 81' lang='lat' dir='ltr'>ostiarium,</span> <span class='ocrx_word' id='word_1_146' title='bbox 298 1353 358 1408; x_wconf 85' lang='lat' dir='ltr'>(et</span> <span class='ocrx_word' id='word_1_147' title='bbox 366 1354 403 1409; x_wconf 67' lang='grc' dir='ltr'>Ρ)</span> <span class='ocrx_word' id='word_1_148' title='bbox 422 1360 477 1404; x_wconf 83' lang='lat' dir='ltr'>ut,</span> <span class='ocrx_word' id='word_1_149' title='bbox 501 1354 599 1396; x_wconf 89' lang='lat' dir='ltr'>dum</span> <span class='ocrx_word' id='word_1_150' title='bbox 617 1354 687 1396; x_wconf 86' lang='lat' dir='ltr'>ille</span> <span class='ocrx_word' id='word_1_151' title='bbox 704 1354 951 1410; x_wconf 83' lang='lat' dir='ltr'>sperauerit,</span> <span class='ocrx_word' id='word_1_152' title='bbox 974 1369 1069 1397; x_wconf 90' lang='lat' dir='ltr'>eum</span> <span class='ocrx_word' id='word_1_153' title='bbox 1086 1355 1360 1397; x_wconf 80' lang='lat' dir='ltr'>transiturum</span> <span class='ocrx_word' id='word_1_154' title='bbox 1378 1370 1454 1411; x_wconf 87' lang='lat' dir='ltr'>per</span> <span class='ocrx_word' id='word_1_155' title='bbox 1471 1364 1649 1412; x_wconf 86' lang='lat' dir='ltr'>portam,</span> <span class='ocrx_word' id='word_1_156' title='bbox 1669 1365 1787 1399; x_wconf 84' lang='lat' dir='ltr'>exeat</span> <span class='ocrx_word' id='word_1_157' title='bbox 1805 1373 1880 1414; x_wconf 85' lang='lat' dir='ltr'>per</span> 
     </span>
     <span class='ocr_line' id='line_1_20' title="bbox 48 1435 269 1483; baseline 0 -15"><span class='ocrx_word' id='word_1_158' title='bbox 48 1435 269 1483; x_wconf 71' lang='lat' dir='ltr'>posticum.</span> 
     </span>
    </p>
   </div>
   <div class='ocr_carea' id='block_1_10' title="bbox 13 1660 1883 2046">
    <p class='ocr_par' dir='ltr' id='par_1_11' title="bbox 13 1660 1882 1820">
     <span class='ocr_line' id='line_1_21' title="bbox 13 1660 1882 1718; baseline 0.003 -26"><span class='ocrx_word' id='word_1_159' title='bbox 13 1685 15 1718; x_wconf 49' lang='grc' dir='ltr'><strong>ἱ</strong></span> <span class='ocrx_word' id='word_1_160' title='bbox 49 1661 88 1692; x_wconf 85' lang='lat' dir='ltr'>cf.</span> <span class='ocrx_word' id='word_1_161' title='bbox 108 1660 149 1692; x_wconf 88' lang='lat' dir='ltr'>C:</span> <span class='ocrx_word' id='word_1_162' title='bbox 175 1662 274 1702; x_wconf 66' lang='lat' dir='ltr'>{foras</span> <span class='ocrx_word' id='word_1_163' title='bbox 291 1661 427 1693; x_wconf 75' lang='lat' dir='ltr'>eliminet.</span> <span class='ocrx_word' id='word_1_164' title='bbox 453 1662 539 1694; x_wconf 77' lang='lat' dir='ltr'>foras</span> <span class='ocrx_word' id='word_1_165' title='bbox 558 1668 590 1694; x_wconf 80' lang='lat' dir='ltr'>et</span> <span class='ocrx_word' id='word_1_166' title='bbox 607 1667 702 1694; x_wconf 79' lang='lat' dir='ltr'>extra</span> <span class='ocrx_word' id='word_1_167' title='bbox 728 1664 827 1694; x_wconf 88' lang='lat' dir='ltr'>limen</span> <span class='ocrx_word' id='word_1_168' title='bbox 852 1664 964 1694; x_wconf 78' lang='lat' dir='ltr'>domus</span> <span class='ocrx_word' id='word_1_169' title='bbox 991 1664 1125 1694; x_wconf 80' lang='lat' dir='ltr'>efferat&#39;.</span> <span class='ocrx_word' id='word_1_170' title='bbox 1152 1664 1256 1694; x_wconf 86' lang='lat' dir='ltr'>Verba</span> <span class='ocrx_word' id='word_1_171' title='bbox 1268 1664 1367 1705; x_wconf 75' lang='lat' dir='ltr'>foras</span> <span class='ocrx_word' id='word_1_172' title='bbox 1390 1666 1424 1695; x_wconf 92' lang='lat' dir='ltr'>li.</span> <span class='ocrx_word' id='word_1_173' title='bbox 1451 1665 1501 1695; x_wconf 85' lang='lat' dir='ltr'>eff.</span> <span class='ocrx_word' id='word_1_174' title='bbox 1529 1675 1587 1695; x_wconf 88' lang='lat' dir='ltr'>om.</span> <span class='ocrx_word' id='word_1_175' title='bbox 1615 1667 1646 1696; x_wconf 88' lang='lat' dir='ltr'>b.</span> <span class='ocrx_word' id='word_1_176' title='bbox 1696 1667 1731 1706; x_wconf 87' lang='lat'>3)</span> <span class='ocrx_word' id='word_1_177' title='bbox 1752 1668 1882 1698; x_wconf 87' lang='lat' dir='ltr'>Lemma</span> 
     </span>
     <span class='ocr_line' id='line_1_22' title="bbox 50 1718 1881 1763; baseline 0.002 -13"><span class='ocrx_word' id='word_1_178' title='bbox 50 1729 110 1750; x_wconf 91' lang='lat' dir='ltr'>om.</span> <span class='ocrx_word' id='word_1_179' title='bbox 135 1718 275 1758; x_wconf 84' lang='lat' dir='ltr'>veath,</span> <span class='ocrx_word' id='word_1_180' title='bbox 302 1721 355 1758; x_wconf 88' lang='lat' dir='ltr'>qui</span> <span class='ocrx_word' id='word_1_181' title='bbox 382 1725 538 1759; x_wconf 81' lang='lat' dir='ltr'>pergunt:</span> <span class='ocrx_word' id='word_1_182' title='bbox 578 1720 648 1759; x_wconf 76' lang='lat' dir='ltr'>quia</span> <span class='ocrx_word' id='word_1_183' title='bbox 673 1722 731 1752; x_wconf 87' lang='lat' dir='ltr'>hoc</span> <span class='ocrx_word' id='word_1_184' title='bbox 761 1721 836 1759; x_wconf 82' lang='lat' dir='ltr'>(hue</span> <span class='ocrx_word' id='word_1_185' title='bbox 860 1720 910 1759; x_wconf 70' lang='lat' dir='ltr'>fii)</span> <span class='ocrx_word' id='word_1_186' title='bbox 926 1738 965 1741; x_wconf 63' lang='lat'>›—</span> <span class='ocrx_word' id='word_1_187' title='bbox 982 1721 1131 1750; x_wconf 82' lang='lat' dir='ltr'>inuenias</span> <span class='ocrx_word' id='word_1_188' title='bbox 1157 1720 1316 1761; x_wconf 78' lang='lat' dir='ltr'>(inueniat</span> <span class='ocrx_word' id='word_1_189' title='bbox 1340 1721 1384 1761; x_wconf 83' lang='lat' dir='ltr'>Q)</span> <span class='ocrx_word' id='word_1_190' title='bbox 1425 1726 1480 1752; x_wconf 83' lang='lat' dir='ltr'>aut</span> <span class='ocrx_word' id='word_1_191' title='bbox 1504 1724 1644 1761; x_wconf 80' lang='lat' dir='ltr'>puellam</span> <span class='ocrx_word' id='word_1_192' title='bbox 1669 1728 1726 1754; x_wconf 81' lang='lat' dir='ltr'>aut</span> <span class='ocrx_word' id='word_1_193' title='bbox 1750 1734 1881 1763; x_wconf 89' lang='lat' dir='ltr'>puerum</span> 
     </span>
     <span class='ocr_line' id='line_1_23' title="bbox 49 1777 1882 1820; baseline 0.003 -14"><span class='ocrx_word' id='word_1_194' title='bbox 49 1777 110 1807; x_wconf 80' lang='lat' dir='ltr'>tibi</span> <span class='ocrx_word' id='word_1_195' title='bbox 127 1787 216 1807; x_wconf 76' lang='lat' dir='ltr'>conu-</span> <span class='ocrx_word' id='word_1_196' title='bbox 231 1794 273 1798; x_wconf 87' lang='lat'>——</span> <span class='ocrx_word' id='word_1_197' title='bbox 286 1787 394 1816; x_wconf 82' lang='lat' dir='ltr'>parem</span> <span class='ocrx_word' id='word_1_198' title='bbox 411 1787 438 1819; x_wconf 77' lang='grc' dir='ltr'>γ.</span> <span class='ocrx_word' id='word_1_199' title='bbox 465 1782 579 1816; x_wconf 80' lang='lat' dir='ltr'>partem</span> <span class='ocrx_word' id='word_1_200' title='bbox 595 1779 625 1807; x_wconf 91' lang='lat' dir='ltr'>b.</span> <span class='ocrx_word' id='word_1_201' title='bbox 647 1796 686 1799; x_wconf 91' lang='lat'>-—</span> <span class='ocrx_word' id='word_1_202' title='bbox 704 1778 738 1807; x_wconf 88' lang='lat' dir='ltr'>id</span> <span class='ocrx_word' id='word_1_203' title='bbox 756 1782 806 1808; x_wconf 83' lang='lat' dir='ltr'>est</span> <span class='ocrx_word' id='word_1_204' title='bbox 820 1796 860 1798; x_wconf 97' lang='lat'><strong>—</strong></span> <span class='ocrx_word' id='word_1_205' title='bbox 875 1779 1122 1808; x_wconf 82' lang='lat' dir='ltr'>conuenientem</span> <span class='ocrx_word' id='word_1_206' title='bbox 1145 1779 1195 1820; x_wconf 79' lang='grc' dir='ltr'><strong>γΙ).</strong></span> <span class='ocrx_word' id='word_1_207' title='bbox 1213 1779 1282 1808; x_wconf 83' lang='lat' dir='ltr'>rell.</span> <span class='ocrx_word' id='word_1_208' title='bbox 1302 1788 1362 1808; x_wconf 91' lang='lat' dir='ltr'>om.</span> <span class='ocrx_word' id='word_1_209' title='bbox 1411 1779 1445 1818; x_wconf 86' lang='lat'>5)</span> <span class='ocrx_word' id='word_1_210' title='bbox 1471 1780 1601 1810; x_wconf 71' lang='lat' dir='ltr'>Butram</span> <span class='ocrx_word' id='word_1_211' title='bbox 1617 1781 1677 1811; x_wconf 86' lang='lat' dir='ltr'>tibi</span> <span class='ocrx_word' id='word_1_212' title='bbox 1696 1780 1882 1819; x_wconf 83' lang='lat' dir='ltr'>Septitium-</span> 
     </span>
    </p>

    <p class='ocr_par' dir='ltr' id='par_1_12' title="bbox 14 1834 1883 1878">
     <span class='ocr_line' id='line_1_24' title="bbox 14 1834 1883 1878; baseline 0.003 -15"><span class='ocrx_word' id='word_1_213' title='bbox 14 1872 16 1878; x_wconf 39' lang='grc' dir='ltr'>Ι</span> <span class='ocrx_word' id='word_1_214' title='bbox 50 1843 110 1872; x_wconf 88' lang='lat' dir='ltr'>que</span> <span class='ocrx_word' id='word_1_215' title='bbox 133 1843 159 1876; x_wconf 85' lang='grc' dir='ltr'>γ.</span> <span class='ocrx_word' id='word_1_216' title='bbox 186 1841 301 1864; x_wconf 76' lang='lat' dir='ltr'>BVTRA</span> <span class='ocrx_word' id='word_1_217' title='bbox 338 1844 454 1865; x_wconf 89' lang='lat' dir='ltr'>nomen</span> <span class='ocrx_word' id='word_1_218' title='bbox 489 1836 616 1874; x_wconf 84' lang='lat' dir='ltr'>puellae</span> <span class='ocrx_word' id='word_1_219' title='bbox 651 1835 856 1865; x_wconf 83' lang='lat' dir='ltr'>confirmatur</span> <span class='ocrx_word' id='word_1_220' title='bbox 882 1835 1093 1873; x_wconf 83' lang='lat' dir='ltr'>inscriptione</span> <span class='ocrx_word' id='word_1_221' title='bbox 1117 1844 1167 1873; x_wconf 83' lang='lat' dir='ltr'>ap.</span> <span class='ocrx_word' id='word_1_222' title='bbox 1195 1834 1322 1866; x_wconf 82' lang='lat' dir='ltr'>Gruter.</span> <span class='ocrx_word' id='word_1_223' title='bbox 1354 1837 1449 1866; x_wconf 91' lang='lat'>1071.</span> <span class='ocrx_word' id='word_1_224' title='bbox 1476 1838 1507 1866; x_wconf 87' lang='grc'>4.</span> <span class='ocrx_word' id='word_1_225' title='bbox 1538 1837 1633 1866; x_wconf 80' lang='lat'>1521.</span> <span class='ocrx_word' id='word_1_226' title='bbox 1659 1839 1688 1868; x_wconf 83' lang='lat'>4.</span> <span class='ocrx_word' id='word_1_227' title='bbox 1717 1842 1749 1867; x_wconf 81' lang='lat' dir='ltr'>et</span> <span class='ocrx_word' id='word_1_228' title='bbox 1773 1842 1883 1868; x_wconf 83' lang='lat' dir='ltr'>uetus-</span> 
     </span>
    </p>

    <p class='ocr_par' dir='ltr' id='par_1_13' title="bbox 14 1887 1883 2046">
     <span class='ocr_line' id='line_1_25' title="bbox 14 1887 1883 1938; baseline 0.002 -18"><span class='ocrx_word' id='word_1_229' title='bbox 14 1887 17 1938; x_wconf 69' lang='lat'>}</span> <span class='ocrx_word' id='word_1_230' title='bbox 51 1891 121 1921; x_wconf 84' lang='lat' dir='ltr'>tiss.</span> <span class='ocrx_word' id='word_1_231' title='bbox 148 1894 179 1920; x_wconf 70' lang='lat' dir='ltr'>et.</span> <span class='ocrx_word' id='word_1_232' title='bbox 205 1900 287 1923; x_wconf 81' lang='lat' dir='ltr'>rece.</span> <span class='ocrx_word' id='word_1_233' title='bbox 313 1892 477 1922; x_wconf 83' lang='lat' dir='ltr'>codicibus</span> <span class='ocrx_word' id='word_1_234' title='bbox 503 1892 616 1922; x_wconf 88' lang='lat' dir='ltr'>Ambr.</span> <span class='ocrx_word' id='word_1_235' title='bbox 643 1893 738 1922; x_wconf 80' lang='lat' dir='ltr'>Fran.</span> <span class='ocrx_word' id='word_1_236' title='bbox 764 1892 856 1922; x_wconf 78' lang='lat' dir='ltr'>Baro.</span> <span class='ocrx_word' id='word_1_237' title='bbox 883 1892 997 1930; x_wconf 87' lang='lat' dir='ltr'>Regin.</span> <span class='ocrx_word' id='word_1_238' title='bbox 1022 1891 1088 1920; x_wconf 66' lang='grc' dir='ltr'><strong>Μ’.</strong></span> <span class='ocrx_word' id='word_1_239' title='bbox 1117 1895 1147 1921; x_wconf 80' lang='lat' dir='ltr'>et</span> <span class='ocrx_word' id='word_1_240' title='bbox 1172 1891 1277 1921; x_wconf 83' lang='lat' dir='ltr'>Harll.</span> <span class='ocrx_word' id='word_1_241' title='bbox 1304 1888 1374 1934; x_wconf 77' lang='grc' dir='ltr'>βγθι</span> <span class='ocrx_word' id='word_1_242' title='bbox 1400 1893 1440 1930; x_wconf 85' lang='grc' dir='ltr'>(Β</span> <span class='ocrx_word' id='word_1_243' title='bbox 1465 1897 1539 1923; x_wconf 85' lang='lat' dir='ltr'>utra</span> <span class='ocrx_word' id='word_1_244' title='bbox 1555 1894 1627 1932; x_wconf 82' lang='lat' dir='ltr'>M2)</span> <span class='ocrx_word' id='word_1_245' title='bbox 1653 1894 1770 1924; x_wconf 84' lang='lat' dir='ltr'>Bernn.</span> <span class='ocrx_word' id='word_1_246' title='bbox 1796 1893 1883 1925; x_wconf 89' lang='lat' dir='ltr'>BCG</span> 
     </span>
     <span class='ocr_line' id='line_1_26' title="bbox 52 1946 1882 1993; baseline 0.001 -15"><span class='ocrx_word' id='word_1_247' title='bbox 52 1951 83 1978; x_wconf 73' lang='lat' dir='ltr'>et,</span> <span class='ocrx_word' id='word_1_248' title='bbox 107 1948 194 1978; x_wconf 82' lang='lat' dir='ltr'>Parr.</span> <span class='ocrx_word' id='word_1_249' title='bbox 219 1949 256 1978; x_wconf 85' lang='lat' dir='ltr'>E.</span> <span class='ocrx_word' id='word_1_250' title='bbox 284 1949 324 1979; x_wconf 87' lang='lat' dir='ltr'>A.</span> <span class='ocrx_word' id='word_1_251' title='bbox 350 1949 403 1993; x_wconf 80' lang='grc' dir='ltr'>Βφ</span> <span class='ocrx_word' id='word_1_252' title='bbox 429 1949 580 1989; x_wconf 86' lang='lat' dir='ltr'>(uterque</span> <span class='ocrx_word' id='word_1_253' title='bbox 606 1959 675 1979; x_wconf 89' lang='lat' dir='ltr'>cum</span> <span class='ocrx_word' id='word_1_254' title='bbox 702 1950 829 1988; x_wconf 80' lang='lat' dir='ltr'>glossa:</span> <span class='ocrx_word' id='word_1_255' title='bbox 856 1959 912 1988; x_wconf 90' lang='lat' dir='ltr'>pro</span> <span class='ocrx_word' id='word_1_256' title='bbox 937 1959 1000 1979; x_wconf 88' lang='lat' dir='ltr'>non</span> <span class='ocrx_word' id='word_1_257' title='bbox 1026 1967 1067 1969; x_wconf 97' lang='lat'><strong>—</strong></span> <span class='ocrx_word' id='word_1_258' title='bbox 1092 1946 1242 1979; x_wconf 78' lang='lat' dir='ltr'>nomine?</span> <span class='ocrx_word' id='word_1_259' title='bbox 1268 1966 1309 1969; x_wconf 86' lang='lat'>—</span> <span class='ocrx_word' id='word_1_260' title='bbox 1336 1946 1478 1990; x_wconf 85' lang='lat' dir='ltr'>puellae)</span> <span class='ocrx_word' id='word_1_261' title='bbox 1506 1948 1595 1980; x_wconf 85' lang='lat' dir='ltr'>Sorb.</span> <span class='ocrx_word' id='word_1_262' title='bbox 1623 1954 1683 1980; x_wconf 81' lang='lat' dir='ltr'>ete.</span> <span class='ocrx_word' id='word_1_263' title='bbox 1710 1950 1792 1980; x_wconf 85' lang='lat' dir='ltr'>conf.</span> <span class='ocrx_word' id='word_1_264' title='bbox 1808 1951 1882 1988; x_wconf 81' lang='lat' dir='ltr'>Fea,</span> 
     </span>
     <span class='ocr_line' id='line_1_27' title="bbox 51 2003 1882 2046; baseline 0.002 -12"><span class='ocrx_word' id='word_1_265' title='bbox 51 2003 84 2035; x_wconf 88' lang='lat' dir='ltr'>S.</span> <span class='ocrx_word' id='word_1_266' title='bbox 122 2005 240 2036; x_wconf 81' lang='lat' dir='ltr'>Obbar.</span> <span class='ocrx_word' id='word_1_267' title='bbox 278 2010 310 2036; x_wconf 83' lang='lat' dir='ltr'>et</span> <span class='ocrx_word' id='word_1_268' title='bbox 350 2006 450 2037; x_wconf 86' lang='lat' dir='ltr'>Orell.</span> <span class='ocrx_word' id='word_1_269' title='bbox 486 2007 616 2036; x_wconf 73' lang='lat' dir='ltr'>Brutam</span> <span class='ocrx_word' id='word_1_270' title='bbox 654 2005 735 2042; x_wconf 80' lang='lat' dir='ltr'>ch‚</span> <span class='ocrx_word' id='word_1_271' title='bbox 772 2010 807 2036; x_wconf 83' lang='lat' dir='ltr'>ut</span> <span class='ocrx_word' id='word_1_272' title='bbox 833 2006 977 2036; x_wconf 86' lang='lat' dir='ltr'>nonnulli</span> <span class='ocrx_word' id='word_1_273' title='bbox 1008 2015 1086 2035; x_wconf 82' lang='lat' dir='ltr'>rece.</span> <span class='ocrx_word' id='word_1_274' title='bbox 1125 2006 1230 2042; x_wconf 89' lang='lat' dir='ltr'>codd.‚</span> <span class='ocrx_word' id='word_1_275' title='bbox 1267 2006 1353 2035; x_wconf 86' lang='lat' dir='ltr'>inter</span> <span class='ocrx_word' id='word_1_276' title='bbox 1378 2016 1456 2044; x_wconf 80' lang='lat' dir='ltr'>quos</span> <span class='ocrx_word' id='word_1_277' title='bbox 1483 2007 1578 2036; x_wconf 82' lang='lat' dir='ltr'>Bern.</span> <span class='ocrx_word' id='word_1_278' title='bbox 1605 2007 1633 2036; x_wconf 92' lang='lat' dir='ltr'>D</span> <span class='ocrx_word' id='word_1_279' title='bbox 1661 2017 1731 2037; x_wconf 82' lang='lat' dir='ltr'>cum</span> <span class='ocrx_word' id='word_1_280' title='bbox 1757 2008 1882 2046; x_wconf 78' lang='lat' dir='ltr'>glossa:</span> 
     </span>
    </p>
   </div>
   <div class='ocr_carea' id='block_1_11' title="bbox 9 1385 1880 1804">
    <p class='ocr_par' dir='ltr' id='par_1_14' title="bbox 9 1385 1880 1804">
     <span class='ocr_line' id='line_1_28' title="bbox 9 1385 12 1416; baseline 0 0"><span class='ocrx_word' id='word_1_281' title='bbox 9 1385 12 1416; x_wconf 86' lang='grc' dir='ltr'>Ι</span> 
     </span>
     <span class='ocr_line' id='line_1_29' title="bbox 10 1531 1880 1660; baseline 0.003 -25"><span class='ocrx_word' id='word_1_282' title='bbox 10 1531 14 1660; x_wconf 55' lang='grc' dir='ltr'><strong>ξ</strong></span> <span class='ocrx_word' id='word_1_283' title='bbox 163 1606 195 1645; x_wconf 93' lang='grc'>1)</span> <span class='ocrx_word' id='word_1_284' title='bbox 221 1605 336 1636; x_wconf 85' lang='lat' dir='ltr'>Nitore</span> <span class='ocrx_word' id='word_1_285' title='bbox 355 1623 393 1627; x_wconf 54' lang='grc'>»-</span> <span class='ocrx_word' id='word_1_286' title='bbox 414 1607 577 1645; x_wconf 82' lang='lat' dir='ltr'>speculum</span> <span class='ocrx_word' id='word_1_287' title='bbox 602 1608 652 1649; x_wconf 70' lang='grc' dir='ltr'><strong>γὶ).</strong></span> <span class='ocrx_word' id='word_1_288' title='bbox 679 1607 748 1637; x_wconf 89' lang='lat' dir='ltr'>rell.</span> <span class='ocrx_word' id='word_1_289' title='bbox 775 1617 835 1637; x_wconf 90' lang='lat' dir='ltr'>om.</span> <span class='ocrx_word' id='word_1_290' title='bbox 885 1608 920 1646; x_wconf 87' lang='lat'>2)</span> <span class='ocrx_word' id='word_1_291' title='bbox 945 1607 983 1636; x_wconf 91' lang='lat' dir='ltr'>Id</span> <span class='ocrx_word' id='word_1_292' title='bbox 1009 1610 1058 1636; x_wconf 81' lang='lat' dir='ltr'>est,</span> <span class='ocrx_word' id='word_1_293' title='bbox 1076 1624 1116 1627; x_wconf 73' lang='lat'>--</span> <span class='ocrx_word' id='word_1_294' title='bbox 1144 1606 1258 1638; x_wconf 80' lang='lat' dir='ltr'>efferat</span> <span class='ocrx_word' id='word_1_295' title='bbox 1283 1607 1442 1650; x_wconf 63' lang='lat' dir='ltr'>·s(effe1·at</span> <span class='ocrx_word' id='word_1_296' title='bbox 1466 1609 1498 1650; x_wconf 77' lang='grc' dir='ltr'>γ)</span> <span class='ocrx_word' id='word_1_297' title='bbox 1525 1619 1546 1639; x_wconf 89' lang='lat' dir='ltr'><strong>v</strong></span> <span class='ocrx_word' id='word_1_298' title='bbox 1572 1610 1619 1649; x_wconf 75' lang='lat' dir='ltr'>(at</span> <span class='ocrx_word' id='word_1_299' title='bbox 1641 1610 1741 1649; x_wconf 84' lang='lat' dir='ltr'>foras)</span> <span class='ocrx_word' id='word_1_300' title='bbox 1767 1611 1880 1647; x_wconf 80' lang='lat' dir='ltr'>cath.</span> 
     </span>
     <span class='ocr_line' id='line_1_30' title="bbox 11 1662 14 1682; baseline 0 0"><span class='ocrx_word' id='word_1_301' title='bbox 11 1662 14 1682; x_wconf 77' lang='grc' dir='ltr'>ι</span> 
     </span>
     <span class='ocr_line' id='line_1_31' title="bbox 12 1729 16 1804; baseline 0 0"><span class='ocrx_word' id='word_1_302' title='bbox 12 1729 16 1804; x_wconf 73' lang='grc' dir='ltr'>ἰ</span> 
     </span>
    </p>
   </div>
   <div class='ocr_carea' id='block_1_12' title="bbox 2 2023 1887 3128">
    <p class='ocr_par' dir='ltr' id='par_1_15' title="bbox 15 2023 1883 2108">
     <span class='ocr_line' id='line_1_32' title="bbox 15 2023 1883 2108; baseline 0.001 -16"><span class='ocrx_word' id='word_1_303' title='bbox 15 2023 19 2108; x_wconf 58' lang='lat' dir='ltr'>i</span> <span class='ocrx_word' id='word_1_304' title='bbox 53 2071 176 2092; x_wconf 84' lang='lat' dir='ltr'>assume</span> <span class='ocrx_word' id='word_1_305' title='bbox 202 2072 337 2093; x_wconf 87' lang='lat' dir='ltr'>seruum.</span> <span class='ocrx_word' id='word_1_306' title='bbox 373 2063 503 2093; x_wconf 78' lang='lat' dir='ltr'>Brutum</span> <span class='ocrx_word' id='word_1_307' title='bbox 527 2073 545 2093; x_wconf 85' lang='lat' dir='ltr'>a</span> <span class='ocrx_word' id='word_1_308' title='bbox 570 2064 633 2100; x_wconf 82' lang='lat' dir='ltr'>bis⁷</span> <span class='ocrx_word' id='word_1_309' title='bbox 670 2063 706 2093; x_wconf 79' lang='lat' dir='ltr'>fh</span> <span class='ocrx_word' id='word_1_310' title='bbox 732 2064 765 2093; x_wconf 89' lang='lat' dir='ltr'>in</span> <span class='ocrx_word' id='word_1_311' title='bbox 791 2063 875 2099; x_wconf 85' lang='lat' dir='ltr'>lem.⁷</span> <span class='ocrx_word' id='word_1_312' title='bbox 913 2063 1046 2092; x_wconf 75' lang='lat' dir='ltr'>Brutum</span> <span class='ocrx_word' id='word_1_313' title='bbox 1071 2063 1104 2092; x_wconf 88' lang='lat' dir='ltr'>in</span> <span class='ocrx_word' id='word_1_314' title='bbox 1130 2063 1261 2092; x_wconf 88' lang='lat' dir='ltr'>scholio.</span> <span class='ocrx_word' id='word_1_315' title='bbox 1299 2063 1429 2092; x_wconf 75' lang='lat' dir='ltr'>Brutum</span> <span class='ocrx_word' id='word_1_316' title='bbox 1454 2063 1487 2092; x_wconf 91' lang='lat' dir='ltr'>in</span> <span class='ocrx_word' id='word_1_317' title='bbox 1512 2065 1680 2102; x_wconf 80' lang='lat' dir='ltr'>perpaucis</span> <span class='ocrx_word' id='word_1_318' title='bbox 1705 2065 1812 2101; x_wconf 84' lang='lat' dir='ltr'>codd.‚</span> <span class='ocrx_word' id='word_1_319' title='bbox 1850 2065 1883 2093; x_wconf 89' lang='lat' dir='ltr'>in</span> 
     </span>
    </p>

    <p class='ocr_par' dir='ltr' id='par_1_16' title="bbox 17 2110 1883 2213">
     <span class='ocr_line' id='line_1_33' title="bbox 17 2110 1883 2213; baseline 0.001 -64"><span class='ocrx_word' id='word_1_320' title='bbox 17 2110 21 2213; x_wconf 61' lang='grc' dir='ltr'>ι</span> <span class='ocrx_word' id='word_1_321' title='bbox 53 2120 220 2157; x_wconf 83' lang='lat' dir='ltr'>permultis</span> <span class='ocrx_word' id='word_1_322' title='bbox 245 2124 327 2150; x_wconf 81' lang='lat' dir='ltr'>uett.</span> <span class='ocrx_word' id='word_1_323' title='bbox 354 2121 426 2150; x_wconf 85' lang='lat' dir='ltr'>edd.</span> <span class='ocrx_word' id='word_1_324' title='bbox 453 2138 494 2141; x_wconf 80' lang='lat'>-—</span> <span class='ocrx_word' id='word_1_325' title='bbox 520 2127 707 2150; x_wconf 69' lang='lat' dir='ltr'>snmrrrvm</span> <span class='ocrx_word' id='word_1_326' title='bbox 732 2130 748 2161; x_wconf 78' lang='grc' dir='ltr'>γ</span> <span class='ocrx_word' id='word_1_327' title='bbox 773 2119 886 2158; x_wconf 80' lang='lat' dir='ltr'>Regin.</span> <span class='ocrx_word' id='word_1_328' title='bbox 913 2124 944 2150; x_wconf 87' lang='lat' dir='ltr'>et</span> <span class='ocrx_word' id='word_1_329' title='bbox 976 2121 1069 2158; x_wconf 83' lang='lat' dir='ltr'>pauci</span> <span class='ocrx_word' id='word_1_330' title='bbox 1102 2129 1180 2149; x_wconf 84' lang='lat' dir='ltr'>rece.</span> <span class='ocrx_word' id='word_1_331' title='bbox 1214 2120 1317 2156; x_wconf 79' lang='lat' dir='ltr'>codd.‚</span> <span class='ocrx_word' id='word_1_332' title='bbox 1344 2124 1379 2149; x_wconf 83' lang='lat' dir='ltr'>ut</span> <span class='ocrx_word' id='word_1_333' title='bbox 1403 2120 1494 2149; x_wconf 83' lang='lat' dir='ltr'>Harl.</span> <span class='ocrx_word' id='word_1_334' title='bbox 1521 2121 1542 2149; x_wconf 87' lang='lat' dir='ltr'><strong>k</strong></span> <span class='ocrx_word' id='word_1_335' title='bbox 1570 2121 1674 2159; x_wconf 82' lang='lat'>(2734</span> <span class='ocrx_word' id='word_1_336' title='bbox 1701 2130 1782 2150; x_wconf 80' lang='lat' dir='ltr'>saec.</span> <span class='ocrx_word' id='word_1_337' title='bbox 1808 2121 1883 2160; x_wconf 91' lang='lat' dir='ltr'>XV)</span> 
     </span>
    </p>

    <p class='ocr_par' dir='ltr' id='par_1_17' title="bbox 53 2175 1882 2216">
     <span class='ocr_line' id='line_1_34' title="bbox 53 2175 1882 2216; baseline 0.002 -11"><span class='ocrx_word' id='word_1_338' title='bbox 53 2177 156 2215; x_wconf 83' lang='lat' dir='ltr'>recepi</span> <span class='ocrx_word' id='word_1_339' title='bbox 180 2177 263 2214; x_wconf 80' lang='lat' dir='ltr'>ideo,</span> <span class='ocrx_word' id='word_1_340' title='bbox 300 2178 385 2216; x_wconf 90' lang='lat' dir='ltr'>quod</span> <span class='ocrx_word' id='word_1_341' title='bbox 410 2178 505 2207; x_wconf 88' lang='lat' dir='ltr'>huius</span> <span class='ocrx_word' id='word_1_342' title='bbox 530 2178 671 2207; x_wconf 88' lang='lat' dir='ltr'>nominis</span> <span class='ocrx_word' id='word_1_343' title='bbox 707 2186 803 2216; x_wconf 85' lang='lat' dir='ltr'>eques</span> <span class='ocrx_word' id='word_1_344' title='bbox 829 2177 990 2207; x_wconf 77' lang='lat' dir='ltr'>Romanus</span> <span class='ocrx_word' id='word_1_345' title='bbox 1017 2187 1067 2215; x_wconf 80' lang='lat' dir='ltr'>ap.</span> <span class='ocrx_word' id='word_1_346' title='bbox 1098 2175 1164 2206; x_wconf 76' lang='lat' dir='ltr'>Cic.</span> <span class='ocrx_word' id='word_1_347' title='bbox 1190 2176 1280 2206; x_wconf 84' lang='lat' dir='ltr'>Verr.</span> <span class='ocrx_word' id='word_1_348' title='bbox 1306 2176 1420 2206; x_wconf 79' lang='lat' dir='ltr'>Aecus.</span> <span class='ocrx_word' id='word_1_349' title='bbox 1446 2177 1504 2213; x_wconf 84' lang='grc' dir='ltr'>ΙΙΙ,</span> <span class='ocrx_word' id='word_1_350' title='bbox 1535 2178 1584 2213; x_wconf 79' lang='lat'>14,</span> <span class='ocrx_word' id='word_1_351' title='bbox 1613 2178 1653 2206; x_wconf 80' lang='lat'>36</span> <span class='ocrx_word' id='word_1_352' title='bbox 1682 2182 1711 2207; x_wconf 89' lang='lat' dir='ltr'>et</span> <span class='ocrx_word' id='word_1_353' title='bbox 1735 2178 1818 2207; x_wconf 89' lang='lat' dir='ltr'>Plin.</span> <span class='ocrx_word' id='word_1_354' title='bbox 1844 2179 1882 2208; x_wconf 87' lang='lat' dir='ltr'>E.</span> 
     </span>
    </p>

    <p class='ocr_par' dir='ltr' id='par_1_18' title="bbox 18 2217 1886 2316">
     <span class='ocr_line' id='line_1_35' title="bbox 18 2217 1886 2316; baseline 0.001 -54"><span class='ocrx_word' id='word_1_355' title='bbox 18 2217 23 2316; x_wconf 69' lang='grc' dir='ltr'>ἰ</span> <span class='ocrx_word' id='word_1_356' title='bbox 52 2232 94 2271; x_wconf 86' lang='lat'>11,</span> <span class='ocrx_word' id='word_1_357' title='bbox 113 2235 141 2263; x_wconf 88' lang='lat'>9.</span> <span class='ocrx_word' id='word_1_358' title='bbox 167 2234 300 2264; x_wconf 83' lang='lat' dir='ltr'>Plurimi</span> <span class='ocrx_word' id='word_1_359' title='bbox 342 2238 418 2264; x_wconf 82' lang='lat' dir='ltr'>uett.</span> <span class='ocrx_word' id='word_1_360' title='bbox 458 2235 550 2264; x_wconf 86' lang='lat' dir='ltr'>codd.</span> <span class='ocrx_word' id='word_1_361' title='bbox 590 2238 621 2264; x_wconf 77' lang='lat' dir='ltr'>et</span> <span class='ocrx_word' id='word_1_362' title='bbox 657 2234 727 2270; x_wconf 77' lang='lat' dir='ltr'>veQ</span> <span class='ocrx_word' id='word_1_363' title='bbox 755 2235 875 2264; x_wconf 80' lang='lat' dir='ltr'>habent</span> <span class='ocrx_word' id='word_1_364' title='bbox 912 2233 1088 2272; x_wconf 80' lang='lat' dir='ltr'>Septicium</span> <span class='ocrx_word' id='word_1_365' title='bbox 1125 2234 1318 2263; x_wconf 84' lang='lat' dir='ltr'>recentiores</span> <span class='ocrx_word' id='word_1_366' title='bbox 1355 2232 1543 2271; x_wconf 80' lang='lat' dir='ltr'>Septimium</span> <span class='ocrx_word' id='word_1_367' title='bbox 1570 2233 1684 2272; x_wconf 83' lang='lat' dir='ltr'>(etiam</span> <span class='ocrx_word' id='word_1_368' title='bbox 1701 2234 1734 2264; x_wconf 93' lang='lat' dir='ltr'>M</span> <span class='ocrx_word' id='word_1_369' title='bbox 1755 2236 1768 2263; x_wconf 96' lang='lat'>1</span> <span class='ocrx_word' id='word_1_370' title='bbox 1796 2238 1828 2264; x_wconf 86' lang='lat' dir='ltr'>et</span> <span class='ocrx_word' id='word_1_371' title='bbox 1855 2236 1886 2272; x_wconf 83' lang='lat'>2,</span> 
     </span>
    </p>

    <p class='ocr_par' dir='ltr' id='par_1_19' title="bbox 19 2288 1883 2336">
     <span class='ocr_line' id='line_1_36' title="bbox 19 2288 1883 2336; baseline 0.001 -16"><span class='ocrx_word' id='word_1_372' title='bbox 19 2319 23 2336; x_wconf 74' lang='lat'>÷</span> <span class='ocrx_word' id='word_1_373' title='bbox 53 2290 146 2320; x_wconf 88' lang='lat' dir='ltr'>Bern.</span> <span class='ocrx_word' id='word_1_374' title='bbox 172 2291 210 2320; x_wconf 88' lang='lat' dir='ltr'>B.</span> <span class='ocrx_word' id='word_1_375' title='bbox 237 2291 324 2321; x_wconf 80' lang='lat' dir='ltr'>Parr.</span> <span class='ocrx_word' id='word_1_376' title='bbox 350 2288 394 2322; x_wconf 76' lang='grc' dir='ltr'>θκ</span> <span class='ocrx_word' id='word_1_377' title='bbox 419 2291 446 2321; x_wconf 83' lang='lat' dir='ltr'>R</span> <span class='ocrx_word' id='word_1_378' title='bbox 464 2295 496 2321; x_wconf 77' lang='lat' dir='ltr'>et</span> <span class='ocrx_word' id='word_1_379' title='bbox 514 2291 541 2322; x_wconf 94' lang='lat' dir='ltr'>O</span> <span class='ocrx_word' id='word_1_380' title='bbox 562 2301 631 2321; x_wconf 90' lang='lat' dir='ltr'>eum</span> <span class='ocrx_word' id='word_1_381' title='bbox 657 2301 735 2321; x_wconf 88' lang='lat' dir='ltr'>corr.</span> <span class='ocrx_word' id='word_1_382' title='bbox 754 2290 892 2331; x_wconf 81' lang='lat' dir='ltr'>Sulpic.)</span> <span class='ocrx_word' id='word_1_383' title='bbox 920 2294 951 2320; x_wconf 83' lang='lat' dir='ltr'>et</span> <span class='ocrx_word' id='word_1_384' title='bbox 977 2289 1169 2329; x_wconf 78' lang='lat' dir='ltr'>Septinium.</span> <span class='ocrx_word' id='word_1_385' title='bbox 1197 2289 1387 2328; x_wconf 79' lang='lat' dir='ltr'>Septimium</span> <span class='ocrx_word' id='word_1_386' title='bbox 1412 2290 1494 2320; x_wconf 78' lang='lat' dir='ltr'>eafh.</span> <span class='ocrx_word' id='word_1_387' title='bbox 1521 2300 1602 2319; x_wconf 76' lang='lat' dir='ltr'>s.:</span> <span class='ocrx_word' id='word_1_388' title='bbox 1619 2291 1687 2320; x_wconf 84' lang='lat' dir='ltr'>scil.</span> <span class='ocrx_word' id='word_1_389' title='bbox 1714 2292 1744 2321; x_wconf 86' lang='lat' dir='ltr'>b.</span> <span class='ocrx_word' id='word_1_390' title='bbox 1771 2301 1832 2321; x_wconf 89' lang='lat' dir='ltr'>om.</span> <span class='ocrx_word' id='word_1_391' title='bbox 1856 2302 1883 2334; x_wconf 78' lang='grc' dir='ltr'><strong>γ.</strong></span> 
     </span>
    </p>

    <p class='ocr_par' dir='ltr' id='par_1_20' title="bbox 20 2337 1886 2387">
     <span class='ocr_line' id='line_1_37' title="bbox 20 2337 1886 2387; baseline 0.001 -10"><span class='ocrx_word' id='word_1_392' title='bbox 20 2337 23 2347; x_wconf 65' lang='lat'><strong>¹</strong></span> <span class='ocrx_word' id='word_1_393' title='bbox 55 2347 94 2378; x_wconf 78' lang='lat' dir='ltr'>cf.</span> <span class='ocrx_word' id='word_1_394' title='bbox 113 2347 155 2378; x_wconf 90' lang='lat' dir='ltr'>C:</span> <span class='ocrx_word' id='word_1_395' title='bbox 189 2349 330 2378; x_wconf 78' lang='lat' dir='ltr'>‘Butram</span> <span class='ocrx_word' id='word_1_396' title='bbox 355 2348 467 2387; x_wconf 82' lang='lat' dir='ltr'>(supra</span> <span class='ocrx_word' id='word_1_397' title='bbox 492 2350 527 2378; x_wconf 91' lang='lat' dir='ltr'>in</span> <span class='ocrx_word' id='word_1_398' title='bbox 551 2349 652 2378; x_wconf 82' lang='lat' dir='ltr'>altero</span> <span class='ocrx_word' id='word_1_399' title='bbox 678 2349 749 2378; x_wconf 90' lang='lat' dir='ltr'>lem.</span> <span class='ocrx_word' id='word_1_400' title='bbox 777 2349 827 2378; x_wconf 90' lang='lat' dir='ltr'>bis</span> <span class='ocrx_word' id='word_1_401' title='bbox 853 2347 1001 2386; x_wconf 72' lang='lat' dir='ltr'>Brutam)</span> <span class='ocrx_word' id='word_1_402' title='bbox 1030 2347 1141 2386; x_wconf 76' lang='lat' dir='ltr'>Sulpic.</span> <span class='ocrx_word' id='word_1_403' title='bbox 1169 2348 1372 2377; x_wconf 81' lang='lat' dir='ltr'>conuiuarum</span> <span class='ocrx_word' id='word_1_404' title='bbox 1404 2351 1472 2376; x_wconf 70' lang='lat' dir='ltr'>suut</span> <span class='ocrx_word' id='word_1_405' title='bbox 1494 2348 1645 2377; x_wconf 83' lang='lat' dir='ltr'>nomina’.</span> <span class='ocrx_word' id='word_1_406' title='bbox 1696 2348 1729 2386; x_wconf 85' lang='lat'>6)</span> <span class='ocrx_word' id='word_1_407' title='bbox 1756 2349 1886 2378; x_wconf 86' lang='lat' dir='ltr'>nomina</span> 
     </span>
    </p>

    <p class='ocr_par' dir='ltr' id='par_1_21' title="bbox 20 2350 1887 2499">
     <span class='ocr_line' id='line_1_38' title="bbox 20 2350 1887 2499; baseline 0 -64"><span class='ocrx_word' id='word_1_408' title='bbox 20 2350 25 2499; x_wconf 65' lang='lat' dir='ltr'>l</span> <span class='ocrx_word' id='word_1_409' title='bbox 55 2406 198 2443; x_wconf 56' lang='lat' dir='ltr'>*pueri</span> <span class='ocrx_word' id='word_1_410' title='bbox 222 2406 273 2448; x_wconf 47' lang='lat' dir='ltr'>qb,</span> <span class='ocrx_word' id='word_1_411' title='bbox 300 2416 360 2436; x_wconf 85' lang='lat' dir='ltr'>om.</span> <span class='ocrx_word' id='word_1_412' title='bbox 387 2411 474 2437; x_wconf 40' lang='lat' dir='ltr'>ut*</span> <span class='ocrx_word' id='word_1_413' title='bbox 492 2415 635 2444; x_wconf 86' lang='lat' dir='ltr'>puerum.</span> <span class='ocrx_word' id='word_1_414' title='bbox 660 2404 809 2441; x_wconf 74' lang='lat' dir='ltr'>vcath:</span> <span class='ocrx_word' id='word_1_415' title='bbox 834 2405 964 2435; x_wconf 83' lang='lat' dir='ltr'>nomina</span> <span class='ocrx_word' id='word_1_416' title='bbox 990 2413 1080 2433; x_wconf 90' lang='lat' dir='ltr'>conu.</span> <span class='ocrx_word' id='word_1_417' title='bbox 1107 2404 1203 2442; x_wconf 87' lang='lat' dir='ltr'>Torq.</span> <span class='ocrx_word' id='word_1_418' title='bbox 1230 2404 1281 2433; x_wconf 85' lang='lat' dir='ltr'>uel</span> <span class='ocrx_word' id='word_1_419' title='bbox 1307 2408 1341 2434; x_wconf 83' lang='lat' dir='ltr'>ut</span> <span class='ocrx_word' id='word_1_420' title='bbox 1374 2404 1473 2442; x_wconf 79' lang='lat' dir='ltr'>(uelut</span> <span class='ocrx_word' id='word_1_421' title='bbox 1496 2405 1552 2443; x_wconf 78' lang='lat' dir='ltr'>va)</span> <span class='ocrx_word' id='word_1_422' title='bbox 1578 2414 1606 2442; x_wconf 84' lang='lat' dir='ltr'>q.</span> <span class='ocrx_word' id='word_1_423' title='bbox 1632 2404 1765 2433; x_wconf 69' lang='lat' dir='ltr'>Brutum</span> <span class='ocrx_word' id='word_1_424' title='bbox 1791 2404 1887 2443; x_wconf 83' lang='lat' dir='ltr'>(Bru-</span> 
     </span>
    </p>

    <p class='ocr_par' dir='ltr' id='par_1_22' title="bbox 55 2460 1884 2502">
     <span class='ocr_line' id='line_1_39' title="bbox 55 2460 1884 2502; baseline 0.001 -11"><span class='ocrx_word' id='word_1_425' title='bbox 55 2465 121 2491; x_wconf 77' lang='lat' dir='ltr'>tum</span> <span class='ocrx_word' id='word_1_426' title='bbox 145 2463 178 2501; x_wconf 83' lang='lat' dir='ltr'>a)</span> <span class='ocrx_word' id='word_1_427' title='bbox 204 2461 390 2500; x_wconf 84' lang='lat' dir='ltr'>Septimium</span> <span class='ocrx_word' id='word_1_428' title='bbox 416 2463 551 2501; x_wconf 84' lang='lat' dir='ltr'>(Septic.</span> <span class='ocrx_word' id='word_1_429' title='bbox 577 2463 641 2501; x_wconf 66' lang='grc' dir='ltr'>ΥΟ)</span> <span class='ocrx_word' id='word_1_430' title='bbox 667 2472 810 2502; x_wconf 86' lang='lat' dir='ltr'>puerum.</span> <span class='ocrx_word' id='word_1_431' title='bbox 837 2462 918 2491; x_wconf 89' lang='lat' dir='ltr'>conf.</span> <span class='ocrx_word' id='word_1_432' title='bbox 946 2460 988 2491; x_wconf 81' lang='lat' dir='ltr'>O:</span> <span class='ocrx_word' id='word_1_433' title='bbox 1016 2461 1167 2490; x_wconf 70' lang='lat' dir='ltr'>‘Bi-utam.</span> <span class='ocrx_word' id='word_1_434' title='bbox 1193 2461 1344 2499; x_wconf 75' lang='lat' dir='ltr'>puellam,</span> <span class='ocrx_word' id='word_1_435' title='bbox 1376 2461 1426 2490; x_wconf 88' lang='lat' dir='ltr'>uel</span> <span class='ocrx_word' id='word_1_436' title='bbox 1452 2465 1487 2490; x_wconf 83' lang='lat' dir='ltr'>ut</span> <span class='ocrx_word' id='word_1_437' title='bbox 1512 2461 1579 2497; x_wconf 81' lang='lat' dir='ltr'>alii,</span> <span class='ocrx_word' id='word_1_438' title='bbox 1605 2461 1737 2490; x_wconf 71' lang='lat' dir='ltr'>Butram</span> <span class='ocrx_word' id='word_1_439' title='bbox 1762 2460 1884 2500; x_wconf 84' lang='lat' dir='ltr'>Sulpic.</span> 
     </span>
    </p>

    <p class='ocr_par' dir='ltr' id='par_1_23' title="bbox 2 2510 1885 2727">
     <span class='ocr_line' id='line_1_40' title="bbox 2 2510 1884 2562; baseline -0.001 -14"><span class='ocrx_word' id='word_1_440' title='bbox 2 2510 5 2559; x_wconf 52' lang='grc' dir='ltr'>’ᾗ</span> <span class='ocrx_word' id='word_1_441' title='bbox 57 2522 114 2548; x_wconf 83' lang='lat' dir='ltr'>etc.</span> <span class='ocrx_word' id='word_1_442' title='bbox 139 2522 174 2548; x_wconf 80' lang='lat' dir='ltr'>ut</span> <span class='ocrx_word' id='word_1_443' title='bbox 199 2528 305 2558; x_wconf 86' lang='lat' dir='ltr'>supra.</span> <span class='ocrx_word' id='word_1_444' title='bbox 371 2518 403 2560; x_wconf 84' lang='lat'>7)</span> <span class='ocrx_word' id='word_1_445' title='bbox 428 2519 495 2550; x_wconf 80' lang='lat' dir='ltr'>Aut</span> <span class='ocrx_word' id='word_1_446' title='bbox 523 2538 559 2541; x_wconf 84' lang='lat'>-—</span> <span class='ocrx_word' id='word_1_447' title='bbox 589 2520 760 2558; x_wconf 80' lang='lat' dir='ltr'>prandium</span> <span class='ocrx_word' id='word_1_448' title='bbox 784 2520 834 2562; x_wconf 75' lang='grc' dir='ltr'>γῖ).</span> <span class='ocrx_word' id='word_1_449' title='bbox 861 2520 928 2548; x_wconf 89' lang='lat' dir='ltr'>rell.</span> <span class='ocrx_word' id='word_1_450' title='bbox 954 2529 1014 2549; x_wconf 88' lang='lat' dir='ltr'>om.</span> <span class='ocrx_word' id='word_1_451' title='bbox 1041 2522 1125 2548; x_wconf 82' lang='lat' dir='ltr'>certe</span> <span class='ocrx_word' id='word_1_452' title='bbox 1149 2519 1179 2549; x_wconf 90' lang='lat' dir='ltr'>b.</span> <span class='ocrx_word' id='word_1_453' title='bbox 1209 2522 1314 2548; x_wconf 78' lang='lat' dir='ltr'>certae</span> <span class='ocrx_word' id='word_1_454' title='bbox 1337 2528 1365 2560; x_wconf 72' lang='grc' dir='ltr'>γ.</span> <span class='ocrx_word' id='word_1_455' title='bbox 1392 2518 1545 2547; x_wconf 75' lang='lat' dir='ltr'>Notabile</span> <span class='ocrx_word' id='word_1_456' title='bbox 1571 2518 1669 2547; x_wconf 85' lang='lat' dir='ltr'>schol.</span> <span class='ocrx_word' id='word_1_457' title='bbox 1697 2519 1730 2547; x_wconf 88' lang='lat' dir='ltr'>in</span> <span class='ocrx_word' id='word_1_458' title='bbox 1755 2518 1825 2561; x_wconf 76' lang='grc' dir='ltr'>Βφι</span> <span class='ocrx_word' id='word_1_459' title='bbox 1864 2519 1884 2547; x_wconf 94' lang='lat' dir='ltr'>i.</span> 
     </span>
     <span class='ocr_line' id='line_1_41' title="bbox 4 2575 1884 2616; baseline -0.001 -11"><span class='ocrx_word' id='word_1_460' title='bbox 4 2583 7 2604; x_wconf 84' lang='grc' dir='ltr'>ι</span> <span class='ocrx_word' id='word_1_461' title='bbox 56 2575 142 2605; x_wconf 87' lang='lat' dir='ltr'>locus</span> <span class='ocrx_word' id='word_1_462' title='bbox 166 2577 342 2606; x_wconf 84' lang='lat' dir='ltr'>umbrosus.</span> <span class='ocrx_word' id='word_1_463' title='bbox 370 2576 453 2607; x_wconf 85' lang='lat' dir='ltr'>conf.</span> <span class='ocrx_word' id='word_1_464' title='bbox 470 2576 509 2607; x_wconf 88' lang='lat' dir='ltr'>C:</span> <span class='ocrx_word' id='word_1_465' title='bbox 536 2578 666 2606; x_wconf 82' lang='lat' dir='ltr'>umbrae</span> <span class='ocrx_word' id='word_1_466' title='bbox 691 2578 844 2606; x_wconf 89' lang='lat' dir='ltr'>dicuntur</span> <span class='ocrx_word' id='word_1_467' title='bbox 869 2576 1012 2606; x_wconf 75' lang='lat' dir='ltr'>asseclae</span> <span class='ocrx_word' id='word_1_468' title='bbox 1038 2580 1096 2605; x_wconf 75' lang='lat' dir='ltr'>etc.</span> <span class='ocrx_word' id='word_1_469' title='bbox 1146 2576 1180 2614; x_wconf 85' lang='lat'>9)</span> <span class='ocrx_word' id='word_1_470' title='bbox 1207 2575 1257 2604; x_wconf 73' lang='lat' dir='ltr'>Ait</span> <span class='ocrx_word' id='word_1_471' title='bbox 1273 2580 1341 2605; x_wconf 80' lang='lat' dir='ltr'>arte</span> <span class='ocrx_word' id='word_1_472' title='bbox 1358 2585 1385 2616; x_wconf 76' lang='grc' dir='ltr'><strong>γ.</strong></span> <span class='ocrx_word' id='word_1_473' title='bbox 1415 2579 1480 2604; x_wconf 65' lang='lat' dir='ltr'>certe</span> <span class='ocrx_word' id='word_1_474' title='bbox 1497 2576 1528 2604; x_wconf 87' lang='lat' dir='ltr'>b.</span> <span class='ocrx_word' id='word_1_475' title='bbox 1581 2575 1636 2613; x_wconf 79' lang='lat'>10)</span> <span class='ocrx_word' id='word_1_476' title='bbox 1663 2575 1721 2604; x_wconf 85' lang='lat' dir='ltr'>irei</span> <span class='ocrx_word' id='word_1_477' title='bbox 1746 2575 1777 2603; x_wconf 86' lang='lat' dir='ltr'>b.</span> <span class='ocrx_word' id='word_1_478' title='bbox 1804 2578 1884 2604; x_wconf 71' lang='lat' dir='ltr'>arta.</span> 
     </span>
     <span class='ocr_line' id='line_1_42' title="bbox 6 2630 1884 2676; baseline -0.002 -13"><span class='ocrx_word' id='word_1_479' title='bbox 6 2646 8 2663; x_wconf 62' lang='grc' dir='ltr'><strong>ι</strong></span> <span class='ocrx_word' id='word_1_480' title='bbox 58 2633 167 2662; x_wconf 79' lang='lat' dir='ltr'>stricta</span> <span class='ocrx_word' id='word_1_481' title='bbox 182 2633 242 2676; x_wconf 76' lang='grc' dir='ltr'>Βφ.</span> <span class='ocrx_word' id='word_1_482' title='bbox 268 2633 383 2672; x_wconf 84' lang='lat' dir='ltr'>Inepta</span> <span class='ocrx_word' id='word_1_483' title='bbox 400 2633 587 2664; x_wconf 73' lang='lat' dir='ltr'>confusione</span> <span class='ocrx_word' id='word_1_484' title='bbox 605 2634 748 2663; x_wconf 81' lang='lat' dir='ltr'>aduerbii</span> <span class='ocrx_word' id='word_1_485' title='bbox 767 2637 831 2662; x_wconf 78' lang='lat' dir='ltr'>arte</span> <span class='ocrx_word' id='word_1_486' title='bbox 853 2650 888 2653; x_wconf 85' lang='lat'>—-</span> <span class='ocrx_word' id='word_1_487' title='bbox 904 2642 975 2662; x_wconf 88' lang='lat' dir='ltr'>cum</span> <span class='ocrx_word' id='word_1_488' title='bbox 992 2633 1119 2662; x_wconf 88' lang='lat' dir='ltr'>nomine</span> <span class='ocrx_word' id='word_1_489' title='bbox 1137 2641 1191 2661; x_wconf 78' lang='lat' dir='ltr'>ars</span> <span class='ocrx_word' id='word_1_490' title='bbox 1206 2649 1244 2652; x_wconf 63' lang='lat'>--</span> <span class='ocrx_word' id='word_1_491' title='bbox 1259 2636 1325 2661; x_wconf 73' lang='lat' dir='ltr'>arte</span> <span class='ocrx_word' id='word_1_492' title='bbox 1349 2632 1478 2671; x_wconf 77' lang='lat' dir='ltr'>quadam</span> <span class='ocrx_word' id='word_1_493' title='bbox 1501 2631 1640 2669; x_wconf 74' lang='lat' dir='ltr'>(quidem</span> <span class='ocrx_word' id='word_1_494' title='bbox 1666 2630 1827 2670; x_wconf 82' lang='lat' dir='ltr'>Hirschf.)</span> <span class='ocrx_word' id='word_1_495' title='bbox 1844 2648 1884 2653; x_wconf 86' lang='lat'>·—</span> 
     </span>
     <span class='ocr_line' id='line_1_43' title="bbox 58 2688 1885 2727; baseline 0 -9"><span class='ocrx_word' id='word_1_496' title='bbox 58 2689 197 2719; x_wconf 84' lang='lat' dir='ltr'>scholion</span> <span class='ocrx_word' id='word_1_497' title='bbox 222 2691 311 2720; x_wconf 83' lang='lat' dir='ltr'>uncis</span> <span class='ocrx_word' id='word_1_498' title='bbox 330 2691 485 2720; x_wconf 79' lang='lat' dir='ltr'>inclusum</span> <span class='ocrx_word' id='word_1_499' title='bbox 510 2691 606 2720; x_wconf 53' lang='grc' dir='ltr'>Αίι-7</span> <span class='ocrx_word' id='word_1_500' title='bbox 618 2691 732 2720; x_wconf 71' lang='lat' dir='ltr'>ueniret</span> <span class='ocrx_word' id='word_1_501' title='bbox 757 2700 798 2720; x_wconf 81' lang='lat' dir='ltr'>ex</span> <span class='ocrx_word' id='word_1_502' title='bbox 823 2690 918 2720; x_wconf 81' lang='lat' dir='ltr'>veafh</span> <span class='ocrx_word' id='word_1_503' title='bbox 943 2689 1178 2719; x_wconf 84' lang='lat' dir='ltr'>inconsiderate</span> <span class='ocrx_word' id='word_1_504' title='bbox 1205 2699 1223 2718; x_wconf 83' lang='lat' dir='ltr'>a</span> <span class='ocrx_word' id='word_1_505' title='bbox 1240 2689 1398 2727; x_wconf 81' lang='lat' dir='ltr'>Pragensi</span> <span class='ocrx_word' id='word_1_506' title='bbox 1423 2688 1558 2718; x_wconf 81' lang='lat' dir='ltr'>Editore</span> <span class='ocrx_word' id='word_1_507' title='bbox 1587 2692 1798 2726; x_wconf 85' lang='lat' dir='ltr'>propagatum</span> <span class='ocrx_word' id='word_1_508' title='bbox 1825 2692 1885 2718; x_wconf 81' lang='lat' dir='ltr'>est.</span> 
     </span>
    </p>

    <p class='ocr_par' dir='ltr' id='par_1_24' title="bbox 25 2746 1885 2845">
     <span class='ocr_line' id='line_1_44' title="bbox 25 2746 1885 2793; baseline -0.001 -17"><span class='ocrx_word' id='word_1_509' title='bbox 25 2760 29 2793; x_wconf 54' lang='grc' dir='ltr'><strong>ξ</strong></span> <span class='ocrx_word' id='word_1_510' title='bbox 58 2750 143 2776; x_wconf 86' lang='lat' dir='ltr'>arcta</span> <span class='ocrx_word' id='word_1_511' title='bbox 160 2747 242 2777; x_wconf 81' lang='lat' dir='ltr'>cafh.</span> <span class='ocrx_word' id='word_1_512' title='bbox 262 2758 322 2778; x_wconf 89' lang='lat' dir='ltr'>om.</span> <span class='ocrx_word' id='word_1_513' title='bbox 343 2758 362 2777; x_wconf 95' lang='lat' dir='ltr'><strong>v</strong></span> <span class='ocrx_word' id='word_1_514' title='bbox 381 2749 415 2777; x_wconf 91' lang='lat' dir='ltr'>in</span> <span class='ocrx_word' id='word_1_515' title='bbox 433 2749 537 2778; x_wconf 88' lang='lat' dir='ltr'>lemm.</span> <span class='ocrx_word' id='word_1_516' title='bbox 558 2749 710 2778; x_wconf 77' lang='lat' dir='ltr'>diseomb.</span> <span class='ocrx_word' id='word_1_517' title='bbox 730 2758 758 2778; x_wconf 87' lang='lat' dir='ltr'>v.</span> <span class='ocrx_word' id='word_1_518' title='bbox 779 2748 816 2777; x_wconf 79' lang='lat' dir='ltr'>cf.</span> <span class='ocrx_word' id='word_1_519' title='bbox 837 2746 880 2777; x_wconf 88' lang='lat' dir='ltr'>C:</span> <span class='ocrx_word' id='word_1_520' title='bbox 908 2747 970 2776; x_wconf 60' lang='lat' dir='ltr'>‘sed</span> <span class='ocrx_word' id='word_1_521' title='bbox 992 2757 1021 2776; x_wconf 73' lang='lat' dir='ltr'>n.</span> <span class='ocrx_word' id='word_1_522' title='bbox 1048 2750 1126 2776; x_wconf 70' lang='lat' dir='ltr'>(crta.</span> <span class='ocrx_word' id='word_1_523' title='bbox 1153 2749 1262 2776; x_wconf 77' lang='lat' dir='ltr'>manet</span> <span class='ocrx_word' id='word_1_524' title='bbox 1287 2750 1343 2775; x_wconf 81' lang='lat' dir='ltr'>aut</span> <span class='ocrx_word' id='word_1_525' title='bbox 1361 2750 1396 2775; x_wconf 81' lang='lat' dir='ltr'>ut</span> <span class='ocrx_word' id='word_1_526' title='bbox 1421 2746 1519 2781; x_wconf 76' lang='lat' dir='ltr'>solus,</span> <span class='ocrx_word' id='word_1_527' title='bbox 1546 2749 1600 2774; x_wconf 80' lang='lat' dir='ltr'>aut</span> <span class='ocrx_word' id='word_1_528' title='bbox 1625 2749 1660 2774; x_wconf 85' lang='lat' dir='ltr'>ut</span> <span class='ocrx_word' id='word_1_529' title='bbox 1686 2755 1756 2774; x_wconf 88' lang='lat' dir='ltr'>cum</span> <span class='ocrx_word' id='word_1_530' title='bbox 1775 2746 1885 2783; x_wconf 85' lang='lat' dir='ltr'>paucis</span> 
     </span>
     <span class='ocr_line' id='line_1_45' title="bbox 58 2802 1884 2845; baseline -0.001 -12"><span class='ocrx_word' id='word_1_531' title='bbox 58 2804 187 2834; x_wconf 84' lang='lat' dir='ltr'>ueniat.’</span> <span class='ocrx_word' id='word_1_532' title='bbox 240 2805 294 2845; x_wconf 85' lang='lat'>13)</span> <span class='ocrx_word' id='word_1_533' title='bbox 321 2815 391 2834; x_wconf 87' lang='lat' dir='ltr'>eum</span> <span class='ocrx_word' id='word_1_534' title='bbox 416 2806 515 2844; x_wconf 74' lang='lat' dir='ltr'>quotis</span> <span class='ocrx_word' id='word_1_535' title='bbox 540 2804 737 2845; x_wconf 72' lang='lat' dir='ltr'>(comittibus</span> <span class='ocrx_word' id='word_1_536' title='bbox 750 2806 786 2844; x_wconf 89' lang='lat' dir='ltr'>v)</span> <span class='ocrx_word' id='word_1_537' title='bbox 810 2814 879 2834; x_wconf 84' lang='lat' dir='ltr'>vca.</span> <span class='ocrx_word' id='word_1_538' title='bbox 932 2804 986 2843; x_wconf 86' lang='lat'>15)</span> <span class='ocrx_word' id='word_1_539' title='bbox 1012 2804 1122 2833; x_wconf 83' lang='lat' dir='ltr'>Monet</span> <span class='ocrx_word' id='word_1_540' title='bbox 1150 2821 1186 2825; x_wconf 34' lang='grc' dir='ltr'>ἡ</span> <span class='ocrx_word' id='word_1_541' title='bbox 1208 2803 1365 2841; x_wconf 81' lang='lat' dir='ltr'>posticum</span> <span class='ocrx_word' id='word_1_542' title='bbox 1391 2802 1566 2840; x_wconf 70' lang='lat' dir='ltr'>(porticum</span> <span class='ocrx_word' id='word_1_543' title='bbox 1591 2803 1626 2841; x_wconf 90' lang='lat' dir='ltr'>b)</span> <span class='ocrx_word' id='word_1_544' title='bbox 1652 2803 1701 2844; x_wconf 79' lang='grc' dir='ltr'><strong>γΙ).</strong></span> <span class='ocrx_word' id='word_1_545' title='bbox 1728 2802 1797 2831; x_wconf 89' lang='lat' dir='ltr'>rell.</span> <span class='ocrx_word' id='word_1_546' title='bbox 1825 2811 1884 2832; x_wconf 89' lang='lat' dir='ltr'>om.</span> 
     </span>
    </p>

    <p class='ocr_par' dir='ltr' id='par_1_25' title="bbox 4 2800 1887 3011">
     <span class='ocr_line' id='line_1_46' title="bbox 4 2800 1887 2932; baseline -0.001 -42"><span class='ocrx_word' id='word_1_547' title='bbox 4 2857 6 2885; x_wconf 61' lang='grc' dir='ltr'><strong>ἶ</strong></span> <span class='ocrx_word' id='word_1_548' title='bbox 26 2800 31 2932; x_wconf 64' lang='grc' dir='ltr'><strong>ι</strong></span> <span class='ocrx_word' id='word_1_549' title='bbox 59 2861 156 2890; x_wconf 84' lang='lat' dir='ltr'>uerba</span> <span class='ocrx_word' id='word_1_550' title='bbox 179 2860 294 2892; x_wconf 78' lang='lat' dir='ltr'>silentio</span> <span class='ocrx_word' id='word_1_551' title='bbox 318 2880 360 2882; x_wconf 97' lang='lat'><strong>—</strong></span> <span class='ocrx_word' id='word_1_552' title='bbox 385 2866 425 2892; x_wconf 78' lang='lat' dir='ltr'>ut.</span> <span class='ocrx_word' id='word_1_553' title='bbox 463 2863 584 2892; x_wconf 81' lang='lat' dir='ltr'>Iterata</span> <span class='ocrx_word' id='word_1_554' title='bbox 609 2862 770 2900; x_wconf 77' lang='lat' dir='ltr'>partic-ula</span> <span class='ocrx_word' id='word_1_555' title='bbox 794 2865 826 2890; x_wconf 78' lang='lat' dir='ltr'>ut</span> <span class='ocrx_word' id='word_1_556' title='bbox 851 2862 1006 2891; x_wconf 83' lang='lat' dir='ltr'>editorem</span> <span class='ocrx_word' id='word_1_557' title='bbox 1030 2861 1189 2890; x_wconf 86' lang='lat' dir='ltr'>Venetum</span> <span class='ocrx_word' id='word_1_558' title='bbox 1213 2859 1344 2896; x_wconf 79' lang='lat' dir='ltr'>fefellit,</span> <span class='ocrx_word' id='word_1_559' title='bbox 1383 2862 1414 2888; x_wconf 86' lang='lat' dir='ltr'>et</span> <span class='ocrx_word' id='word_1_560' title='bbox 1442 2857 1552 2894; x_wconf 62' lang='lat' dir='ltr'>&#39;cath</span> <span class='ocrx_word' id='word_1_561' title='bbox 1590 2859 1698 2896; x_wconf 80' lang='lat' dir='ltr'>inopia</span> <span class='ocrx_word' id='word_1_562' title='bbox 1733 2860 1887 2889; x_wconf 88' lang='lat' dir='ltr'>bonorum</span> 
     </span>
     <span class='ocr_line' id='line_1_47' title="bbox 6 2914 1886 2964; baseline -0.001 -19"><span class='ocrx_word' id='word_1_563' title='bbox 6 2925 31 2964; x_wconf 61' lang='lat'>¹¹</span> <span class='ocrx_word' id='word_1_564' title='bbox 60 2915 212 2947; x_wconf 87' lang='lat' dir='ltr'>librorum</span> <span class='ocrx_word' id='word_1_565' title='bbox 238 2919 339 2948; x_wconf 87' lang='lat' dir='ltr'>secuti</span> <span class='ocrx_word' id='word_1_566' title='bbox 365 2922 449 2948; x_wconf 80' lang='lat' dir='ltr'>sunt.</span> <span class='ocrx_word' id='word_1_567' title='bbox 475 2919 526 2948; x_wconf 86' lang='lat' dir='ltr'>Ad</span> <span class='ocrx_word' id='word_1_568' title='bbox 552 2929 581 2948; x_wconf 89' lang='lat' dir='ltr'>u.</span> <span class='ocrx_word' id='word_1_569' title='bbox 600 2919 718 2957; x_wconf 74' lang='lat' dir='ltr'>postico</span> <span class='ocrx_word' id='word_1_570' title='bbox 742 2919 778 2955; x_wconf 79' lang='grc' dir='ltr'>Β,</span> <span class='ocrx_word' id='word_1_571' title='bbox 806 2928 868 2947; x_wconf 91' lang='lat' dir='ltr'>non</span> <span class='ocrx_word' id='word_1_572' title='bbox 895 2919 972 2947; x_wconf 75' lang='lat' dir='ltr'>item</span> <span class='ocrx_word' id='word_1_573' title='bbox 998 2927 1030 2960; x_wconf 83' lang='grc' dir='ltr'>φ,</span> <span class='ocrx_word' id='word_1_574' title='bbox 1068 2918 1102 2946; x_wconf 89' lang='lat' dir='ltr'>in</span> <span class='ocrx_word' id='word_1_575' title='bbox 1126 2917 1272 2955; x_wconf 84' lang='lat' dir='ltr'>margine</span> <span class='ocrx_word' id='word_1_576' title='bbox 1297 2925 1314 2945; x_wconf 86' lang='lat' dir='ltr'>a</span> <span class='ocrx_word' id='word_1_577' title='bbox 1341 2917 1355 2944; x_wconf 86' lang='lat'>1</span> <span class='ocrx_word' id='word_1_578' title='bbox 1384 2925 1423 2944; x_wconf 91' lang='lat' dir='ltr'>1n.</span> <span class='ocrx_word' id='word_1_579' title='bbox 1450 2915 1565 2944; x_wconf 78' lang='lat' dir='ltr'>habet:</span> <span class='ocrx_word' id='word_1_580' title='bbox 1604 2914 1832 2945; x_wconf 80' lang='lat' dir='ltr'>‘POSTICVM</span> <span class='ocrx_word' id='word_1_581' title='bbox 1855 2919 1886 2944; x_wconf 85' lang='lat' dir='ltr'>et</span> 
     </span>
     <span class='ocr_line' id='line_1_48' title="bbox 60 2971 1884 3011; baseline -0.001 -9"><span class='ocrx_word' id='word_1_582' title='bbox 60 2971 233 3004; x_wconf 80' lang='lat' dir='ltr'>POSTICA</span> <span class='ocrx_word' id='word_1_583' title='bbox 258 2980 290 3005; x_wconf 79' lang='lat' dir='ltr'>et</span> <span class='ocrx_word' id='word_1_584' title='bbox 312 2974 568 3006; x_wconf 56' lang='grc' dir='ltr'>ΡΟΞΤΙΟΙΧΓΜ.7</span> <span class='ocrx_word' id='word_1_585' title='bbox 606 2976 764 3005; x_wconf 76' lang='lat' dir='ltr'>Posticum</span> <span class='ocrx_word' id='word_1_586' title='bbox 799 2975 927 3004; x_wconf 78' lang='lat' dir='ltr'>Vitruu.</span> <span class='ocrx_word' id='word_1_587' title='bbox 954 2974 996 3011; x_wconf 78' lang='grc' dir='ltr'>ΙΙ,</span> <span class='ocrx_word' id='word_1_588' title='bbox 1026 2976 1052 3003; x_wconf 92' lang='grc'>1.</span> <span class='ocrx_word' id='word_1_589' title='bbox 1078 2974 1135 3011; x_wconf 79' lang='grc' dir='ltr'>ΙΙΙ,</span> <span class='ocrx_word' id='word_1_590' title='bbox 1166 2976 1192 3003; x_wconf 89' lang='grc'>1.</span> <span class='ocrx_word' id='word_1_591' title='bbox 1230 2972 1321 3004; x_wconf 84' lang='lat' dir='ltr'>Suet.</span> <span class='ocrx_word' id='word_1_592' title='bbox 1350 2971 1461 3001; x_wconf 78' lang='lat' dir='ltr'>Claud.</span> <span class='ocrx_word' id='word_1_593' title='bbox 1491 2972 1540 3000; x_wconf 87' lang='lat'>18.</span> <span class='ocrx_word' id='word_1_594' title='bbox 1574 2972 1682 3004; x_wconf 80' lang='lat' dir='ltr'>Plaut.</span> <span class='ocrx_word' id='word_1_595' title='bbox 1707 2971 1802 3002; x_wconf 82' lang='lat' dir='ltr'>Most.</span> <span class='ocrx_word' id='word_1_596' title='bbox 1828 2972 1884 3009; x_wconf 86' lang='grc' dir='ltr'>ΙΙΙ,</span> 
     </span>
    </p>

    <p class='ocr_par' dir='ltr' id='par_1_26' title="bbox 8 3027 1886 3128">
     <span class='ocr_line' id='line_1_49' title="bbox 8 3027 1886 3070; baseline 0 -12"><span class='ocrx_word' id='word_1_597' title='bbox 8 3028 9 3032; x_wconf 74' lang='grc'>’</span> <span class='ocrx_word' id='word_1_598' title='bbox 62 3029 91 3066; x_wconf 85' lang='grc'>3,</span> <span class='ocrx_word' id='word_1_599' title='bbox 109 3030 161 3060; x_wconf 83' lang='lat'>27.</span> <span class='ocrx_word' id='word_1_600' title='bbox 188 3032 312 3069; x_wconf 77' lang='lat' dir='ltr'>postica</span> <span class='ocrx_word' id='word_1_601' title='bbox 327 3032 425 3070; x_wconf 92' lang='lat' dir='ltr'>Apul.</span> <span class='ocrx_word' id='word_1_602' title='bbox 443 3032 486 3061; x_wconf 83' lang='lat' dir='ltr'>M.</span> <span class='ocrx_word' id='word_1_603' title='bbox 504 3032 561 3069; x_wconf 83' lang='grc' dir='ltr'>ΙΧ,</span> <span class='ocrx_word' id='word_1_604' title='bbox 579 3043 608 3070; x_wconf 87' lang='lat' dir='ltr'>p.</span> <span class='ocrx_word' id='word_1_605' title='bbox 630 3033 703 3061; x_wconf 80' lang='lat'>217.</span> <span class='ocrx_word' id='word_1_606' title='bbox 730 3032 877 3060; x_wconf 81' lang='lat' dir='ltr'>Elmenh.</span> <span class='ocrx_word' id='word_1_607' title='bbox 903 3031 1073 3061; x_wconf 71' lang='lat' dir='ltr'>Posticc&#39;um</span> <span class='ocrx_word' id='word_1_608' title='bbox 1092 3032 1257 3069; x_wconf 54' lang='lat' dir='ltr'>ignotunu</span> <span class='ocrx_word' id='word_1_609' title='bbox 1284 3029 1424 3058; x_wconf 72' lang='lat' dir='ltr'>scrihere</span> <span class='ocrx_word' id='word_1_610' title='bbox 1443 3029 1580 3059; x_wconf 83' lang='lat' dir='ltr'>debebat</span> <span class='ocrx_word' id='word_1_611' title='bbox 1597 3027 1807 3059; x_wconf 69' lang='lat' dir='ltr'>POSTICVL</span> <span class='ocrx_word' id='word_1_612' title='bbox 1818 3029 1886 3058; x_wconf 73' lang='lat' dir='ltr'>VM.</span> 
     </span>
     <span class='ocr_line' id='line_1_50' title="bbox 9 3085 1874 3128; baseline -0.001 -13"><span class='ocrx_word' id='word_1_613' title='bbox 9 3089 11 3094; x_wconf 72' lang='lat'><strong>⁴</strong></span> <span class='ocrx_word' id='word_1_614' title='bbox 62 3086 144 3116; x_wconf 83' lang='lat' dir='ltr'>conf.</span> <span class='ocrx_word' id='word_1_615' title='bbox 162 3087 266 3118; x_wconf 81' lang='lat' dir='ltr'>Plaut.</span> <span class='ocrx_word' id='word_1_616' title='bbox 291 3088 381 3120; x_wconf 87' lang='lat' dir='ltr'>Trin.</span> <span class='ocrx_word' id='word_1_617' title='bbox 401 3088 425 3124; x_wconf 82' lang='grc' dir='ltr'>Ι,</span> <span class='ocrx_word' id='word_1_618' title='bbox 453 3089 481 3125; x_wconf 75' lang='grc'>2,</span> <span class='ocrx_word' id='word_1_619' title='bbox 505 3090 577 3119; x_wconf 83' lang='grc'><strong>157.</strong></span> <span class='ocrx_word' id='word_1_620' title='bbox 603 3089 706 3126; x_wconf 82' lang='lat' dir='ltr'>V1,3,</span> <span class='ocrx_word' id='word_1_621' title='bbox 729 3089 778 3117; x_wconf 80' lang='grc'><strong>78.</strong></span> <span class='ocrx_word' id='word_1_622' title='bbox 798 3086 1039 3128; x_wconf 62' lang='lat' dir='ltr'>(postic’tum‘e).</span> <span class='ocrx_word' id='word_1_623' title='bbox 1069 3088 1212 3117; x_wconf 71' lang='lat' dir='ltr'>clientem.</span> <span class='ocrx_word' id='word_1_624' title='bbox 1239 3087 1259 3115; x_wconf 88' lang='lat' dir='ltr'>i.</span> <span class='ocrx_word' id='word_1_625' title='bbox 1286 3095 1418 3123; x_wconf 86' lang='lat' dir='ltr'>puerum</span> <span class='ocrx_word' id='word_1_626' title='bbox 1444 3086 1612 3116; x_wconf 82' lang='lat' dir='ltr'>ostiarium</span> <span class='ocrx_word' id='word_1_627' title='bbox 1639 3085 1732 3125; x_wconf 79' lang='lat' dir='ltr'>(host.</span> <span class='ocrx_word' id='word_1_628' title='bbox 1751 3085 1794 3124; x_wconf 92' lang='lat' dir='ltr'>B)</span> <span class='ocrx_word' id='word_1_629' title='bbox 1811 3085 1874 3128; x_wconf 76' lang='grc' dir='ltr'>Βφ.</span> 
     </span>
    </p>
   </div>
   <div class='ocr_carea' id='block_1_13' title="bbox 14 3060 38 3412">
    <p class='ocr_par' dir='ltr' id='par_1_27' title="bbox 14 3060 38 3412">
     <span class='ocr_line' id='line_1_51' title="bbox 29 3060 35 3256; baseline 0 -37"><span class='ocrx_word' id='word_1_630' title='bbox 29 3060 35 3256; x_wconf 60' lang='grc' dir='ltr'>ἶ</span> 
     </span>
     <span class='ocr_line' id='line_1_52' title="bbox 14 3306 38 3412; baseline 0 0"><span class='ocrx_word' id='word_1_631' title='bbox 14 3306 38 3412; x_wconf 7' lang='grc' dir='ltr'>γε</span> 
     </span>
    </p>
   </div>
  </div>
 </body>
</html>
