2148 3412
170 937 209 969 10

237 132 319 174 398
868 142 974 176 Aca.
1000 143 1060 175 ΕΤ
1086 142 1252 175 PORPH.
1279 143 1426 176 OOMM.

972 379 1332 424 PORPHYRION.

348 487 611 542 Torquatum
641 486 793 528 inuitat
823 487 877 528 ad
907 487 1164 530 conuiuium.

351 563 387 603 1.
419 561 466 603 Si
477 570 590 618 potes
611 562 823 604 Archiacis
845 576 959 604 conu.
981 577 1059 603 rec.
1083 562 1204 604 lectis.
1264 572 1463 602 ARCHIAS
1486 560 1636 602 breues
1655 560 1784 603 lectos
1813 561 1925 612 fecit,
1955 560 2066 603 unde
2124 588 2125 591 =

235 635 429 678 Archiaci
454 635 570 685 dicti,
601 635 707 677 sicut
739 651 763 676 a
798 637 918 677 Boeto
949 634 1137 691 (Boeotis
1149 635 1184 691 ?)
1218 636 1386 677 Boetoos
1418 634 1698 690 (Boeoticoff)
1731 634 1922 677 dicimus.

348 710 386 750 2.
418 709 502 752 Nec
532 710 690 751 modica
722 724 894 751 caenare
926 710 1034 751 times
1066 710 1166 750 olus.
1227 707 1343 750 Dum
1375 708 1476 750 dicit
1506 709 1663 751 modica
1693 714 1734 749 et
1764 709 1887 759 times,
1925 707 2066 750 breui-

235 788 362 825 tatem
395 796 550 824 caenae
585 783 778 825 ostendit.
2121 830 2124 836 ,

347 857 385 898 3.
417 856 614 913 Supremo
647 866 680 899 tc
711 857 793 898 sole
824 857 941 898 domi.
1001 856 1209 912 Supremo.
1253 854 1442 905 Summo,
1474 855 1519 896 id
1549 862 1623 906 est,
1656 855 1760 896 hora
1791 861 1919 897 sexta.
1979 854 2066 897 Ve-
2120 886 2124 911 5

235 945 328 972 rum
349 930 462 985 quod
483 930 560 972 ait:
592 932 630 971 4.
666 932 804 972 Tauro
834 932 979 972 iterum
1002 931 1158 986 diffusa,
1190 929 1384 979 ostendit,
1416 928 1558 970 Tauro
1580 929 1732 970 itermn
1754 929 1926 971 consule
1946 928 2066 971 lecta.
2119 938 2124 982 ἶ

348 1004 385 1045 5.
417 1003 785 1060 Sinuessanumque
818 1005 1036 1045 Peirimcm.
1114 1004 1298 1045 Petrinus
1328 1003 1446 1044 uicus
1486 1003 1585 1045 olim
1632 1011 1669 1044 et
1716 1003 1831 1045 locus
1875 1002 1918 1043 in
1963 1017 2066 1059 agro

234 1076 429 1119 Falerno.
490 1076 559 1117 Ex
590 1091 673 1131 quo
704 1076 975 1132 intellegitur,
1008 1077 1062 1117 ad
1093 1075 1322 1117 Falernum
1353 1076 1499 1118 uinum
1530 1076 1792 1131 Torquatum
1823 1076 2005 1117 inuitari.
2118 1066 2120 1073 Ι

348 1151 386 1192 9.
419 1151 472 1192 Et
502 1151 662 1193 Moschi
690 1165 855 1192 eausam
887 1166 919 1192 c.
950 1165 987 1191 η.
1054 1161 1267 1191 MOSCHVS
1299 1150 1380 1197 hic,
1425 1149 1716 1206 Pergamenus
1748 1149 1879 1207 [fuit]‚
1926 1149 2067 1192 rhetor
2116 1162 2119 1184 ἐ

234 1223 489 1274 notissimus,
522 1238 617 1266 reus
648 1223 842 1265 ueneficii
873 1223 963 1271 fuit,
1009 1223 1126 1265 cuius
1159 1238 1328 1266 causam
1360 1238 1411 1264 ex
1442 1223 1591 1279 primis
1621 1231 1720 1266 tunc
1751 1230 1937 1266 oratores
1967 1237 2066 1280 ege·
2115 1231 2118 1278 ξ

346 1339 377 1380 †)
403 1339 440 1370 In
465 1340 724 1379 supplementum
749 1340 833 1371 addo
858 1340 1013 1370 nonnulla
1039 1340 1243 1378 subterlapsa
1269 1339 1390 1369 scholia
1417 1349 1458 1369 ex
1483 1350 1501 1382 γ
1526 1344 1557 1371 et
1581 1341 1612 1370 b.
1660 1350 1690 1370 ιι.
1713 1342 1738 1370 1.
1762 1340 1942 1372 recumbere.
1970 1338 2067 1370 Cum·
2112 1294 2117 1367 i

232 1398 308 1427 bere
332 1397 363 1427 b.
390 1407 451 1427 om.
476 1407 503 1440 γ.
551 1406 581 1427 ιι.
610 1398 639 1426 2.
667 1392 760 1427 holus.
788 1397 961 1426 Prandium
986 1397 1035 1436 yb.
1084 1406 1113 1425 u.
1133 1397 1162 1425 3.
1191 1396 1336 1434 Supremo
1360 1396 1395 1425 cle
1419 1396 1490 1426 sole.
1519 1396 1694 1427 Occidente
1720 1397 1759 1426 ad
1784 1406 1952 1435 uesperum
1977 1396 2067 1435 (ues-
2110 1373 2115 1449 ΙΙ

233 1463 343 1492 peram
368 1453 434 1492 b‚c)
459 1453 549 1497 γῑ),Ο.
576 1454 613 1483 In
640 1452 707 1484 Cic.
735 1458 784 1484 est
808 1453 850 1483 acl
871 1462 1027 1492 uesperum
1052 1453 1124 1482 Fin.
1150 1452 1208 1490 111,
1236 1454 1265 1489 2,
1302 1453 1344 1482 ad
1367 1462 1524 1491 uesperam
1551 1452 1650 1484 Catil.
1676 1454 1717 1492 ΙΙ,
1752 1455 1782 1484 4.
1820 1453 1951 1483 manebo.
1977 1461 2067 1492 expe-

233 1511 328 1541 ctabo
352 1509 443 1553 ⁸{b‚C.
492 1520 521 1539 u.
548 1511 579 1540 4.
612 1511 722 1540 Tauro.
744 1520 767 1539 S.
788 1511 920 1540 consule
938 1512 986 1552 γῑ).
1014 1509 1045 1539 di
1068 1511 1135 1539 iasa.
1162 1510 1257 1547 Nata,
1285 1519 1439 1547 expressa
1463 1511 1511 1552 γὶ).
1539 1519 1691 1548 expressa
1717 1508 1752 1541 C.
1800 1520 1829 1539 u.
1850 1511 1879 1540 5.
1907 1509 2065 1540 Sinuessa-

232 1577 368 1606 numque.
395 1567 488 1597 Mons
513 1566 688 1598 Sinuessae
715 1567 876 1605 (sinuesse
901 1568 936 1607 b)
963 1568 1132 1596 imminens
1157 1567 1209 1595 uel
1235 1575 1311 1604 ager
1335 1567 1462 1596 uicinus
1498 1567 1715 1597 Sinuessanae
1751 1568 1881 1598 ciuitati
1905 1567 1953 1610 Tb.
1978 1565 2064 1599 conf.

234 1624 276 1655 C:
303 1624 449 1655 ‘Sinuesa
475 1624 641 1654 Petrinum.
672 1624 814 1654 Petrinus
838 1633 927 1654 mons
952 1627 1014 1661 est,
1039 1623 1257 1653 Sinuessanae
1281 1625 1408 1654 ciuitati
1435 1625 1618 1661 huminem,
1645 1624 1697 1654 uel
1722 1633 1799 1663 ager
1823 1624 1996 1654 Sinuessae
2020 1624 2067 1654 ui-

233 1682 336 1712 cinus.
383 1691 414 1711 u.
443 1682 471 1710 6.
496 1690 623 1711 arcesse.
648 1681 758 1711 Inuita
781 1690 830 1711 me
856 1683 905 1724 γι).
932 1680 1014 1711 conf.
1041 1680 1082 1711 C:
1110 1691 1201 1719 supp.
1229 1681 1269 1710 ad
1295 1690 1355 1711 me.
1381 1681 1538 1720 imperium
1559 1681 1619 1716 fer.
1644 1681 1710 1712 Aut
1736 1680 1799 1719 (uel
1820 1681 1856 1720 b)
1883 1684 1994 1719 patere
2017 1689 2067 1711 me

233 1747 304 1768 esse
329 1746 438 1776 regem
464 1738 616 1776 conuiuii,
654 1739 681 1767 si
717 1738 800 1768 nihil
836 1739 996 1775 attuleris,
1034 1738 1104 1768 uel:
1143 1738 1183 1767 ad
1209 1747 1258 1767 me
1282 1739 1370 1775 ueni,
1404 1738 1472 1768 sine
1496 1739 1556 1769 tibi
1582 1739 1642 1768 hoc
1666 1748 1684 1768 a
1708 1748 1759 1768 me
1783 1739 1934 1776 imperari
1958 1747 1976 1780 γ
2000 1737 2066 1777 (bis

232 1794 316 1835 siue)
341 1796 371 1825 b.
398 1794 481 1825 conf.
509 1794 551 1825 C:
579 1795 642 1825 ‘uel
668 1796 761 1832 alias,
787 1798 897 1834 patere
924 1813 962 1817 —-
990 1796 1144 1833 conuiuii,
1182 1796 1241 1825 hoc
1266 1800 1324 1831 est⁷
1362 1795 1413 1824 uel
1439 1804 1565 1825 accerse
1590 1796 1631 1825 ad
1654 1799 1687 1824 te
1724 1805 1785 1832 me,
1822 1795 1872 1824 uel
1909 1795 1980 1825 sine
2015 1803 2066 1825 me

231 1861 340 1892 regem
364 1853 426 1882 tibi
453 1853 621 1890 imperare.
670 1862 700 1882 u.
728 1853 781 1882 26.
813 1852 969 1882 Sabinum.
1012 1853 1120 1883 Etiam
1145 1853 1230 1882 hunc
1254 1853 1285 1882 b.
1311 1862 1370 1882 om.
1395 1862 1423 1894 γ.
1472 1862 1501 1882 u.
1529 1853 1582 1882 28.
1608 1852 1773 1883 adsumam.
1812 1851 1843 1882 S.
1869 1851 1911 1881 ad
1935 1860 2066 1882 caenam

231 1919 258 1952 γ.
285 1919 310 1939 s.
328 1910 487 1939 adducam
504 1911 535 1939 b.
583 1919 613 1939 u.
633 1910 685 1939 30.
711 1909 798 1939 rebus
822 1909 947 1939 omissis.
977 1909 1094 1940 Causis
1119 1910 1266 1949 agendis.
1293 1909 1354 1945 Qui
1375 1906 1504 1950 (quia‘?)
1528 1909 1630 1939 rethor
1648 1913 1716 1939 erat
1742 1913 1773 1938 et
1797 1917 1909 1938 causas
1935 1909 2065 1947 agebat,

231 1970 352 2003 monet,
378 1970 412 1996 ut
437 1967 464 1996 si
490 1967 588 1996 aliter
612 1976 631 1996 a
656 1968 764 1997 causis
790 1968 926 2005 agendis
953 1968 1044 1997 exire
1070 1977 1133 1997 non
1166 1968 1367 2006 praeualeret
1390 1966 1506 1996 omissis
1528 1965 1616 1996 rebus
1641 1975 1704 1996 non
1728 1966 1835 2004 palam
1861 1974 1917 2004 per
1940 1968 2065 2003 portam

232 2026 282 2054 set
306 2023 387 2052 clam
412 2032 468 2060 per
493 2024 619 2061 postica
644 2024 750 2053 exiret
776 2028 808 2054 et
834 2025 880 2053 ita
905 2025 1076 2054 adueniret
1101 2025 1129 2054 b.
1155 2034 1215 2053 om.
1242 2034 1268 2066 γ.
1317 2034 1346 2053 u.
1374 2024 1426 2053 31.
1452 2026 1628 2053 seruantem.
1659 2021 1902 2053 Custodientem
1926 2022 1975 2064 γὶ).

344 2079 499 2110 PORPH.
547 2079 630 2109 MA2
658 2080 870 2119 inscriptione
895 2084 1014 2110 carent.
1041 2080 1137 2123 Rsszpz
1164 2080 1224 2109 AD
1251 2079 1532 2116 TORQVATVM.
1559 2079 1720 2109 archiaeis
1747 2079 1875 2117 MR2‚a.
1901 2078 2065 2109 Archiacis
2108 2103 2110 2106 ,

231 2146 260 2166 v.
286 2135 321 2165 fh
345 2136 485 2166 habent:
515 2135 550 2165 Si
566 2140 662 2174 potes,
701 2137 733 2166 in
758 2137 881 2167 scholio
912 2140 1017 2166 autem
1054 2137 1198 2175 Archyas
1236 2140 1267 2167 et
1302 2137 1380 2166 uncle
1416 2136 1597 2167 Archiacos.
1633 2136 1806 2166 Archiacus
1830 2145 1858 2166 a.
1884 2134 1965 2166 conf.
1990 2134 2064 2165 Aer.

232 2191 349 2223 Graeu.
375 2193 492 2222 habet:
520 2192 678 2222 ‘Archiacz'
700 2192 768 2222 lecti
792 2194 809 2225 i,
837 2194 963 2228 breues,
998 2193 1037 2222 ab
1062 2194 1186 2223 artifice
1214 2193 1347 2232 Archia,
1386 2195 1439 2232 qui
1465 2194 1579 2223 breues
1605 2194 1704 2224 lectos
1730 2193 1857 2223 studuit
1880 2192 1995 2230 faeere,
2033 2195 2065 2222 et

230 2259 287 2289 per
312 2251 371 2279 hoc
396 2250 528 2279 breuem
554 2250 682 2279 (lonium
712 2250 887 2288 intellege.⁹

347 2307 380 2345 5)
407 2307 489 2336 unde
514 2306 671 2343 M2,vafh.
700 2307 777 2336 Inde
803 2306 884 2343 RQ.
936 2307 970 2346 6)
998 2307 1076 2336 dicti
1102 2306 1240 2346 MR(Q).
1267 2307 1336 2336 rell.
1363 2316 1424 2336 om.
1453 2324 1485 2327 -—
1517 2307 1615 2337 uerba
1638 2306 1715 2336 sicut
1732 2324 1770 2327 —
1790 2305 1914 2336 dicimus
1938 2306 1973 2335 in
1997 2314 2063 2335 om-

230 2364 325 2394 nibus
350 2364 442 2393 libris
468 2364 631 2401 leguntur,
658 2373 768 2393 uerum
796 2365 827 2393 in
853 2364 990 2401 singulis
1017 2364 1063 2393 ita
1092 2367 1263 2402 conparata
1300 2368 1385 2398 sunt,
1423 2368 1457 2393 ut
1484 2373 1588 2402 neque
1612 2363 1761 2402 intellegi
1796 2373 1899 2402 neque
1935 2361 2063 2401 probari
2095 2347 2098 2354 ¹

229 2421 368 2459 possint:
407 2430 425 2449 a
449 2420 543 2450 boeto
569 2421 606 2450 ob
633 2421 763 2450 boeotos
791 2420 868 2458 (sic)
894 2419 969 2449 MG.
995 2420 1074 2450 dicti
1099 2425 1167 2449 sunt
1189 2421 1228 2450 ab
1255 2425 1326 2450 oeto
1351 2421 1482 2451 oboetos
1507 2421 1543 2459 B.
1570 2430 1587 2450 a
1611 2421 1683 2450 beto
1708 2421 1800 2450 betos
1827 2420 1855 2449 2.
1893 2429 1911 2449 a
1936 2419 2062 2449 Boetoo.

229 2476 362 2506 Boetoos
385 2486 417 2506 v.
443 2476 575 2506 aBoeto
601 2476 728 2506 Boetios
753 2485 780 2506 a.
809 2486 825 2505 a
851 2475 948 2506 Bonifto
981 2476 1110 2506 Bo'c‘toos
1140 2476 1187 2506 fh.
1215 2478 1244 2506 ‘a
1270 2477 1386 2507 Boetho
1411 2477 1579 2507 Boethicos
1595 2475 1662 2516 (⁴?).'
1691 2476 1728 2512 Q.
1755 2477 1825 2515 Ego
1852 2476 2018 2515 proposui:
2044 2484 2063 2505 a

229 2533 355 2565 Boeotis
390 2533 492 2572 (Mela
516 2533 557 2569 II,
585 2533 614 2570 3,
653 2543 709 2571 pro
739 2533 873 2563 Boeotia
908 2533 994 2562 Mela
1018 2533 1060 2570 ΙΙ,
1089 2535 1116 2563 7.
1153 2534 1236 2563 Plin.
1263 2534 1318 2571 IV,
1348 2534 1375 2564 7.
1414 2533 1484 2563 Liu.
1511 2533 1640 2570 XXVII,
1668 2534 1736 2574 30.)
1773 2533 1932 2564 Boeoticos
1961 2533 2060 2572 (Plin.
2097 2550 2103 2554 -

228 2590 334 2620 XVIII
362 2591 390 2620 7.
416 2590 501 2627 XIX,
529 2591 558 2619 5.
584 2589 669 2619 conf.
695 2599 745 2627 ap.
772 2589 852 2619 Xen.
880 2585 1012 2626 Βοιωτὶς
1044 2594 1075 2620 et
1108 2586 1289 2626 Βοιωτικός.
1326 2591 1476 2629 Proprior
1512 2591 1642 2630 quidem
1678 2592 1846 2630 interpreti
1884 2595 1953 2621 erat
1989 2599 2061 2621 con-

228 2647 352 2685 paratio
377 2657 447 2676 cum
471 2646 568 2677 Serm.
588 2646 628 2683 ΙΙ,
649 2647 676 2684 7,
697 2648 755 2677 95:
782 2647 938 2677 Pausiaca
953 2665 992 2668 ν*
1007 2647 1152 2678 Pausias.
1203 2649 1236 2687 7)
1263 2657 1373 2678 cenare
1399 2649 1432 2677 in
1457 2649 1542 2685 leni„
1568 2657 1684 2678 caenae
1709 2648 1743 2686 (a
1763 2647 1875 2686 expu.)
1902 2647 1946 2677 M.
1972 2646 2060 2677 holus

228 2703 272 2740 M,
298 2707 333 2733 ut
360 2714 444 2735 omn.
469 2703 537 2734 fere
561 2708 640 2734 uett.
666 2704 756 2733 codd.
782 2705 886 2743 magis
904 2705 1049 2734 minusue
1066 2708 1249 2735 constanter
1267 2705 1298 2735 S.
1316 2705 1341 2741 I,
1364 2707 1389 2742 1,
1411 2706 1461 2734 74.
1490 2706 1519 2742 6,
1550 2705 1622 2734 112.
1641 2705 1682 2743 11,
1701 2706 1824 2743 2,117.
1853 2706 1883 2741 7,
1902 2705 1953 2734 30.
1978 2704 2016 2734 E.
2033 2703 2060 2741 Ι,

232 2760 282 2797 17,
304 2761 354 2791 19.
378 2760 420 2798 ΙΙ,
440 2761 470 2797 2,
491 2761 564 2790 168.
614 2761 649 2799 9)
675 2759 847 2799 Supraemo
865 2762 949 2800 quod
975 2761 1040 2792 adit
1056 2761 1133 2801 (sic)
1147 2772 1177 2792 v.
1208 2761 1523 2792 Summo—diffusa
1547 2770 1606 2791 om.
1631 2761 1676 2797 fh,
1702 2762 1756 2800 qui
1782 2762 1903 2792 habent
1926 2761 2059 2791 lemma:
2086 2754 2091 2780 ἶ

234 2817 332 2847 Tauro
367 2817 399 2846 di
423 2827 488 2847 usa.
556 2817 612 2856 11)
640 2816 805 2847 Sinuesan.
835 2827 864 2847 v.
881 2835 919 2839 —-
936 2819 1025 2848 uicus
1049 2818 1326 2859 MRA2G((.›,>‚va.
1354 2819 1435 2849 conf.
1461 2818 1625 2857 Suringar.
1651 2829 1681 2857 p.
1709 2820 1760 2849 22.
1785 2818 1891 2849 unicus
1912 2819 1950 2848 fh
1975 2827 2060 2849 error

229 2883 397 2912 operarum
422 2879 542 2904 temere
567 2878 761 2912 propagatus
787 2884 806 2903 a
830 2874 982 2911 Braunh.,
1009 2877 1063 2914 qui
1090 2877 1223 2906 induxit
1248 2876 1393 2913 inuitari,
1419 2876 1503 2914 quod
1519 2876 1617 2906 habet
1633 2875 1726 2905 Auct.
1746 2885 1775 2914 p.
1795 2876 1870 2913 692,
1896 2885 1952 2914 pro
1971 2875 2058 2913 uulg.
2086 2885 2089 2899 ι

229 2929 302 2960 lect.
340 2931 481 2961 inuitare
518 2930 656 2969 (imitare
681 2931 728 2969 v).
765 2930 958 2961 Phalernum
982 2932 1058 2962 vafh
1087 2932 1231 2963 Braunh.
1260 2951 1300 2954 —-
1325 2934 1437 2963 uinum
1462 2943 1523 2963 om.
1550 2933 1637 2962 vafh.
1704 2932 1759 2971 12)
1786 2933 1837 2962 Ex
1873 2942 1933 2963 om.
1969 2931 2058 2963 vafh.
2116 2935 2117 2938 ’

233 2986 289 3025 13)
315 2986 377 3017 Hic
402 2987 631 3026 Pergamenus,
656 2998 716 3018 om.
742 2987 906 3025 Moschus,
933 2988 998 3017 afh.
1024 2989 1239 3028 Pergamenos
1264 2990 1297 3019 M
1323 2984 1566 3033 (Περγαμηνός).
1592 2998 1801 3028 pergamenas
1819 2988 1857 3020 G.
1875 2988 1959 3020 conf.
1972 2988 2057 3026 Aer„
2115 3012 2117 3016 ,

230 3043 320 3073 cuius
357 3044 455 3074 schol.
491 3045 557 3074 fere
596 3045 681 3075 idem
707 3048 765 3075 est.
792 3044 855 3075 fuit
880 3054 940 3075 om.
966 3044 1060 3082 M‚fh.
1124 3047 1179 3086 14)
1205 3046 1342 3077 uenefici
1370 3056 1399 3076 v.
1431 3047 1502 3076 rell.
1535 3045 1692 3076 ueneficii.
1725 3045 1858 3085 exprimi
1885 3046 1956 3076 MR.
1987 3045 2056 3076 rell.

232 3108 272 3128 ex
297 3099 414 3137 primis.
431 3117 469 3121 —-
486 3102 578 3131 cuius
604 3110 746 3132 caussam
773 3101 932 3140 exprimit.
958 3101 1047 3132 Hanc
1071 3106 1208 3133 oratores
1226 3107 1359 3143 egerunt
1383 3103 1476 3134 Auet.
1496 3103 1516 3133 l.
1534 3103 1554 3133 l.
1573 3102 1636 3133 fuit
1654 3113 1714 3134 om.
1739 3102 1835 3134 Auct.
1853 3103 1873 3132 l.
1893 3103 1915 3133 l.
1934 3105 2060 3142 egerunt

230 3166 314 3187 omn.
339 3156 423 3188 libri.
448 3157 528 3189 conf.
556 3158 630 3189 Acr.

2089 2645 2100 2674 ι,

2088 2675 2102 2716 ξ,

2088 2730 2091 2744 Ι

2078 3187 2082 3287 l

2076 3288 2080 3355 ,ι

2076 3362 2078 3412 Ι
