2148 3412
183 110 265 148 274
824 114 928 147 ACR.
955 115 1012 145 ΕΤ
1042 113 1205 145 rourn.
1235 113 1382 144 (joun.

297 244 388 284 143.
422 243 504 292 (ms
542 242 808 282 Veientanum.
868 237 1105 280 Pessimum
1129 237 1272 278 uinum
1296 237 1339 277 in
1362 235 1543 278 Veiento
1564 236 1767 278 nascitur.
1827 234 1885 276 Et
1905 237 2017 278 Pers.

181 316 256 370 (V,
292 318 413 367 147):
461 316 790 369 Veientanumque
821 312 1035 354 rubellum.

300 390 389 431 153.
428 389 617 444 Desit-tent
648 388 817 443 inopem.
893 383 966 426 Sic
1000 385 1069 433 ait,
1117 394 1158 425 ut
1191 385 1336 440 inopia
1367 385 1550 439 aliquem
1582 384 1784 425 defecisse
1829 383 2019 425 dicimus.

183 463 237 505 Et
280 464 386 518 Very.
421 462 494 516 (A.
528 459 605 511 VI,
640 460 760 514 196):
796 469 914 516 tuque
946 475 967 501 o
1003 459 1135 501 dubiis
1166 473 1214 499 ne
1246 459 1364 515 defice
1395 459 1526 500 rebus.

299 538 390 578 158.
425 536 620 585 (misnam
650 536 775 589 eyitur
807 538 961 575 sanus?
1022 532 1176 587 Incipit
1208 533 1261 573 dc
1293 531 1449 573 Stoicis
1481 532 1710 586 disputare.

300 611 391 651 161.
429 610 640 651 Craterum
674 610 758 650 dix.
793 616 950 664 putato.
1030 607 1220 648 Craterus
1251 605 1406 647 nobilis
1453 605 1642 646 medicus
1689 605 1874 661 Augusti
1919 614 2022 647 tem-

184 685 359 741 poribus
391 684 477 725 fuit.
541 681 608 723 De
629 681 707 723 hoc
736 683 842 723 Pers.
865 679 965 731 (III.
989 681 1081 734 65):
1125 680 1232 730 Quid
1264 694 1364 735 opas
1403 679 1569 720 cratero
1602 694 1768 734 mcc-qnos
1792 681 2023 736 promittere

188 768 348 801 montes.

302 832 394 873 163.
429 832 564 872 morbo
588 838 828 886 temptentur
849 838 975 869 acuto.
1038 826 1206 868 Graece
1229 825 1296 870 ὀξὺ
1320 826 1428 866 πάθω
1440 841 1467 870 ς.
1513 825 1590 879 (Η.
1615 825 1761 881 steph.
1783 825 1922 868 Diatr.
1946 840 2025 869 sec.

129 919 163 949 lo
192 921 232 961 p.
268 907 379 959 161).

304 979 394 1020 166.
429 979 522 1034 quid
544 979 645 1019 enim
667 977 794 1032 differt
826 976 992 1016 baratro
1023 990 1082 1015 ne.
1148 975 1320 1016 Barotro
1344 974 1583 1015 luxuriosus
1600 990 1609 1022 ς
1643 973 1715 1014 sed
1748 973 1937 1026 Quidam
1968 974 2026 1016 le—

189 1062 291 1110 gunt
324 1053 528 1101 barathro,
562 1058 603 1091 ut
637 1049 777 1091 ueniat
808 1064 832 1089 a
864 1047 1124 1090 nominatiuo
1158 1048 1388 1089 barattarias.

305 1127 396 1168 168.
431 1125 598 1167 Seruius
628 1124 826 1181 Oppidius
859 1123 1013 1165 Canusi
1040 1123 1119 1164 duo
1150 1122 1336 1178 praedio,
1374 1122 1497 1163 diues.
1558 1120 1644 1162 Hic
1666 1129 1725 1162 est
1748 1136 1882 1175 paruo
1903 1135 2029 1164 censu

193 1201 328 1242 diues.

131 1289 165 1318 15
310 1276 400 1315 175.
440 1274 473 1315 T
476 1290 497 1313 ιι
537 1272 733 1321 Noment„
781 1280 823 1313 tu
854 1285 902 1312 ne
935 1284 1142 1326 sequerere
1175 1270 1364 1312 Cicutam.
1439 1268 1503 1310 Ne
1549 1280 1620 1310 aut
1664 1269 1916 1320 luxuriosus,
1962 1278 2031 1311 aut

192 1363 345 1390 auarus
377 1346 598 1395 euaderes3
630 1344 922 1387 Nomentanus
953 1343 1066 1385 enim
1097 1343 1348 1393 luxuriosus,
1383 1342 1535 1385 Cicuta
1566 1358 1730 1385 auarus.

308 1422 399 1463 18].
432 1423 463 1462 is
495 1419 729 1462 intestabilis
766 1430 797 1460 et
835 1433 950 1460 sacer
987 1427 1076 1460 esto.
1137 1417 1320 1472 Antiqui
1353 1431 1436 1467 eos,
1470 1432 1574 1472 quos
1604 1417 1647 1458 in
1679 1425 1927 1460 testamento
1956 1432 2031 1460 no-

192 1495 331 1537 lebant
366 1494 542 1543 admitti,
576 1493 815 1535 intestabiles
846 1491 1069 1542 uocabant,
1106 1490 1416 1548 [detestabiles]
1440 1490 1612 1541 scilicet,
1646 1505 1824 1545 quorum
1846 1491 2032 1534 testimo-

193 1570 311 1611 nium
344 1569 500 1610 malum
533 1576 570 1609 et
603 1567 908 1609 exsecrandum
940 1574 1060 1607 esset.

127 1656 168 1687 20
311 1644 402 1685 182.
437 1644 483 1684 In
516 1644 640 1684 cicere
671 1649 788 1697 atque
817 1641 927 1695 faba.
987 1639 1168 1694 Antiqui
1201 1639 1360 1681 aediles
1391 1639 1632 1681 huiusmodi
1664 1654 1732 1682 res
1753 1640 1910 1695 populo
1931 1639 1968 1681 F
1970 1639 2033 1682 lo-

195 1716 354 1758 ralibus
385 1716 662 1772 spargebant3
712 1714 810 1756 inde
842 1723 880 1755 et
912 1714 1022 1755 Pers.
1055 1712 1120 1770 (V,
1156 1715 1247 1754 177.
1282 1715 1402 1768 178);
1434 1715 1559 1769 uigJila
1583 1722 1619 1756 et
1641 1715 1748 1756 cicer
1770 1716 1903 1770 mqere
1925 1714 2035 1770 larqe

197 1791 381 1840 Rixamt,
408 1791 570 1847 populo.
632 1788 849 1844 Pauperes
881 1788 992 1829 enim
1026 1787 1166 1844 [initio
1197 1787 1378 1844 Romae]
1412 1787 1593 1828 suerunt.

313 1866 404 1906 187.
439 1865 495 1906 Ne
528 1866 613 1920 quis
645 1864 828 1906 humasse
866 1863 971 1904 uelit.
1046 1860 1365 1911 Adnotandum‚
1413 1861 1527 1916 quod
1572 1861 1789 1918 dialogum
1835 1861 2032 1912 confecit3

198 1938 427 1980 introduxit
461 1938 572 1979 enim
604 1938 814 1992 quendam
848 1937 1119 1979 altercantem
1152 1949 1245 1976 cum
1278 1933 1617 1990 Agamemnone,
1665 1943 1707 1977 ut
1739 1935 1921 1988 doceret,
1958 1950 2035 1979 sa-

317 2057 348 2094 l)
376 2055 556 2084 ueietanum
583 2054 620 2086 R.
659 2056 754 2083 etiam
781 2056 821 2083 :td
848 2064 948 2092 marg.
977 2059 1005 2083 et
1034 2055 1066 2082 in
1091 2052 1194 2082 ueieto
1219 2056 1316 2090 atque
1343 2053 1375 2081 in
1403 2053 1471 2083 loco
1496 2052 1599 2083 Persii
1627 2053 1880 2091 ueietanumque.
1930 2053 1961 2091 †)
1986 2053 2036 2083 Ad

200 2123 229 2143 u.
258 2113 336 2141 144:
367 2111 520 2151 Campana
544 2111 647 2141 solitas
672 2111 763 2141 trulla
788 2121 872 2141 omn.
900 2111 974 2141 libri
1000 2110 1234 2149 Porphyrionis
1261 2109 1396 2139 scholiis
1434 2114 1555 2139 carent.
1594 2110 1707 2141 Ritter.
1746 2110 1850 2140 fumos
1887 2110 2037 2140 uendidit

199 2170 364 2199 scribens:
387 2170 450 2198 ‘est
476 2168 569 2198 trulla
594 2178 650 2198 uas
677 2168 891 2198 orbiculatum
919 2172 948 2197 et
976 2168 1057 2197 circa
1076 2175 1200 2196 summa
1217 2166 1386 2204 angustius
1405 2171 1435 2196 et
1452 2167 1605 2205 utrinque
1623 2171 1772 2197 ansatum
1788 2168 2035 2198 PORPHYRION'.

200 2226 269 2270 Btp:
296 2226 397 2255 trulla.
424 2235 482 2255 uas
509 2226 716 2255 rusticanum.
745 2224 788 2255 C:
829 2224 928 2263 Camp.
954 2234 995 2254 so.
1021 2223 1125 2253 trulla.
1152 2223 1246 2252 trulla.
1282 2232 1339 2252 uas
1376 2223 1438 2253 t'uit
1474 2224 1585 2253 fictile.
1652 2225 1687 2263 6)
1714 2229 1811 2262 temp.
1840 2223 1921 2262 Aug.
1948 2224 2037 2254 vafh.
2080 2228 2083 2230 “

201 2283 235 2322 9)
263 2280 324 2326 οξῲ
352 2283 430 2321 (sic)
455 2285 538 2313 νοσῶ
564 2293 594 2313 v.
621 2278 655 2319 ὀξ
679 2282 767 2326 ναρῷ
785 2281 863 2321 (sic)
882 2291 910 2311 a.
929 2281 1049 2312 Graeco
1066 2277 1189 2317 ὀξυανὼ
1210 2279 1288 2318 (sic)
1308 2280 1354 2310 fh.
1372 2290 1483 2319 graece
1500 2278 1661 2317 οξυπαθος
1678 2282 1720 2311 Μ.
1739 2278 1795 2318 ὀξὺ
1811 2278 1918 2317 πάθος
1935 2281 2038 2321 G(Q).

199 2349 311 2379 graece
337 2344 420 2379 spat.
447 2350 515 2370 uac.
542 2340 577 2369 R.
630 2339 685 2378 11)
713 2340 878 2369 baran-one
902 2338 1029 2377 MRQQ
1057 2340 1089 2368 in
1114 2338 1188 2367 lem.
1215 2333 1406 2367 barathrone
1432 2337 1469 2367 G.
1497 2338 1692 2369 Barathrone
1718 2348 1747 2368 v.
1774 2338 1947 2368 Balatrone
1972 2338 2038 2378 afh,

200 2398 336 2427 Baratro
360 2397 518 2435 MR2‚vQ.
546 2397 692 2427 barathro
711 2395 749 2426 G.
778 2396 910 2426 Balatro
936 2396 1001 2426 afh.
1055 2395 1110 2433 12)
1138 2394 1302 2424 baran-ltus
1320 2394 1361 2424 M.
1388 2396 1532 2425 baratrus
1549 2395 1586 2425 R.
1613 2395 1779 2424 barattarias
1803 2405 1834 2424 v.
1861 2396 2039 2426 barathrum

201 2455 268 2485 afh.
320 2456 376 2495 13)
407 2454 538 2494 Opidius
565 2454 603 2491 G,
630 2458 664 2483 ut
688 2454 760 2484 Par.
787 2453 811 2483 I.
838 2454 933 2483 Bern.
960 2453 988 2482 A
1012 2453 1108 2483 habet
1136 2453 1304 2491 oppimius.
1331 2451 1413 2481 conf.
1441 2462 1470 2481 u.
1502 2453 1573 2482 142.
1611 2452 1726 2482 Totum
1764 2452 1864 2482 schol.
1894 2463 1954 2482 oui.
1991 2452 2037 2483 fh.

202 2513 283 2543 nihil
310 2513 373 2543 nisi
400 2514 516 2542 lemma
541 2504 664 2542 habent
688 2522 738 2541 va.
792 2512 846 2550 17)
876 2513 908 2541 in
934 2515 1036 2541 testam
1061 2511 1227 2541 tondebant
1255 2509 1331 2548 (sic)
1360 2511 1473 2539 intest.
1500 2508 1560 2547 (sic
1577 2509 1623 2547 H)
1643 2509 1684 2539 M.
1711 2518 1787 2548 quos
1814 2510 1849 2538 in
1873 2513 2039 2539 testamento

203 2571 357 2600 nolebant
384 2569 512 2600 admitti
539 2569 575 2599 R.
602 2570 635 2599 in
660 2570 745 2598 tffsffi
773 2569 983 2608 (testamento
1010 2568 1053 2606 G)
1081 2568 1234 2598 nolebant
1261 2567 1385 2596 dimitti
1411 2566 1463 2609 Βφ
1490 2565 1550 2596 2G.
1576 2566 1609 2595 in
1645 2565 1853 2596 testimonium
1890 2566 2039 2597 nolebant

204 2627 337 2657 admitti
363 2626 460 2657 Auct.
486 2627 527 2656 ad
554 2625 590 2655 C.
619 2635 650 2664 p.
677 2626 752 2656 692.
779 2626 813 2655 in
838 2626 960 2656 testim.
987 2624 1107 2655 dimitti
1134 2624 1291 2653 nolebant
1315 2623 1402 2652 vafh.
1444 2623 1494 2652 De
1520 2623 1641 2661 duplici
1668 2623 1912 2661 significatione
1936 2633 1967 2653 u.
1993 2622 2038 2652 in-

204 2682 343 2713 testabilis
369 2688 426 2713 aut
450 2684 482 2713 in
508 2686 705 2713 testamento
731 2687 785 2712 aut
813 2684 847 2712 in
880 2683 1067 2712 testimonio
1104 2681 1186 2710 conf.
1215 2680 1343 2719 Ulpian.
1370 2681 1403 2710 in
1427 2679 1529 2710 Pand.
1564 2680 1710 2717 XXVIII,
1740 2682 1767 2718 1,
1798 2681 1849 2711 18.
1878 2681 1930 2710 26.
1957 2678 2038 2710 Gell.

203 2740 259 2777 VI,
288 2742 315 2769 1.
349 2740 417 2777 XV,
452 2741 489 2770 13
529 2739 606 2778 (leg.
644 2739 716 2771 XII.
750 2738 882 2777 Tabb).
924 2738 1111 2777 Legendum
1149 2742 1245 2776 puto:
1282 2737 1326 2767 acl
1358 2736 1552 2766 testimoniam-n
1587 2737 1740 2767 nolebant
1777 2736 1918 2767 admitti.
1957 2736 2037 2766 conf.

203 2797 360 2827 Mareiau.
387 2798 420 2827 in
444 2796 548 2827 Pand.
572 2796 718 2834 XLVIII,
749 2797 800 2833 16,
823 2798 856 2825 1;
883 2795 926 2825 ad
948 2795 1168 2826 accusationem
1193 2795 1276 2825 adm.
1304 2800 1338 2824 ut
1364 2803 1473 2824 uocare
1496 2794 1538 2823 act
1561 2794 1682 2824 testim.
1706 2794 1798 2824 Varr.
1825 2793 1862 2823 R.
1879 2793 1915 2823 R.
1935 2793 1960 2829 1,
1981 2794 2038 2822 14:

204 2853 300 2883 citare
335 2853 377 2882 ad
411 2854 535 2883 testim.
573 2854 703 2884 Petron.
743 2854 771 2882 2.
809 2854 909 2882 citare
947 2852 977 2881 in
1013 2853 1135 2883 testim.
1174 2851 1313 2881 Macrob.
1353 2852 1377 2887 1,
1405 2853 1434 2880 4.
1504 2852 1559 2890 18)
1586 2851 1796 2881 detestabiles
1835 2850 2037 2888 (Auet.t.1.

207 2909 362 2949 2,vath)
399 2921 459 2940 om.
497 2911 558 2940 MR
583 2916 614 2941 et
640 2910 679 2948 G,
716 2911 748 2940 in
784 2919 884 2950 marg.
950 2910 1007 2949 ⁶20)
1035 2911 1149 2948 populo
1174 2919 1235 2939 om.
1263 2910 1291 2937 2.
1356 2908 1414 2947 21)
1441 2909 1634 2947 §pergebant
1669 2908 1730 2950 Βφ.
1768 2908 1850 2937 unde
1886 2907 1970 2949 2Βφ.
1998 2922 2038 2927 -—

206 2966 307 3007 Niyra
332 2971 363 2996 et
388 2968 470 2997 cicer
493 2968 562 2998 vfh.
597 2967 692 3006 uiqila
724 2972 756 2997 et
793 2967 886 3003 cicer,
924 2975 953 3003 a,
990 2965 1255 3009 MRAssgmGtQ)
1296 2970 1325 2995 et
1363 2975 1448 2995 omn.
1486 2965 1577 2995 codd.
1602 2965 1714 2994 Persii.
1778 2964 1836 3003 22)
1862 2964 1928 3002 ing.
1953 2962 2040 3001 nul-qo

207 3025 271 3054 rix.
297 3023 438 3066 M2Gsscp
464 3028 496 3054 et
520 3034 539 3053 v
566 3024 680 3063 (uulgo
706 3024 846 3063 risanti).
874 3023 1037 3062 glossema
1061 3026 1168 3053 ortum
1195 3032 1235 3051 ex
1255 3023 1377 3061 populo.
1403 3022 1487 3062 larye
1513 3025 1562 3052 est
1598 3021 1694 3051 lectio
1730 3021 1821 3051 codd.
1857 3020 1971 3050 Persii.
1996 3035 2039 3040 —·-

207 3081 291 3111 initio
315 3081 428 3110 Romae
452 3079 538 3111 vafh.
604 3081 662 3120 23)
689 3091 729 3111 ne
753 3082 825 3120 quis
851 3080 897 3110 his
921 3081 1073 3110 humasse
1096 3079 1139 3109 M.
1165 3079 1252 3110 uellet
1276 3079 1421 3117 M<11)‚v.
1449 3096 1488 3099 ——
1515 3077 1638 3117 dialogi
1660 3077 1770 3116 Mffl).
1797 3077 1850 3120 Βφ
1875 3077 1915 3106 ad
1939 3083 2038 3113 marg.

209 3139 330 3168 habent
355 3138 614 3176 inscriptionem:
640 3136 874 3168 DIALOGVS.
901 3136 977 3166 fecit
1005 3137 1032 3166 2.
1084 3136 1140 3174 24)
1168 3136 1251 3166 enim
1276 3145 1335 3166 om.
1361 3135 1423 3179 Βφ.

2102 51 2114 84 Γ

2103 89 2116 238 l

2106 286 2109 363 t

2130 1085 2141 1336 *ffl-,..—„—*-—

2117 2564 2120 2717 q

2117 2730 2121 2868 ς

2117 2886 2121 3060 !
