2148 3412
120 956 161 989 10

118 1325 159 1357 15

116 1691 159 1724 20

117 2059 160 2092 25

187 152 268 194 506
819 162 924 196 Aea.
950 163 1010 194 ET
1035 162 1202 194 PORPH.
1228 161 1375 194 COMM.

187 286 465 329 chritudinem
496 285 594 327 noui
625 285 736 337 libri,
768 292 956 341 tempore
987 300 1100 335 uero,
1138 300 1219 339 quo
1251 285 1461 327 sordidior
1490 286 1624 326 factus
1644 284 1785 335 fueris,
1816 298 1939 325 nemo
1968 290 2009 326 te

187 360 351 402 ornabit
383 366 505 414 atque
537 359 758 410 describet,
804 359 876 401 sed
909 366 980 400 aut
1011 359 1122 401 caric
1154 360 1425 410 consumeris,
1472 365 1542 400 aut
1570 358 1669 400 fient
1700 373 1750 400 ex
1780 364 1820 399 te
1841 357 2008 413 opisto-

186 434 350 489 grapha
372 432 658 488 epistularum.

300 508 363 548 13.
397 508 477 548 Aul
505 508 634 561 [πρίω-
668 507 820 548 Uticam
851 515 921 548 aut
950 521 990 548 u.
1023 508 1103 548 mil.
1126 507 1314 548 Ilerdam.
1377 507 1487 548 Utica
1519 505 1706 555 Africae,
1739 506 1875 548 Ilerda
1906 504 2010 546 His-

186 580 338 636 paniae
367 587 431 621 est
461 580 622 629 ciuitas,
664 595 713 621 ac
744 594 820 634 per
849 580 927 621 hoc
959 579 1163 621 bellorum
1195 579 1381 621 ciuilium
1414 593 1537 621 causa
1568 579 1705 620 adhuc
1736 578 1823 620 illic
1853 577 2009 620 Roma-

184 670 284 696 num
316 654 544 696 exercitum
575 654 753 695 detineri
785 654 1007 709 significat..

304 729 367 769 14.
401 728 557 769 Ra'dehic
586 743 689 769 mon.
748 727 800 768 Id
831 734 905 777 est,
937 726 1096 768 ridebo.

300 803 364 842 17.
400 802 487 843 Hoc
517 815 668 857 quoque
700 809 733 842 te
763 808 906 842 manet.
969 798 1150 842 Satirice
1185 798 1339 848 omnia,
1385 813 1492 854 quae
1522 799 1761 847 detestatur,
1806 797 1908 840 dicit
1945 797 2011 839 in-

184 875 344 916 minere
374 874 483 916 libro
515 890 601 917 suo.

296 964 457 1005 pueros.
490 949 597 990 elem.
632 948 717 990 doc.
781 946 916 1000 Quasi
947 947 1038 1002 ipse
1067 946 1175 988 liber
1205 961 1358 1001 pueros
1389 946 1594 987 elementa
1624 945 1821 987 docturus
1853 945 1916 987 sit.

300 1024 364 1064 18.
395 1023 582 1064 extremis
611 1023 653 1063 in
684 1022 795 1063 uicis.
853 1020 906 1061 In
934 1020 1081 1061 ultima
1112 1020 1302 1062 uicorum
1332 1027 1465 1075 parte,
1496 1026 1542 1061 ut
1575 1021 1662 1062 Ter.
1696 1019 1885 1075 (Phorm.
1916 1017 1951 1069 I,
1970 1018 2010 1069 4,

185 1096 238 1138 37
271 1096 393 1151 (215)
426 1095 532 1151 Fl.):
564 1097 605 1136 in
635 1095 777 1136 ultima
801 1094 934 1151 platea
964 1093 1078 1135 dicit.

299 1170 414 1212 balba
443 1178 635 1211 seneclus.
694 1167 856 1209 Balbus
888 1181 1028 1209 senex,

301 1244 364 1284 19.
403 1243 500 1285 Cum
531 1244 604 1284 tibi
631 1242 691 1283 sol
720 1242 885 1298 tepidus.
961 1239 1204 1282 Secundum
1241 1254 1399 1281 morem
1437 1239 1706 1287 librariorum
1744 1239 1906 1281 locutus
1937 1245 2009 1288 est,

186 1316 258 1372 qui
289 1316 402 1358 cirea
431 1323 626 1370 quartam
656 1315 724 1357 uel
754 1315 943 1369 quintam
974 1315 1120 1356 horam
1140 1314 1295 1356 dictata
1315 1313 1458 1369 pueris
1479 1313 1683 1369 praebere
1706 1313 2010 1364 consueuerint,

187 1405 268 1446 quo
298 1397 487 1445 tempore
517 1389 823 1431 tractabiliores
855 1395 961 1430 sunt.

298 1465 363 1505 20.
397 1465 462 1507 Me
493 1464 674 1505 libertino
705 1471 842 1504 natum
867 1471 997 1518 patre.
1055 1461 1153 1516 Ipse
1185 1467 1353 1502 enarrat
1381 1461 1511 1502 uitam
1557 1476 1688 1509 suam,
1735 1460 1880 1516 cynice
1925 1475 2010 1502 non

185 1537 453 1579 dissimulans
483 1536 760 1577 humilitatem
792 1535 973 1591 genei·iS‚
1007 1533 1095 1591 [ac]
1129 1549 1172 1576 se
1204 1549 1293 1576 esse
1324 1542 1583 1589 prouectum.

298 1612 364 1652 22.
397 1611 445 1652 Ut
475 1619 666 1667 quantum
695 1611 834 1665 ymeri
863 1610 1005 1650 demas.
1077 1606 1300 1659 Causatur,
1346 1623 1420 1650 cur
1464 1608 1546 1650 sibi
1589 1623 1674 1650 non
1717 1607 1885 1650 tacendi
1929 1607 2012 1649 sint

185 1690 392 1740 parentes.

298 1759 363 1799 23.
388 1759 535 1814 primis
565 1758 680 1798 urbis
711 1756 805 1798 belle·
824 1756 1024 1812 placuisse
1046 1756 1237 1810 domique.
1298 1753 1506 1810 Augusto,
1543 1754 1796 1806 Maecenati,
1826 1754 2011 1797 Pollioni

185 1839 225 1873 et
245 1831 432 1873 caeteris.
475 1831 584 1872 Bella·
597 1831 797 1886 donaque:
819 1829 923 1870 haec
943 1829 1068 1870 modo
1091 1828 1292 1869 aduerbia
1311 1835 1405 1870 sunt
1422 1828 1684 1884 accipienda,
1724 1844 1807 1871 non
1826 1828 2008 1871 nomina.

297 1907 362 1946 24.
395 1905 581 1960 Corporis
610 1904 758 1957 eoeiyui.
818 1902 938 1944 Haec
969 1902 1195 1957 descriptio
1227 1902 1573 1944 characterismus
1604 1903 1768 1944 dicitur.

288 1992 549 2035 praeconum.
608 1976 798 2032 Propera
830 1976 982 2017 canitie
1014 1982 1054 2017 et
1084 1982 1178 2017 ante
1209 1991 1340 2018 annos
1372 1975 1468 2018 albo
1504 1976 1671 2031 capillo.

298 2053 448 2094 solibus
479 2059 628 2107 aptum.
689 2048 870 2092 Solitum
900 2049 1038 2091 iacere
1069 2049 1143 2091 sub
1175 2050 1261 2091 sole
1291 2056 1331 2091 et
1362 2050 1533 2092 chroma
1561 2051 1713 2092 facere.

298 2126 364 2167 25.
396 2134 524 2166 tamen
556 2132 600 2166 ut
622 2124 838 2180 placabilis
860 2138 993 2165 essem.
1053 2121 1392 2179 Επιῦεράπευσις,
1438 2138 1521 2178 qua
1564 2122 1777 2180 purgauit,
1815 2122 1928 2178 quod
1964 2137 2008 2165 se

184 2199 396 2241 confessus
427 2204 489 2240 est
517 2197 777 2239 iracundum.

297 2273 362 2313 26.
394 2273 513 2314 Forte
543 2286 673 2313 meum
694 2272 833 2327 siquis
855 2279 900 2312 te.
960 2270 1128 2320 Facete,
1161 2270 1281 2326 quasi
1304 2271 1435 2313 dicat:
1467 2285 1552 2313 non
1572 2284 1716 2313 omnes
1747 2269 1892 2321 sciant,
1934 2270 2008 2313 sed

183 2344 254 2387 ille
285 2345 409 2396 solus,
442 2345 695 2400 quicumque
726 2343 993 2400 quaesiuerit.

322 2488 354 2528 1)
380 2499 442 2528 quo
469 2489 498 2519 2.
525 2499 586 2519 om.
612 2488 715 2519 MRG.
752 2498 818 2519 cum
840 2488 960 2524 vath.
992 2507 1023 2509 ff—
1056 2489 1176 2519 ornauit
1199 2493 1297 2529 atque
1322 2489 1473 2519 describit
1494 2490 1537 2519 M.
1578 2490 1660 2519 conf.
1686 2489 1737 2532 Βφ
1767 2489 1813 2524 ,ειᾶ
1848 2489 1923 2519 Aer.
1971 2490 2006 2530 2)

183 2546 312 2575 chartae
337 2546 411 2576 MG.
439 2547 547 2576 charte
571 2546 607 2575 R.
635 2547 744 2575 charta
770 2546 799 2575 2.
824 2546 895 2575 rell.
922 2545 1012 2575 carie.
1040 2563 1081 2566 -
1107 2546 1351 2585 opistograpltae
1374 2546 1550 2576 M2Gvafh.
1589 2545 1852 2585 opistographz'ae
1876 2545 1913 2576 R.
1951 2556 2007 2584 po-

184 2603 244 2640 sui,
270 2606 305 2632 ut
330 2603 364 2632 in
389 2603 526 2640 Acrone,
551 2603 790 2641 opistographa.
845 2602 881 2641 4)
909 2603 999 2640 aphr.
1025 2612 1055 2631 v.
1082 2606 1129 2632 est
1154 2612 1213 2633 om.
1239 2603 1326 2633 vafh.
1376 2604 1410 2642 5)
1431 2613 1492 2642 per
1516 2603 1570 2633 hoc
1591 2607 1715 2641 propter
1739 2603 1815 2632 haec
1840 2601 1918 2642 (non
1942 2602 2006 2641 hoc,

183 2662 218 2687 ut
242 2658 300 2688 ref.
328 2658 370 2697 Q)
397 2659 470 2688 MR.
499 2662 629 2697 propter
651 2659 704 2688 hoc
731 2658 792 2688 2G.
842 2659 876 2697 6)
903 2659 985 2696 sign.
1013 2668 1073 2688 om.
1100 2658 1223 2689 MR2G.
1275 2661 1309 2699 7)
1337 2660 1356 2689 ἰ.
1387 2660 1473 2698 (scil.
1502 2660 1536 2699 2)
1565 2660 1676 2689 ridebo
1700 2658 1947 2697 MR2G(Q),va.
1973 2660 2007 2689 id

184 2718 244 2750 est,
270 2715 404 2745 ridendo
430 2718 614 2745 contemnet
638 2714 684 2744 fh.
735 2715 770 2753 8)
797 2715 936 2753 dicitque
961 2715 1035 2743 inm.
1061 2715 1104 2744 M.
1135 2715 1257 2754 dicique
1293 2717 1376 2746 imm.
1395 2717 1432 2746 R.
1483 2717 1538 2755 10)
1569 2715 1776 2750 Quasi—sit.
1802 2715 1870 2745 Hoc
1895 2715 2006 2753 schol„

184 2771 267 2808 quod
292 2771 377 2800 idem
403 2776 452 2801 est
477 2772 509 2800 in
524 2771 661 2809 Acrone,
688 2771 723 2800 in
747 2771 839 2801 libris
865 2775 990 2808 postpo.
1017 2775 1066 2800 est
1084 2773 1217 2802 scholiis
1235 2773 1322 2802 adu.
1345 2774 1395 2811 18,
1421 2773 1476 2803 ubi
1501 2772 1579 2803 vafh
1595 2773 1715 2802 habent
1740 2771 1839 2802 Balba
1862 2776 2006 2802 senectus.

183 2826 305 2856 Balbus
330 2837 417 2857 senex
442 2838 557 2866 pueros
584 2829 672 2858 elem.
699 2828 814 2858 docens.
866 2828 921 2865 11)
950 2828 982 2856 in
1006 2828 1222 2868 MR2G<Q)‚a.
1250 2830 1319 2859 rell.
1346 2839 1406 2859 om.
1467 2830 1521 2869 14)
1546 2830 1619 2859 libr.
1648 2839 1708 2859 mo.
1731 2828 1820 2859 vafh.
1844 2829 1913 2858 rell.
1939 2838 2007 2859 mo-

183 2891 250 2912 rem
276 2883 406 2921 (nomen
430 2884 490 2923 M.)
516 2885 586 2914 libr.
613 2889 662 2923 ΠΨ
688 2884 725 2913 R.
794 2884 847 2923 15)
874 2884 985 2913 circum
1009 2884 1096 2914 MeG
1121 2885 1246 2925 (corr)
1272 2896 1338 2916 cum
1361 2886 1397 2915 R.
1423 2886 1513 2922 rell.
1533 2887 1628 2916 circa.
1654 2903 1697 2907 »-
1723 2885 1939 2916 consueuerint
1960 2885 2003 2914 M.

185 2939 381 2968 consueverit
404 2940 440 2969 R.
467 2941 536 2969 rell.
563 2944 796 2970 consueuerant.
858 2940 913 2977 18)
940 2940 1118 2970 humilitate
1145 2943 1174 2971 2.
1200 2959 1243 2962 ——
1269 2951 1305 2971 ac
1329 2941 1416 2972 vafh.
1442 2942 1511 2971 rell.
1539 2951 1600 2971 om.
1662 2941 1719 2981 19)
1745 2951 1799 2971 cur
1824 2952 1884 2972 om.
1909 2941 2004 2971 MR2.

185 2994 244 3033 21)
269 2994 415 3033 Augusto
440 2996 474 3025 M
499 2996 600 3035 (uegl.
628 2997 671 3037 Q)
697 2997 756 3026 R2.
784 2996 823 3025 cf.
840 2996 914 3025 Acr.
941 2997 1009 3025 rell.
1037 3007 1097 3027 om.
1148 2997 1206 3036 23)
1232 2994 1492 3041 χαρακτηρισμὸς
1516 2998 1562 3027 fh.
1587 2998 1846 3028 characterismos
1870 3008 1898 3028 a.
1947 2998 2004 3038 24)

184 3060 350 3088 properam
373 3053 517 3082 canitiem
540 3053 635 3091 A2‚v.
667 3057 795 3092 propter
819 3054 971 3082 caniciem
1001 3053 1067 3082 afh.
1104 3063 1240 3092 propera
1275 3055 1424 3084 canitiem
1447 3054 1491 3084 M.
1526 3064 1659 3093 propera
1683 3056 1820 3084 canitiae
1843 3054 1881 3085 R.
1919 3055 2003 3085 conf.

185 3106 260 3136 Aer.
287 3125 327 3127 ——
353 3109 438 3138 albos
463 3110 596 3147 capillos
620 3109 687 3141 afh.
752 3111 810 3149 25)
835 3109 930 3140 latere
954 3109 1038 3139 MA2
1066 3110 1100 3149 (1
1127 3120 1167 3140 m.
1192 3115 1270 3141 mut.
1296 3111 1397 3141 iacere
1421 3112 1453 3141 in
1478 3110 1591 3150 latere)
1629 3110 1667 3141 G.
1692 3111 1762 3141 rell.
1787 3110 1898 3142 iacere.
1947 3111 2004 3151 26)

183 3159 443 3207 Προθεράπευσις
466 3167 512 3197 fh.
537 3162 771 3210 προθράπευσις
794 3177 823 3198 a.
847 3163 1097 3211 προθεραπευσις
1121 3176 1152 3199 v.
1169 3185 1205 3189 —
1223 3177 1287 3207 qua
1309 3167 1381 3198 MR.
1430 3166 1489 3209 28)
1515 3168 1600 3198 dicat
1621 3166 1811 3209 MRG>Q)‚v
1837 3168 1883 3208 (q.
1902 3168 1932 3199 d.
1958 3168 2005 3199 sic
