<?xml version="1.0" encoding="UTF-8"?>
<!DOCTYPE html PUBLIC "-//W3C//DTD XHTML 1.0 Transitional//EN"
    "http://www.w3.org/TR/xhtml1/DTD/xhtml1-transitional.dtd">
<html xmlns="http://www.w3.org/1999/xhtml" xml:lang="en" lang="en">
 <head>
  <title>
</title>
<meta http-equiv="Content-Type" content="text/html;charset=utf-8" />
  <meta name='ocr-system' content='tesseract 3.04.00' />
  <meta name='ocr-capabilities' content='ocr_page ocr_carea ocr_par ocr_line ocrx_word'/>
</head>
<body>
  <div class='ocr_page' id='page_1' title='image "acronisetporphyr02pseuuoft_0109.png"; bbox 0 0 2148 3412; ppageno 0'>
   <div class='ocr_carea' id='block_1_1' title="bbox 814 156 1892 202">
    <p class='ocr_par' dir='ltr' id='par_1_1' title="bbox 814 156 1892 202">
     <span class='ocr_line' id='line_1_1' title="bbox 814 156 1892 202; baseline 0.001 -6"><span class='ocrx_word' id='word_1_1' title='bbox 814 164 862 196; x_wconf 76' lang='lat' dir='ltr'>m</span> <span class='ocrx_word' id='word_1_2' title='bbox 889 163 1025 196; x_wconf 77' lang='lat' dir='ltr'>SERM.</span> <span class='ocrx_word' id='word_1_3' title='bbox 1052 163 1077 202; x_wconf 89' lang='lat'>1,</span> <span class='ocrx_word' id='word_1_4' title='bbox 1105 168 1134 196; x_wconf 79' lang='lat'>⁵.</span> <span class='ocrx_word' id='word_1_5' title='bbox 1814 156 1892 197; x_wconf 88' lang='grc'>101</span> 
     </span>
    </p>
   </div>
   <div class='ocr_carea' id='block_1_2' title="bbox 65 284 1898 1062">
    <p class='ocr_par' dir='ltr' id='par_1_2' title="bbox 65 284 1897 782">
     <span class='ocr_line' id='line_1_2' title="bbox 66 284 1895 342; baseline 0.002 -16"><span class='ocrx_word' id='word_1_6' title='bbox 66 286 192 342; x_wconf 87' lang='lat' dir='ltr'>pania</span> <span class='ocrx_word' id='word_1_7' title='bbox 224 284 354 327; x_wconf 85' lang='lat' dir='ltr'>Oseia</span> <span class='ocrx_word' id='word_1_8' title='bbox 384 285 496 327; x_wconf 87' lang='lat' dir='ltr'>dicta</span> <span class='ocrx_word' id='word_1_9' title='bbox 527 291 609 326; x_wconf 86' lang='lat' dir='ltr'>est:</span> <span class='ocrx_word' id='word_1_10' title='bbox 642 286 715 326; x_wconf 88' lang='lat' dir='ltr'>sed</span> <span class='ocrx_word' id='word_1_11' title='bbox 746 286 1007 327; x_wconf 81' lang='lat' dir='ltr'>nobilitatem</span> <span class='ocrx_word' id='word_1_12' title='bbox 1041 286 1146 328; x_wconf 87' lang='lat' dir='ltr'>Osci</span> <span class='ocrx_word' id='word_1_13' title='bbox 1176 286 1364 329; x_wconf 80' lang='lat' dir='ltr'>inridens</span> <span class='ocrx_word' id='word_1_14' title='bbox 1395 288 1475 329; x_wconf 88' lang='lat' dir='ltr'>ait:</span> <span class='ocrx_word' id='word_1_15' title='bbox 1523 287 1633 329; x_wconf 84' lang='lat' dir='ltr'>Sunt</span> <span class='ocrx_word' id='word_1_16' title='bbox 1662 303 1799 330; x_wconf 88' lang='lat' dir='ltr'>mores</span> <span class='ocrx_word' id='word_1_17' title='bbox 1830 289 1895 330; x_wconf 89' lang='lat' dir='ltr'>in-</span> 
     </span>
     <span class='ocr_line' id='line_1_3' title="bbox 66 357 1896 414; baseline 0.002 -14"><span class='ocrx_word' id='word_1_18' title='bbox 66 360 198 401; x_wconf 81' lang='lat' dir='ltr'>fames</span> <span class='ocrx_word' id='word_1_19' title='bbox 221 357 324 400; x_wconf 86' lang='lat' dir='ltr'>Osei</span> <span class='ocrx_word' id='word_1_20' title='bbox 348 357 558 414; x_wconf 88' lang='lat' dir='ltr'>Capuani,</span> <span class='ocrx_word' id='word_1_21' title='bbox 591 365 662 399; x_wconf 87' lang='lat' dir='ltr'>aut</span> <span class='ocrx_word' id='word_1_22' title='bbox 683 358 866 400; x_wconf 89' lang='lat' dir='ltr'>ironicos</span> <span class='ocrx_word' id='word_1_23' title='bbox 899 359 1114 400; x_wconf 87' lang='lat' dir='ltr'>cuiusdam</span> <span class='ocrx_word' id='word_1_24' title='bbox 1139 358 1243 401; x_wconf 89' lang='lat' dir='ltr'>Osci</span> <span class='ocrx_word' id='word_1_25' title='bbox 1265 360 1419 402; x_wconf 90' lang='lat' dir='ltr'>nobilis</span> <span class='ocrx_word' id='word_1_26' title='bbox 1438 361 1561 411; x_wconf 84' lang='lat' dir='ltr'>filius,</span> <span class='ocrx_word' id='word_1_27' title='bbox 1592 362 1704 403; x_wconf 87' lang='lat' dir='ltr'>unde</span> <span class='ocrx_word' id='word_1_28' title='bbox 1726 362 1896 404; x_wconf 82' lang='lat' dir='ltr'>obsceni</span> 
     </span>
     <span class='ocr_line' id='line_1_4' title="bbox 65 432 1897 490; baseline 0.002 -16"><span class='ocrx_word' id='word_1_29' title='bbox 65 433 254 489; x_wconf 84' lang='lat' dir='ltr'>figurate,</span> <span class='ocrx_word' id='word_1_30' title='bbox 285 439 330 473; x_wconf 86' lang='lat' dir='ltr'>ut</span> <span class='ocrx_word' id='word_1_31' title='bbox 351 433 368 486; x_wconf 80' lang='grc' dir='ltr'><strong>Η</strong></span> <span class='ocrx_word' id='word_1_32' title='bbox 389 439 430 472; x_wconf 87' lang='lat' dir='ltr'>at</span> <span class='ocrx_word' id='word_1_33' title='bbox 462 432 684 487; x_wconf 81' lang='grc' dir='ltr'>εἰρωνικῶς</span> <span class='ocrx_word' id='word_1_34' title='bbox 716 432 818 473; x_wconf 87' lang='lat' dir='ltr'>dicit</span> <span class='ocrx_word' id='word_1_35' title='bbox 850 433 1020 482; x_wconf 73' lang='lat' dir='ltr'>clarum,</span> <span class='ocrx_word' id='word_1_36' title='bbox 1053 448 1150 473; x_wconf 88' lang='lat' dir='ltr'>nam</span> <span class='ocrx_word' id='word_1_37' title='bbox 1189 432 1293 474; x_wconf 89' lang='lat' dir='ltr'>Osci</span> <span class='ocrx_word' id='word_1_38' title='bbox 1324 434 1547 490; x_wconf 83' lang='lat' dir='ltr'>ignobiles,</span> <span class='ocrx_word' id='word_1_39' title='bbox 1579 436 1690 477; x_wconf 92' lang='lat' dir='ltr'>unde</span> <span class='ocrx_word' id='word_1_40' title='bbox 1722 436 1897 477; x_wconf 76' lang='lat' dir='ltr'>obsceni</span> 
     </span>
     <span class='ocr_line' id='line_1_5' title="bbox 66 505 1895 566; baseline 0.002 -19"><span class='ocrx_word' id='word_1_41' title='bbox 66 506 92 547; x_wconf 90' lang='lat' dir='ltr'>i.</span> <span class='ocrx_word' id='word_1_42' title='bbox 124 520 156 547; x_wconf 88' lang='lat' dir='ltr'>e.</span> <span class='ocrx_word' id='word_1_43' title='bbox 189 505 342 547; x_wconf 86' lang='lat' dir='ltr'>osceni.</span> <span class='ocrx_word' id='word_1_44' title='bbox 416 505 493 562; x_wconf 77' lang='lat' dir='ltr'>[Et</span> <span class='ocrx_word' id='word_1_45' title='bbox 524 505 603 562; x_wconf 84' lang='lat' dir='ltr'>est]</span> <span class='ocrx_word' id='word_1_46' title='bbox 638 505 845 561; x_wconf 88' lang='lat' dir='ltr'>Figurata</span> <span class='ocrx_word' id='word_1_47' title='bbox 875 506 1028 547; x_wconf 89' lang='lat' dir='ltr'>locutio</span> <span class='ocrx_word' id='word_1_48' title='bbox 1075 508 1201 549; x_wconf 67' lang='lat' dir='ltr'>Messi</span> <span class='ocrx_word' id='word_1_49' title='bbox 1239 522 1364 562; x_wconf 72' lang='lat' dir='ltr'>qenus</span> <span class='ocrx_word' id='word_1_50' title='bbox 1395 509 1491 551; x_wconf 75' lang='lat' dir='ltr'>Osci</span> <span class='ocrx_word' id='word_1_51' title='bbox 1529 511 1545 563; x_wconf 79' lang='grc' dir='ltr'><strong>Η</strong></span> <span class='ocrx_word' id='word_1_52' title='bbox 1581 510 1655 565; x_wconf 86' lang='lat' dir='ltr'>(A.</span> <span class='ocrx_word' id='word_1_53' title='bbox 1687 509 1741 560; x_wconf 89' lang='lat' dir='ltr'>V,</span> <span class='ocrx_word' id='word_1_54' title='bbox 1774 510 1895 566; x_wconf 54' lang='lat'>2850:</span> 
     </span>
     <span class='ocr_line' id='line_1_6' title="bbox 71 578 1891 641; baseline 0.003 -21"><span class='ocrx_word' id='word_1_55' title='bbox 71 579 211 621; x_wconf 81' lang='lat' dir='ltr'><em>Cressa</em></span> <span class='ocrx_word' id='word_1_56' title='bbox 231 594 355 634; x_wconf 73' lang='lat' dir='ltr'>qemcs</span> <span class='ocrx_word' id='word_1_57' title='bbox 379 579 537 629; x_wconf 78' lang='lat' dir='ltr'>Pholoe,</span> <span class='ocrx_word' id='word_1_58' title='bbox 561 586 599 620; x_wconf 86' lang='lat' dir='ltr'>et</span> <span class='ocrx_word' id='word_1_59' title='bbox 622 578 696 632; x_wconf 85' lang='lat' dir='ltr'>(A.</span> <span class='ocrx_word' id='word_1_60' title='bbox 719 578 841 629; x_wconf 86' lang='lat' dir='ltr'>VIII,</span> <span class='ocrx_word' id='word_1_61' title='bbox 862 581 982 634; x_wconf 82' lang='lat'>114):</span> <span class='ocrx_word' id='word_1_62' title='bbox 1020 580 1102 630; x_wconf 74' lang='lat' dir='ltr'>Qui</span> <span class='ocrx_word' id='word_1_63' title='bbox 1118 595 1243 635; x_wconf 74' lang='lat' dir='ltr'>qenus</span> <span class='ocrx_word' id='word_1_64' title='bbox 1265 582 1372 623; x_wconf 77' lang='lat' dir='ltr'>unde</span> <span class='ocrx_word' id='word_1_65' title='bbox 1393 582 1519 624; x_wconf 80' lang='lat' dir='ltr'>domo.</span> <span class='ocrx_word' id='word_1_66' title='bbox 1581 581 1711 639; x_wconf 89' lang='lat' dir='ltr'>[Cum</span> <span class='ocrx_word' id='word_1_67' title='bbox 1733 584 1891 641; x_wconf 85' lang='lat' dir='ltr'>autem]</span> 
     </span>
     <span class='ocr_line' id='line_1_7' title="bbox 66 651 1897 703; baseline 0.003 -9"><span class='ocrx_word' id='word_1_68' title='bbox 66 651 140 694; x_wconf 82' lang='lat' dir='ltr'>Isti</span> <span class='ocrx_word' id='word_1_69' title='bbox 172 667 264 694; x_wconf 90' lang='lat' dir='ltr'>cum</span> <span class='ocrx_word' id='word_1_70' title='bbox 297 652 585 694; x_wconf 85' lang='lat' dir='ltr'>conuiuatores</span> <span class='ocrx_word' id='word_1_71' title='bbox 615 659 753 694; x_wconf 80' lang='lat' dir='ltr'>essent</span> <span class='ocrx_word' id='word_1_72' title='bbox 783 652 966 703; x_wconf 84' lang='lat' dir='ltr'>Horatii,</span> <span class='ocrx_word' id='word_1_73' title='bbox 1011 653 1092 694; x_wconf 89' lang='lat' dir='ltr'>ioci</span> <span class='ocrx_word' id='word_1_74' title='bbox 1135 669 1260 695; x_wconf 88' lang='lat' dir='ltr'>eausa</span> <span class='ocrx_word' id='word_1_75' title='bbox 1302 654 1440 696; x_wconf 74' lang='lat' dir='ltr'>uerbis</span> <span class='ocrx_word' id='word_1_76' title='bbox 1487 670 1529 697; x_wconf 91' lang='lat' dir='ltr'>se</span> <span class='ocrx_word' id='word_1_77' title='bbox 1574 656 1756 698; x_wconf 88' lang='lat' dir='ltr'>inuicem</span> <span class='ocrx_word' id='word_1_78' title='bbox 1802 658 1897 699; x_wconf 81' lang='lat' dir='ltr'>fati-</span> 
     </span>
     <span class='ocr_line' id='line_1_8' title="bbox 67 732 229 782; baseline -0.006 -15"><span class='ocrx_word' id='word_1_79' title='bbox 67 732 229 782; x_wconf 87' lang='lat' dir='ltr'>garunt.</span> 
     </span>
    </p>

    <p class='ocr_par' dir='ltr' id='par_1_3' title="bbox 66 799 1898 930">
     <span class='ocr_line' id='line_1_9' title="bbox 179 799 1898 861; baseline 0.003 -20"><span class='ocrx_word' id='word_1_80' title='bbox 179 801 244 841; x_wconf 85' lang='lat'>55.</span> <span class='ocrx_word' id='word_1_81' title='bbox 277 799 481 840; x_wconf 74' lang='lat' dir='ltr'>Sarmenti</span> <span class='ocrx_word' id='word_1_82' title='bbox 510 800 684 841; x_wconf 75' lang='lat' dir='ltr'>domina.</span> <span class='ocrx_word' id='word_1_83' title='bbox 746 799 830 841; x_wconf 92' lang='lat' dir='ltr'>Hie</span> <span class='ocrx_word' id='word_1_84' title='bbox 861 799 1057 841; x_wconf 89' lang='lat' dir='ltr'>libertum</span> <span class='ocrx_word' id='word_1_85' title='bbox 1089 801 1271 842; x_wconf 82' lang='lat' dir='ltr'>ostendit</span> <span class='ocrx_word' id='word_1_86' title='bbox 1300 802 1441 852; x_wconf 86' lang='lat' dir='ltr'>fuisse,</span> <span class='ocrx_word' id='word_1_87' title='bbox 1487 803 1583 844; x_wconf 88' lang='lat' dir='ltr'>lieet</span> <span class='ocrx_word' id='word_1_88' title='bbox 1620 812 1765 858; x_wconf 85' lang='lat' dir='ltr'>postea</span> <span class='ocrx_word' id='word_1_89' title='bbox 1803 804 1898 861; x_wconf 90' lang='lat' dir='ltr'>[do-</span> 
     </span>
     <span class='ocr_line' id='line_1_10' title="bbox 66 872 1827 930; baseline 0.003 -17"><span class='ocrx_word' id='word_1_90' title='bbox 66 872 241 929; x_wconf 84' lang='lat' dir='ltr'>minam]</span> <span class='ocrx_word' id='word_1_91' title='bbox 274 872 489 914; x_wconf 86' lang='lat' dir='ltr'>decuriam</span> <span class='ocrx_word' id='word_1_92' title='bbox 520 873 742 928; x_wconf 83' lang='lat' dir='ltr'>acceperit.</span> <span class='ocrx_word' id='word_1_93' title='bbox 804 875 1038 916; x_wconf 69' lang='lat' dir='ltr'>maioribus.</span> <span class='ocrx_word' id='word_1_94' title='bbox 1071 872 1244 916; x_wconf 81' lang='lat' dir='ltr'>Scilicet</span> <span class='ocrx_word' id='word_1_95' title='bbox 1274 875 1533 930; x_wconf 86' lang='lat' dir='ltr'>parentibus.</span> <span class='ocrx_word' id='word_1_96' title='bbox 1594 879 1682 918; x_wconf 74' lang='lat' dir='ltr'>orti.</span> <span class='ocrx_word' id='word_1_97' title='bbox 1714 877 1827 919; x_wconf 82' lang='lat' dir='ltr'>Nati.</span> 
     </span>
    </p>

    <p class='ocr_par' dir='ltr' id='par_1_4' title="bbox 67 944 1898 1062">
     <span class='ocr_line' id='line_1_11' title="bbox 179 944 1898 1007; baseline 0.003 -19"><span class='ocrx_word' id='word_1_98' title='bbox 179 948 244 988; x_wconf 85' lang='lat'>57.</span> <span class='ocrx_word' id='word_1_99' title='bbox 275 947 363 1000; x_wconf 75' lang='lat' dir='ltr'>seri.</span> <span class='ocrx_word' id='word_1_100' title='bbox 396 944 597 988; x_wconf 86' lang='lat' dir='ltr'>Grandis.</span> <span class='ocrx_word' id='word_1_101' title='bbox 672 948 849 989; x_wconf 75' lang='lat' dir='ltr'>similem.</span> <span class='ocrx_word' id='word_1_102' title='bbox 881 947 1049 989; x_wconf 90' lang='lat' dir='ltr'>Durum</span> <span class='ocrx_word' id='word_1_103' title='bbox 1081 955 1121 989; x_wconf 91' lang='lat' dir='ltr'>et</span> <span class='ocrx_word' id='word_1_104' title='bbox 1151 948 1369 1004; x_wconf 83' lang='lat' dir='ltr'>grandem.</span> <span class='ocrx_word' id='word_1_105' title='bbox 1432 951 1621 992; x_wconf 69' lang='lat' dir='ltr'>ridemus.</span> <span class='ocrx_word' id='word_1_106' title='bbox 1656 949 1770 1003; x_wconf 80' lang='lat' dir='ltr'>Quia</span> <span class='ocrx_word' id='word_1_107' title='bbox 1799 966 1898 1007; x_wconf 87' lang='lat' dir='ltr'>pro-</span> 
     </span>
     <span class='ocr_line' id='line_1_12' title="bbox 67 1019 532 1062; baseline -0.002 0"><span class='ocrx_word' id='word_1_108' title='bbox 67 1034 187 1062; x_wconf 91' lang='lat' dir='ltr'>cerus</span> <span class='ocrx_word' id='word_1_109' title='bbox 217 1026 307 1061; x_wconf 89' lang='lat' dir='ltr'>erat</span> <span class='ocrx_word' id='word_1_110' title='bbox 335 1019 532 1062; x_wconf 89' lang='lat' dir='ltr'>Messius.</span> 
     </span>
    </p>
   </div>
   <div class='ocr_carea' id='block_1_3' title="bbox 67 1093 1901 1518">
    <p class='ocr_par' dir='ltr' id='par_1_5' title="bbox 67 1093 1899 1223">
     <span class='ocr_line' id='line_1_13' title="bbox 179 1093 1899 1155; baseline 0.003 -19"><span class='ocrx_word' id='word_1_111' title='bbox 179 1095 245 1136; x_wconf 82' lang='lat'>58.</span> <span class='ocrx_word' id='word_1_112' title='bbox 277 1095 457 1137; x_wconf 56' lang='lat' dir='ltr'>Messius.</span> <span class='ocrx_word' id='word_1_113' title='bbox 493 1093 594 1136; x_wconf 89' lang='lat' dir='ltr'>Scil.</span> <span class='ocrx_word' id='word_1_114' title='bbox 626 1094 730 1136; x_wconf 86' lang='lat' dir='ltr'>risit.</span> <span class='ocrx_word' id='word_1_115' title='bbox 791 1097 958 1151; x_wconf 71' lang='lat' dir='ltr'>accipio.</span> <span class='ocrx_word' id='word_1_116' title='bbox 991 1093 1092 1137; x_wconf 88' lang='lat' dir='ltr'>Scil.</span> <span class='ocrx_word' id='word_1_117' title='bbox 1126 1102 1164 1136; x_wconf 87' lang='lat' dir='ltr'>et</span> <span class='ocrx_word' id='word_1_118' title='bbox 1205 1095 1324 1137; x_wconf 84' lang='lat' dir='ltr'>dixit.</span> <span class='ocrx_word' id='word_1_119' title='bbox 1386 1106 1518 1153; x_wconf 76' lang='lat' dir='ltr'>caput.</span> <span class='ocrx_word' id='word_1_120' title='bbox 1557 1096 1659 1140; x_wconf 89' lang='lat' dir='ltr'>Seil.</span> <span class='ocrx_word' id='word_1_121' title='bbox 1692 1099 1770 1141; x_wconf 93' lang='lat' dir='ltr'>hoc</span> <span class='ocrx_word' id='word_1_122' title='bbox 1801 1115 1899 1155; x_wconf 88' lang='lat' dir='ltr'>pro-</span> 
     </span>
     <span class='ocr_line' id='line_1_14' title="bbox 67 1166 601 1223; baseline 0 -13"><span class='ocrx_word' id='word_1_123' title='bbox 67 1168 201 1210; x_wconf 86' lang='lat' dir='ltr'>brum.</span> <span class='ocrx_word' id='word_1_124' title='bbox 262 1177 407 1210; x_wconf 78' lang='lat' dir='ltr'>mouet.</span> <span class='ocrx_word' id='word_1_125' title='bbox 439 1166 601 1223; x_wconf 88' lang='lat' dir='ltr'>Agitat.</span> 
     </span>
    </p>

    <p class='ocr_par' dir='ltr' id='par_1_6' title="bbox 68 1240 1901 1444">
     <span class='ocr_line' id='line_1_15' title="bbox 182 1240 1901 1302; baseline 0.003 -19"><span class='ocrx_word' id='word_1_126' title='bbox 182 1242 228 1290; x_wconf 89' lang='lat'>0,</span> <span class='ocrx_word' id='word_1_127' title='bbox 261 1249 344 1292; x_wconf 80' lang='lat' dir='ltr'>tua,</span> <span class='ocrx_word' id='word_1_128' title='bbox 378 1257 519 1284; x_wconf 74' lang='lat' dir='ltr'>cornu.</span> <span class='ocrx_word' id='word_1_129' title='bbox 586 1242 733 1284; x_wconf 79' lang='lat' dir='ltr'>Cornu.</span> <span class='ocrx_word' id='word_1_130' title='bbox 767 1240 968 1283; x_wconf 79' lang='lat' dir='ltr'>CicatriX.</span> <span class='ocrx_word' id='word_1_131' title='bbox 1029 1241 1211 1284; x_wconf 86' lang='lat' dir='ltr'>Deridet</span> <span class='ocrx_word' id='word_1_132' title='bbox 1240 1243 1371 1295; x_wconf 81' lang='lat' dir='ltr'>illum,</span> <span class='ocrx_word' id='word_1_133' title='bbox 1405 1245 1504 1299; x_wconf 88' lang='lat' dir='ltr'>quia</span> <span class='ocrx_word' id='word_1_134' title='bbox 1527 1246 1753 1287; x_wconf 84' lang='lat' dir='ltr'>commouit</span> <span class='ocrx_word' id='word_1_135' title='bbox 1774 1255 1901 1302; x_wconf 84' lang='lat' dir='ltr'>caput</span> 
     </span>
     <span class='ocr_line' id='line_1_16' title="bbox 68 1314 1899 1374; baseline 0.003 -17"><span class='ocrx_word' id='word_1_136' title='bbox 68 1323 107 1357; x_wconf 89' lang='lat' dir='ltr'>et</span> <span class='ocrx_word' id='word_1_137' title='bbox 136 1314 211 1356; x_wconf 89' lang='lat' dir='ltr'>ait:</span> <span class='ocrx_word' id='word_1_138' title='bbox 261 1315 409 1356; x_wconf 90' lang='lat' dir='ltr'>sinon</span> <span class='ocrx_word' id='word_1_139' title='bbox 440 1329 551 1357; x_wconf 90' lang='lat' dir='ltr'>esses</span> <span class='ocrx_word' id='word_1_140' title='bbox 581 1315 795 1357; x_wconf 89' lang='lat' dir='ltr'>mutilatus</span> <span class='ocrx_word' id='word_1_141' title='bbox 826 1322 1042 1371; x_wconf 83' lang='lat' dir='ltr'>praesecto</span> <span class='ocrx_word' id='word_1_142' title='bbox 1088 1331 1218 1357; x_wconf 90' lang='lat' dir='ltr'>cornu</span> <span class='ocrx_word' id='word_1_143' title='bbox 1262 1317 1314 1358; x_wconf 92' lang='lat' dir='ltr'>de</span> <span class='ocrx_word' id='word_1_144' title='bbox 1359 1318 1529 1359; x_wconf 87' lang='lat' dir='ltr'>sinistra</span> <span class='ocrx_word' id='word_1_145' title='bbox 1574 1326 1693 1374; x_wconf 86' lang='lat' dir='ltr'>parte</span> <span class='ocrx_word' id='word_1_146' title='bbox 1738 1322 1899 1372; x_wconf 84' lang='lat' dir='ltr'>frontis,</span> 
     </span>
     <span class='ocr_line' id='line_1_17' title="bbox 69 1387 1189 1444; baseline 0 -14"><span class='ocrx_word' id='word_1_147' title='bbox 69 1388 170 1444; x_wconf 89' lang='lat' dir='ltr'>quid</span> <span class='ocrx_word' id='word_1_148' title='bbox 198 1389 387 1430; x_wconf 82' lang='lat' dir='ltr'>faceres?</span> <span class='ocrx_word' id='word_1_149' title='bbox 448 1387 672 1442; x_wconf 80' lang='lat' dir='ltr'>Quomodo</span> <span class='ocrx_word' id='word_1_150' title='bbox 703 1389 911 1430; x_wconf 90' lang='lat' dir='ltr'>minitaris</span> <span class='ocrx_word' id='word_1_151' title='bbox 941 1395 987 1430; x_wconf 92' lang='lat' dir='ltr'>ut</span> <span class='ocrx_word' id='word_1_152' title='bbox 1017 1390 1189 1430; x_wconf 79' lang='lat' dir='ltr'>taurus?</span> 
     </span>
    </p>

    <p class='ocr_par' dir='ltr' id='par_1_7' title="bbox 182 1462 1429 1518">
     <span class='ocr_line' id='line_1_18' title="bbox 182 1462 1429 1518; baseline 0.001 -14"><span class='ocrx_word' id='word_1_153' title='bbox 182 1463 247 1504; x_wconf 85' lang='grc'>59.</span> <span class='ocrx_word' id='word_1_154' title='bbox 280 1471 447 1504; x_wconf 75' lang='lat' dir='ltr'>exsecto.</span> <span class='ocrx_word' id='word_1_155' title='bbox 507 1462 690 1518; x_wconf 84' lang='lat' dir='ltr'>Propter</span> <span class='ocrx_word' id='word_1_156' title='bbox 721 1463 975 1504; x_wconf 83' lang='lat' dir='ltr'>cicatricem.</span> <span class='ocrx_word' id='word_1_157' title='bbox 1033 1464 1163 1517; x_wconf 74' lang='lat' dir='ltr'>frons.</span> <span class='ocrx_word' id='word_1_158' title='bbox 1193 1462 1328 1506; x_wconf 86' lang='lat' dir='ltr'>Deest</span> <span class='ocrx_word' id='word_1_159' title='bbox 1358 1470 1429 1507; x_wconf 74' lang='lat' dir='ltr'>sic.</span> 
     </span>
    </p>
   </div>
   <div class='ocr_carea' id='block_1_4' title="bbox 18 1389 1902 1956">
    <p class='ocr_par' dir='ltr' id='par_1_8' title="bbox 18 1389 21 1422">
     <span class='ocr_line' id='line_1_19' title="bbox 18 1389 21 1422; baseline 0 0"><span class='ocrx_word' id='word_1_160' title='bbox 18 1389 21 1422; x_wconf 89' lang='grc' dir='ltr'>Ι</span> 
     </span>
    </p>

    <p class='ocr_par' dir='ltr' id='par_1_9' title="bbox 19 1520 1902 1724">
     <span class='ocr_line' id='line_1_20' title="bbox 19 1520 1902 1599; baseline 0.004 -22"><span class='ocrx_word' id='word_1_161' title='bbox 19 1520 23 1599; x_wconf 42' lang='lat'>¹}</span> <span class='ocrx_word' id='word_1_162' title='bbox 181 1537 246 1578; x_wconf 84' lang='lat'>60.</span> <span class='ocrx_word' id='word_1_163' title='bbox 276 1537 453 1578; x_wconf 77' lang='lat' dir='ltr'>mutilus.</span> <span class='ocrx_word' id='word_1_164' title='bbox 484 1535 752 1592; x_wconf 88' lang='lat' dir='ltr'>Amputatus.</span> <span class='ocrx_word' id='word_1_165' title='bbox 809 1537 878 1578; x_wconf 67' lang='lat' dir='ltr'>illi.</span> <span class='ocrx_word' id='word_1_166' title='bbox 908 1536 1080 1579; x_wconf 85' lang='lat' dir='ltr'>Messio.</span> <span class='ocrx_word' id='word_1_167' title='bbox 1140 1538 1322 1580; x_wconf 73' lang='lat' dir='ltr'>cicatrix.</span> <span class='ocrx_word' id='word_1_168' title='bbox 1369 1538 1419 1580; x_wconf 93' lang='lat' dir='ltr'>In</span> <span class='ocrx_word' id='word_1_169' title='bbox 1450 1539 1572 1581; x_wconf 88' lang='lat' dir='ltr'>laeua</span> <span class='ocrx_word' id='word_1_170' title='bbox 1602 1548 1723 1596; x_wconf 87' lang='lat' dir='ltr'>parte</span> <span class='ocrx_word' id='word_1_171' title='bbox 1753 1544 1902 1585; x_wconf 86' lang='lat' dir='ltr'>frontis</span> 
     </span>
     <span class='ocr_line' id='line_1_21' title="bbox 21 1601 498 1678; baseline 0 -27"><span class='ocrx_word' id='word_1_172' title='bbox 21 1601 25 1678; x_wconf 53' lang='grc' dir='ltr'>ἱ</span> <span class='ocrx_word' id='word_1_173' title='bbox 69 1609 215 1652; x_wconf 89' lang='lat' dir='ltr'>habuit</span> <span class='ocrx_word' id='word_1_174' title='bbox 244 1609 498 1652; x_wconf 86' lang='lat' dir='ltr'>cicatricem.</span> 
     </span>
     <span class='ocr_line' id='line_1_22' title="bbox 23 1707 25 1724; baseline 0 0"><span class='ocrx_word' id='word_1_175' title='bbox 23 1707 25 1724; x_wconf 77' lang='grc' dir='ltr'>ι</span> 
     </span>
    </p>

    <p class='ocr_par' dir='ltr' id='par_1_10' title="bbox 23 1733 26 1752">
     <span class='ocr_line' id='line_1_23' title="bbox 23 1733 26 1752; baseline 0 0"><span class='ocrx_word' id='word_1_176' title='bbox 23 1733 26 1752; x_wconf 73' lang='lat' dir='ltr'>l</span> 
     </span>
    </p>

    <p class='ocr_par' dir='ltr' id='par_1_11' title="bbox 24 1835 27 1870">
     <span class='ocr_line' id='line_1_24' title="bbox 24 1835 27 1870; baseline 0 0"><span class='ocrx_word' id='word_1_177' title='bbox 24 1835 27 1870; x_wconf 83' lang='grc'>1</span> 
     </span>
    </p>

    <p class='ocr_par' dir='ltr' id='par_1_12' title="bbox 26 1939 29 1956">
     <span class='ocr_line' id='line_1_25' title="bbox 26 1939 29 1956; baseline 0 0"><span class='ocrx_word' id='word_1_178' title='bbox 26 1939 29 1956; x_wconf 50' lang='grc'>1</span> 
     </span>
    </p>
   </div>
   <div class='ocr_carea' id='block_1_5' title="bbox 11 870 22 1382">
    <p class='ocr_par' dir='ltr' id='par_1_13' title="bbox 11 870 22 1382">
     <span class='ocr_line' id='line_1_26' title="bbox 11 870 22 1382; baseline 0 0"><span class='ocrx_word' id='word_1_179' title='bbox 11 870 22 1382; x_wconf 95' lang='lat' dir='ltr'> </span> 
     </span>
    </p>
   </div>
   <div class='ocr_carea' id='block_1_6' title="bbox 72 1683 1902 1815">
    <p class='ocr_par' dir='ltr' id='par_1_14' title="bbox 72 1683 1902 1815">
     <span class='ocr_line' id='line_1_27' title="bbox 182 1683 1902 1745; baseline 0.005 -20"><span class='ocrx_word' id='word_1_180' title='bbox 182 1685 247 1726; x_wconf 88' lang='grc'>61.</span> <span class='ocrx_word' id='word_1_181' title='bbox 280 1684 469 1726; x_wconf 81' lang='lat' dir='ltr'>Setosam.</span> <span class='ocrx_word' id='word_1_182' title='bbox 531 1683 645 1737; x_wconf 72' lang='lat' dir='ltr'>Quia</span> <span class='ocrx_word' id='word_1_183' title='bbox 690 1684 855 1740; x_wconf 84' lang='lat' dir='ltr'>capillis</span> <span class='ocrx_word' id='word_1_184' title='bbox 899 1684 1099 1740; x_wconf 85' lang='lat' dir='ltr'>operitur.</span> <span class='ocrx_word' id='word_1_185' title='bbox 1174 1686 1283 1728; x_wconf 71' lang='lat' dir='ltr'>laeui</span> <span class='ocrx_word' id='word_1_186' title='bbox 1321 1688 1465 1741; x_wconf 79' lang='lat' dir='ltr'>frome.</span> <span class='ocrx_word' id='word_1_187' title='bbox 1511 1697 1617 1745; x_wconf 82' lang='lat' dir='ltr'>turp.</span> <span class='ocrx_word' id='word_1_188' title='bbox 1665 1692 1757 1733; x_wconf 70' lang='lat' dir='ltr'>oris.</span> <span class='ocrx_word' id='word_1_189' title='bbox 1816 1690 1902 1733; x_wconf 89' lang='lat' dir='ltr'>Pro</span> 
     </span>
     <span class='ocr_line' id='line_1_28' title="bbox 72 1757 543 1815; baseline -0.004 -15"><span class='ocrx_word' id='word_1_190' title='bbox 72 1758 231 1800; x_wconf 80' lang='lat' dir='ltr'>laeuam</span> <span class='ocrx_word' id='word_1_191' title='bbox 254 1766 416 1815; x_wconf 78' lang='lat' dir='ltr'>partem</span> <span class='ocrx_word' id='word_1_192' title='bbox 447 1757 543 1799; x_wconf 91' lang='lat' dir='ltr'>oris.</span> 
     </span>
    </p>
   </div>
   <div class='ocr_carea' id='block_1_7' title="bbox 72 1831 1903 1966">
    <p class='ocr_par' dir='ltr' id='par_1_15' title="bbox 72 1831 1903 1966">
     <span class='ocr_line' id='line_1_29' title="bbox 184 1831 1901 1891; baseline 0.003 -18"><span class='ocrx_word' id='word_1_193' title='bbox 184 1833 248 1873; x_wconf 88' lang='grc'>62.</span> <span class='ocrx_word' id='word_1_194' title='bbox 285 1832 529 1888; x_wconf 74' lang='lat' dir='ltr'>Campanum</span> <span class='ocrx_word' id='word_1_195' title='bbox 548 1832 590 1873; x_wconf 79' lang='lat' dir='ltr'>m</span> <span class='ocrx_word' id='word_1_196' title='bbox 610 1832 804 1873; x_wconf 81' lang='lat' dir='ltr'>morbum.</span> <span class='ocrx_word' id='word_1_197' title='bbox 864 1831 953 1872; x_wconf 92' lang='lat' dir='ltr'>Aut</span> <span class='ocrx_word' id='word_1_198' title='bbox 982 1831 1067 1873; x_wconf 88' lang='lat' dir='ltr'>oris</span> <span class='ocrx_word' id='word_1_199' title='bbox 1096 1832 1339 1874; x_wconf 87' lang='lat' dir='ltr'>foeditatem</span> <span class='ocrx_word' id='word_1_200' title='bbox 1361 1841 1432 1875; x_wconf 85' lang='lat' dir='ltr'>aut</span> <span class='ocrx_word' id='word_1_201' title='bbox 1451 1835 1759 1891; x_wconf 83' lang='lat' dir='ltr'>adrogantiam.</span> <span class='ocrx_word' id='word_1_202' title='bbox 1821 1838 1901 1879; x_wconf 91' lang='lat' dir='ltr'>Di-</span> 
     </span>
     <span class='ocr_line' id='line_1_30' title="bbox 72 1904 1903 1966; baseline 0.003 -19"><span class='ocrx_word' id='word_1_203' title='bbox 72 1912 220 1948; x_wconf 81' lang='lat' dir='ltr'>cuntur</span> <span class='ocrx_word' id='word_1_204' title='bbox 253 1905 364 1947; x_wconf 88' lang='lat' dir='ltr'>enim</span> <span class='ocrx_word' id='word_1_205' title='bbox 397 1904 608 1961; x_wconf 88' lang='lat' dir='ltr'>Campani</span> <span class='ocrx_word' id='word_1_206' title='bbox 645 1912 684 1946; x_wconf 88' lang='lat' dir='ltr'>et</span> <span class='ocrx_word' id='word_1_207' title='bbox 721 1905 832 1947; x_wconf 81' lang='lat' dir='ltr'>foedi</span> <span class='ocrx_word' id='word_1_208' title='bbox 871 1920 959 1947; x_wconf 88' lang='lat' dir='ltr'>esse</span> <span class='ocrx_word' id='word_1_209' title='bbox 998 1913 1038 1947; x_wconf 90' lang='lat' dir='ltr'>et</span> <span class='ocrx_word' id='word_1_210' title='bbox 1075 1905 1341 1962; x_wconf 80' lang='lat' dir='ltr'>adrogantes.</span> <span class='ocrx_word' id='word_1_211' title='bbox 1403 1906 1490 1950; x_wconf 86' lang='lat' dir='ltr'>Sed</span> <span class='ocrx_word' id='word_1_212' title='bbox 1526 1911 1638 1964; x_wconf 71' lang='lat' dir='ltr'>foedi</span> <span class='ocrx_word' id='word_1_213' title='bbox 1671 1911 1903 1966; x_wconf 86' lang='lat' dir='ltr'>accipimus</span> 
     </span>
    </p>
   </div>
   <div class='ocr_carea' id='block_1_8' title="bbox 26 1976 1904 2115">
    <p class='ocr_par' dir='ltr' id='par_1_16' title="bbox 26 1976 1904 2115">
     <span class='ocr_line' id='line_1_31' title="bbox 26 1976 1903 2037; baseline 0.004 -18"><span class='ocrx_word' id='word_1_214' title='bbox 26 1979 30 2036; x_wconf 64' lang='grc' dir='ltr'><strong>ξ</strong></span> <span class='ocrx_word' id='word_1_215' title='bbox 72 1995 174 2020; x_wconf 76' lang='grc' dir='ltr'>κατα</span> <span class='ocrx_word' id='word_1_216' title='bbox 202 1980 245 2020; x_wconf 80' lang='grc' dir='ltr'>τὸ</span> <span class='ocrx_word' id='word_1_217' title='bbox 279 1978 388 2020; x_wconf 76' lang='grc' dir='ltr'><strong>αὐτό.</strong></span> <span class='ocrx_word' id='word_1_218' title='bbox 448 1977 649 2020; x_wconf 87' lang='lat' dir='ltr'>Aliter:</span> <span class='ocrx_word' id='word_1_219' title='bbox 683 1976 909 2034; x_wconf 85' lang='lat' dir='ltr'>Campani,</span> <span class='ocrx_word' id='word_1_220' title='bbox 956 1979 1026 2034; x_wconf 86' lang='lat' dir='ltr'>qui</span> <span class='ocrx_word' id='word_1_221' title='bbox 1060 1979 1138 2037; x_wconf 87' lang='lat' dir='ltr'>[et]</span> <span class='ocrx_word' id='word_1_222' title='bbox 1173 1979 1278 2023; x_wconf 88' lang='lat' dir='ltr'>Osci</span> <span class='ocrx_word' id='word_1_223' title='bbox 1308 1982 1570 2034; x_wconf 85' lang='lat' dir='ltr'>dicebantur,</span> <span class='ocrx_word' id='word_1_224' title='bbox 1610 1999 1681 2026; x_wconf 88' lang='lat' dir='ltr'>ore</span> <span class='ocrx_word' id='word_1_225' title='bbox 1711 1985 1903 2026; x_wconf 87' lang='lat' dir='ltr'>imnundi</span> 
     </span>
     <span class='ocr_line' id='line_1_32' title="bbox 27 2050 1904 2115; baseline 0.003 -21"><span class='ocrx_word' id='word_1_226' title='bbox 27 2050 30 2094; x_wconf 67' lang='grc' dir='ltr'>ἶ</span> <span class='ocrx_word' id='word_1_227' title='bbox 71 2053 203 2095; x_wconf 87' lang='lat' dir='ltr'>habiti</span> <span class='ocrx_word' id='word_1_228' title='bbox 224 2060 331 2104; x_wconf 87' lang='lat' dir='ltr'>sunt,</span> <span class='ocrx_word' id='word_1_229' title='bbox 362 2053 474 2094; x_wconf 90' lang='lat' dir='ltr'>unde</span> <span class='ocrx_word' id='word_1_230' title='bbox 504 2052 629 2094; x_wconf 88' lang='lat' dir='ltr'>etiam</span> <span class='ocrx_word' id='word_1_231' title='bbox 653 2054 838 2095; x_wconf 76' lang='lat' dir='ltr'>obscenos</span> <span class='ocrx_word' id='word_1_232' title='bbox 869 2052 1003 2095; x_wconf 86' lang='lat' dir='ltr'>dictos</span> <span class='ocrx_word' id='word_1_233' title='bbox 1023 2061 1184 2109; x_wconf 88' lang='lat' dir='ltr'>putant,</span> <span class='ocrx_word' id='word_1_234' title='bbox 1217 2055 1336 2109; x_wconf 89' lang='lat' dir='ltr'>quasi</span> <span class='ocrx_word' id='word_1_235' title='bbox 1361 2056 1548 2099; x_wconf 75' lang='lat' dir='ltr'>Oscenos.</span> <span class='ocrx_word' id='word_1_236' title='bbox 1607 2056 1680 2098; x_wconf 93' lang='lat' dir='ltr'>An</span> <span class='ocrx_word' id='word_1_237' title='bbox 1701 2058 1796 2100; x_wconf 89' lang='lat' dir='ltr'>ideo</span> <span class='ocrx_word' id='word_1_238' title='bbox 1820 2059 1904 2115; x_wconf 90' lang='lat' dir='ltr'>[di-</span> 
     </span>
    </p>
   </div>
   <div class='ocr_carea' id='block_1_9' title="bbox 73 2126 1905 2257">
    <p class='ocr_par' dir='ltr' id='par_1_17' title="bbox 73 2126 1905 2257">
     <span class='ocr_line' id='line_1_33' title="bbox 74 2126 1905 2184; baseline 0.003 -16"><span class='ocrx_word' id='word_1_239' title='bbox 74 2127 216 2169; x_wconf 88' lang='lat' dir='ltr'>cimus.</span> <span class='ocrx_word' id='word_1_240' title='bbox 276 2126 365 2169; x_wconf 84' lang='lat' dir='ltr'>Aut</span> <span class='ocrx_word' id='word_1_241' title='bbox 394 2126 513 2183; x_wconf 89' lang='lat' dir='ltr'>uero]</span> <span class='ocrx_word' id='word_1_242' title='bbox 547 2126 654 2168; x_wconf 87' lang='lat' dir='ltr'>dixit</span> <span class='ocrx_word' id='word_1_243' title='bbox 684 2127 818 2183; x_wconf 81' lang='lat' dir='ltr'>Camp.</span> <span class='ocrx_word' id='word_1_244' title='bbox 849 2129 891 2169; x_wconf 73' lang='lat' dir='ltr'>m</span> <span class='ocrx_word' id='word_1_245' title='bbox 921 2128 1059 2178; x_wconf 68' lang='lat' dir='ltr'>morb„</span> <span class='ocrx_word' id='word_1_246' title='bbox 1093 2127 1192 2182; x_wconf 90' lang='lat' dir='ltr'>quia</span> <span class='ocrx_word' id='word_1_247' title='bbox 1214 2126 1426 2184; x_wconf 86' lang='lat' dir='ltr'>Campani</span> <span class='ocrx_word' id='word_1_248' title='bbox 1448 2130 1640 2172; x_wconf 89' lang='lat' dir='ltr'>morbum</span> <span class='ocrx_word' id='word_1_249' title='bbox 1672 2132 1905 2174; x_wconf 83' lang='lat' dir='ltr'>dicacitatis</span> 
     </span>
     <span class='ocr_line' id='line_1_34' title="bbox 73 2201 303 2257; baseline 0 -14"><span class='ocrx_word' id='word_1_250' title='bbox 73 2201 303 2257; x_wconf 84' lang='lat' dir='ltr'>patiuntur.</span> 
     </span>
    </p>
   </div>
   <div class='ocr_carea' id='block_1_10' title="bbox 30 2211 1907 2434">
    <p class='ocr_par' dir='ltr' id='par_1_18' title="bbox 30 2211 1907 2434">
     <span class='ocr_line' id='line_1_35' title="bbox 30 2211 33 2238; baseline 0 0"><span class='ocrx_word' id='word_1_251' title='bbox 30 2211 33 2238; x_wconf 80' lang='grc' dir='ltr'><strong>ι</strong></span> 
     </span>
     <span class='ocr_line' id='line_1_36' title="bbox 30 2240 1907 2335; baseline 0.002 -17"><span class='ocrx_word' id='word_1_252' title='bbox 30 2240 35 2334; x_wconf 63' lang='lat' dir='ltr'>l</span> <span class='ocrx_word' id='word_1_253' title='bbox 188 2275 274 2333; x_wconf 84' lang='lat'>[63.</span> <span class='ocrx_word' id='word_1_254' title='bbox 307 2277 372 2318; x_wconf 81' lang='lat'>64.</span> <span class='ocrx_word' id='word_1_255' title='bbox 405 2277 581 2333; x_wconf 75' lang='lat' dir='ltr'>cyclope.</span> <span class='ocrx_word' id='word_1_256' title='bbox 643 2275 757 2329; x_wconf 80' lang='lat' dir='ltr'>Quia</span> <span class='ocrx_word' id='word_1_257' title='bbox 791 2290 948 2332; x_wconf 88' lang='lat' dir='ltr'>magna</span> <span class='ocrx_word' id='word_1_258' title='bbox 987 2281 1145 2317; x_wconf 83' lang='lat' dir='ltr'>statura</span> <span class='ocrx_word' id='word_1_259' title='bbox 1181 2282 1280 2317; x_wconf 88' lang='lat' dir='ltr'>erat.</span> <span class='ocrx_word' id='word_1_260' title='bbox 1341 2278 1400 2318; x_wconf 77' lang='lat' dir='ltr'>nil</span> <span class='ocrx_word' id='word_1_261' title='bbox 1434 2278 1499 2319; x_wconf 74' lang='lat' dir='ltr'>illi</span> <span class='ocrx_word' id='word_1_262' title='bbox 1531 2278 1666 2320; x_wconf 80' lang='lat' dir='ltr'>larua.</span> <span class='ocrx_word' id='word_1_263' title='bbox 1725 2279 1907 2335; x_wconf 88' lang='lat' dir='ltr'>Propter</span> 
     </span>
     <span class='ocr_line' id='line_1_37' title="bbox 32 2335 582 2434; baseline -0.002 -43"><span class='ocrx_word' id='word_1_264' title='bbox 32 2335 36 2434; x_wconf 55' lang='lat'>¹1</span> <span class='ocrx_word' id='word_1_265' title='bbox 76 2349 361 2405; x_wconf 84' lang='lat' dir='ltr'>prolixitatem</span> <span class='ocrx_word' id='word_1_266' title='bbox 390 2349 582 2407; x_wconf 69' lang='lat' dir='ltr'>barbae]</span> 
     </span>
    </p>
   </div>
   <div class='ocr_carea' id='block_1_11' title="bbox 39 2500 1912 3225">
    <p class='ocr_par' dir='ltr' id='par_1_19' title="bbox 77 2500 1911 2600">
     <span class='ocr_line' id='line_1_38' title="bbox 77 2500 1911 2543; baseline 0.002 -13"><span class='ocrx_word' id='word_1_267' title='bbox 77 2501 220 2540; x_wconf 74' lang='lat' dir='ltr'>capuani.</span> <span class='ocrx_word' id='word_1_268' title='bbox 246 2504 298 2531; x_wconf 71' lang='lat' dir='ltr'>aut</span> <span class='ocrx_word' id='word_1_269' title='bbox 319 2502 469 2542; x_wconf 86' lang='lat' dir='ltr'>yronicos</span> <span class='ocrx_word' id='word_1_270' title='bbox 494 2501 659 2531; x_wconf 85' lang='lat' dir='ltr'>cuiusdam</span> <span class='ocrx_word' id='word_1_271' title='bbox 684 2501 749 2531; x_wconf 86' lang='lat' dir='ltr'>osci</span> <span class='ocrx_word' id='word_1_272' title='bbox 776 2501 892 2531; x_wconf 88' lang='lat' dir='ltr'>nobilis</span> <span class='ocrx_word' id='word_1_273' title='bbox 919 2501 1004 2530; x_wconf 84' lang='lat' dir='ltr'>filius</span> <span class='ocrx_word' id='word_1_274' title='bbox 1030 2500 1115 2530; x_wconf 87' lang='lat' dir='ltr'>unde</span> <span class='ocrx_word' id='word_1_275' title='bbox 1147 2501 1277 2531; x_wconf 83' lang='lat' dir='ltr'>obsceni</span> <span class='ocrx_word' id='word_1_276' title='bbox 1312 2502 1460 2540; x_wconf 83' lang='lat' dir='ltr'>figurate.</span> <span class='ocrx_word' id='word_1_277' title='bbox 1491 2507 1527 2533; x_wconf 86' lang='lat' dir='ltr'>ut</span> <span class='ocrx_word' id='word_1_278' title='bbox 1556 2512 1597 2532; x_wconf 89' lang='lat' dir='ltr'>cr.</span> <span class='ocrx_word' id='word_1_279' title='bbox 1631 2512 1658 2543; x_wconf 79' lang='grc' dir='ltr'><strong>γ.</strong></span> <span class='ocrx_word' id='word_1_280' title='bbox 1683 2520 1727 2524; x_wconf 92' lang='grc'><strong>-</strong></span> <span class='ocrx_word' id='word_1_281' title='bbox 1753 2502 1911 2541; x_wconf 78' lang='lat' dir='ltr'>Campani</span> 
     </span>
     <span class='ocr_line' id='line_1_39' title="bbox 79 2555 1290 2600; baseline -0.001 -13"><span class='ocrx_word' id='word_1_282' title='bbox 79 2558 153 2596; x_wconf 86' lang='lat' dir='ltr'>quia</span> <span class='ocrx_word' id='word_1_283' title='bbox 177 2558 274 2589; x_wconf 85' lang='lat' dir='ltr'>Oscia</span> <span class='ocrx_word' id='word_1_284' title='bbox 299 2557 409 2597; x_wconf 78' lang='lat' dir='ltr'>camp.</span> <span class='ocrx_word' id='word_1_285' title='bbox 436 2559 479 2588; x_wconf 89' lang='lat' dir='ltr'>di.</span> <span class='ocrx_word' id='word_1_286' title='bbox 506 2563 554 2589; x_wconf 82' lang='lat' dir='ltr'>est</span> <span class='ocrx_word' id='word_1_287' title='bbox 578 2562 635 2588; x_wconf 82' lang='lat' dir='ltr'>aut</span> <span class='ocrx_word' id='word_1_288' title='bbox 658 2559 793 2588; x_wconf 76' lang='lat' dir='ltr'>ironicos</span> <span class='ocrx_word' id='word_1_289' title='bbox 820 2555 1006 2600; x_wconf 74' lang='grc' dir='ltr'>(εἰρωνικῶς</span> <span class='ocrx_word' id='word_1_290' title='bbox 1030 2557 1112 2597; x_wconf 87' lang='lat' dir='ltr'>th)</span> <span class='ocrx_word' id='word_1_291' title='bbox 1138 2557 1290 2593; x_wconf 80' lang='lat' dir='ltr'>mvath.</span> 
     </span>
    </p>

    <p class='ocr_par' dir='ltr' id='par_1_20' title="bbox 39 2614 1912 3225">
     <span class='ocr_line' id='line_1_40' title="bbox 189 2614 1908 2657; baseline 0.001 -12"><span class='ocrx_word' id='word_1_292' title='bbox 189 2616 225 2655; x_wconf 89' lang='lat'>4)</span> <span class='ocrx_word' id='word_1_293' title='bbox 251 2626 322 2646; x_wconf 75' lang='lat' dir='ltr'>nam</span> <span class='ocrx_word' id='word_1_294' title='bbox 346 2620 395 2645; x_wconf 86' lang='lat' dir='ltr'>est</span> <span class='ocrx_word' id='word_1_295' title='bbox 419 2615 466 2646; x_wconf 87' lang='lat' dir='ltr'>fh.</span> <span class='ocrx_word' id='word_1_296' title='bbox 494 2616 562 2646; x_wconf 88' lang='lat' dir='ltr'>rell.</span> <span class='ocrx_word' id='word_1_297' title='bbox 589 2619 616 2645; x_wconf 74' lang='lat' dir='ltr'>et</span> <span class='ocrx_word' id='word_1_298' title='bbox 639 2619 698 2645; x_wconf 83' lang='lat' dir='ltr'>est.</span> <span class='ocrx_word' id='word_1_299' title='bbox 725 2625 785 2645; x_wconf 90' lang='lat' dir='ltr'>om.</span> <span class='ocrx_word' id='word_1_300' title='bbox 812 2614 878 2657; x_wconf 74' lang='lat' dir='ltr'>·s‚C.</span> <span class='ocrx_word' id='word_1_301' title='bbox 930 2616 964 2654; x_wconf 83' lang='lat'>5)</span> <span class='ocrx_word' id='word_1_302' title='bbox 995 2615 1131 2645; x_wconf 79' lang='lat' dir='ltr'>Thressa</span> <span class='ocrx_word' id='word_1_303' title='bbox 1155 2616 1231 2645; x_wconf 87' lang='lat' dir='ltr'>libri</span> <span class='ocrx_word' id='word_1_304' title='bbox 1258 2625 1355 2653; x_wconf 86' lang='lat' dir='ltr'>supra</span> <span class='ocrx_word' id='word_1_305' title='bbox 1380 2615 1414 2645; x_wconf 86' lang='lat' dir='ltr'>C.</span> <span class='ocrx_word' id='word_1_306' title='bbox 1441 2615 1499 2653; x_wconf 83' lang='lat' dir='ltr'>III⁷</span> <span class='ocrx_word' id='word_1_307' title='bbox 1527 2617 1557 2654; x_wconf 79' lang='lat'>9,</span> <span class='ocrx_word' id='word_1_308' title='bbox 1584 2617 1614 2646; x_wconf 90' lang='grc'>9.</span> <span class='ocrx_word' id='word_1_309' title='bbox 1645 2617 1728 2646; x_wconf 86' lang='lat' dir='ltr'>conf.</span> <span class='ocrx_word' id='word_1_310' title='bbox 1756 2616 1845 2647; x_wconf 85' lang='lat' dir='ltr'>Seru.</span> <span class='ocrx_word' id='word_1_311' title='bbox 1871 2617 1908 2653; x_wconf 77' lang='lat' dir='ltr'>V,</span> 
     </span>
     <span class='ocr_line' id='line_1_41' title="bbox 81 2672 1909 2715; baseline 0.001 -14"><span class='ocrx_word' id='word_1_312' title='bbox 81 2672 155 2702; x_wconf 85' lang='lat'>285.</span> <span class='ocrx_word' id='word_1_313' title='bbox 180 2691 222 2693; x_wconf 97' lang='lat'><strong>—</strong></span> <span class='ocrx_word' id='word_1_314' title='bbox 248 2682 350 2711; x_wconf 85' lang='lat' dir='ltr'>genus</span> <span class='ocrx_word' id='word_1_315' title='bbox 376 2674 441 2703; x_wconf 83' lang='lat' dir='ltr'>osci</span> <span class='ocrx_word' id='word_1_316' title='bbox 465 2677 532 2703; x_wconf 75' lang='lat' dir='ltr'>sunt</span> <span class='ocrx_word' id='word_1_317' title='bbox 554 2682 580 2714; x_wconf 82' lang='grc' dir='ltr'><strong>γ.</strong></span> <span class='ocrx_word' id='word_1_318' title='bbox 619 2690 660 2693; x_wconf 86' lang='grc'><strong>-</strong></span> <span class='ocrx_word' id='word_1_319' title='bbox 699 2672 779 2702; x_wconf 87' lang='lat' dir='ltr'>Cum</span> <span class='ocrx_word' id='word_1_320' title='bbox 805 2677 912 2702; x_wconf 83' lang='lat' dir='ltr'>autem</span> <span class='ocrx_word' id='word_1_321' title='bbox 937 2682 998 2703; x_wconf 87' lang='lat' dir='ltr'>om.</span> <span class='ocrx_word' id='word_1_322' title='bbox 1024 2682 1050 2714; x_wconf 76' lang='grc' dir='ltr'><strong>γ.</strong></span> <span class='ocrx_word' id='word_1_323' title='bbox 1112 2673 1146 2712; x_wconf 87' lang='grc'>6)</span> <span class='ocrx_word' id='word_1_324' title='bbox 1172 2672 1231 2702; x_wconf 79' lang='lat' dir='ltr'>Isti</span> <span class='ocrx_word' id='word_1_325' title='bbox 1257 2683 1326 2702; x_wconf 83' lang='lat' dir='ltr'>cum</span> <span class='ocrx_word' id='word_1_326' title='bbox 1351 2682 1377 2715; x_wconf 82' lang='grc' dir='ltr'><strong>γ.</strong></span> <span class='ocrx_word' id='word_1_327' title='bbox 1404 2673 1472 2702; x_wconf 90' lang='lat' dir='ltr'>rell.</span> <span class='ocrx_word' id='word_1_328' title='bbox 1499 2683 1560 2702; x_wconf 89' lang='lat' dir='ltr'>om.</span> <span class='ocrx_word' id='word_1_329' title='bbox 1587 2672 1787 2703; x_wconf 63' lang='lat' dir='ltr'>conuictores</span> <span class='ocrx_word' id='word_1_330' title='bbox 1812 2683 1838 2714; x_wconf 81' lang='grc' dir='ltr'><strong>γ.</strong></span> <span class='ocrx_word' id='word_1_331' title='bbox 1867 2691 1909 2693; x_wconf 82' lang='lat'>—</span> 
     </span>
     <span class='ocr_line' id='line_1_42' title="bbox 81 2728 1909 2772; baseline 0.001 -14"><span class='ocrx_word' id='word_1_332' title='bbox 81 2729 186 2759; x_wconf 83' lang='lat' dir='ltr'>uerbis</span> <span class='ocrx_word' id='word_1_333' title='bbox 211 2739 245 2759; x_wconf 86' lang='lat' dir='ltr'>se</span> <span class='ocrx_word' id='word_1_334' title='bbox 270 2731 336 2759; x_wconf 90' lang='lat' dir='ltr'>inu.</span> <span class='ocrx_word' id='word_1_335' title='bbox 361 2740 388 2772; x_wconf 69' lang='grc' dir='ltr'><strong>γ.</strong></span> <span class='ocrx_word' id='word_1_336' title='bbox 414 2731 484 2760; x_wconf 89' lang='lat' dir='ltr'>rell.</span> <span class='ocrx_word' id='word_1_337' title='bbox 513 2739 545 2760; x_wconf 83' lang='lat' dir='ltr'>se</span> <span class='ocrx_word' id='word_1_338' title='bbox 572 2731 639 2759; x_wconf 88' lang='lat' dir='ltr'>inu.</span> <span class='ocrx_word' id='word_1_339' title='bbox 666 2730 786 2759; x_wconf 87' lang='lat' dir='ltr'>uerbis.</span> <span class='ocrx_word' id='word_1_340' title='bbox 849 2729 885 2768; x_wconf 85' lang='lat'>8)</span> <span class='ocrx_word' id='word_1_341' title='bbox 911 2729 981 2759; x_wconf 88' lang='lat' dir='ltr'>Hoc</span> <span class='ocrx_word' id='word_1_342' title='bbox 1006 2729 1106 2759; x_wconf 89' lang='lat' dir='ltr'>schol.</span> <span class='ocrx_word' id='word_1_343' title='bbox 1133 2733 1165 2758; x_wconf 86' lang='lat' dir='ltr'>et</span> <span class='ocrx_word' id='word_1_344' title='bbox 1191 2730 1210 2758; x_wconf 80' lang='lat'>4</span> <span class='ocrx_word' id='word_1_345' title='bbox 1244 2739 1331 2768; x_wconf 83' lang='lat' dir='ltr'>seqq.</span> <span class='ocrx_word' id='word_1_346' title='bbox 1365 2729 1525 2759; x_wconf 84' lang='lat' dir='ltr'>Sarmenti</span> <span class='ocrx_word' id='word_1_347' title='bbox 1550 2747 1593 2751; x_wconf 65' lang='lat'>—</span> <span class='ocrx_word' id='word_1_348' title='bbox 1619 2728 1816 2767; x_wconf 84' lang='lat' dir='ltr'>Campanum</span> <span class='ocrx_word' id='word_1_349' title='bbox 1848 2740 1909 2760; x_wconf 89' lang='lat' dir='ltr'>om.</span> 
     </span>
     <span class='ocr_line' id='line_1_43' title="bbox 39 2783 1909 2825; baseline 0.001 -10"><span class='ocrx_word' id='word_1_350' title='bbox 39 2783 42 2797; x_wconf 78' lang='lat'>¹</span> <span class='ocrx_word' id='word_1_351' title='bbox 83 2784 206 2823; x_wconf 85' lang='lat' dir='ltr'>G,mva.</span> <span class='ocrx_word' id='word_1_352' title='bbox 233 2787 287 2825; x_wconf 92' lang='lat' dir='ltr'>qui</span> <span class='ocrx_word' id='word_1_353' title='bbox 313 2796 420 2817; x_wconf 87' lang='lat' dir='ltr'>eorum</span> <span class='ocrx_word' id='word_1_354' title='bbox 445 2788 514 2817; x_wconf 90' lang='lat' dir='ltr'>loco</span> <span class='ocrx_word' id='word_1_355' title='bbox 538 2787 674 2817; x_wconf 84' lang='lat' dir='ltr'>habent:</span> <span class='ocrx_word' id='word_1_356' title='bbox 713 2787 760 2816; x_wconf 78' lang='lat' dir='ltr'>Ne</span> <span class='ocrx_word' id='word_1_357' title='bbox 784 2786 876 2816; x_wconf 79' lang='lat' dir='ltr'>forte.</span> <span class='ocrx_word' id='word_1_358' title='bbox 903 2787 993 2815; x_wconf 85' lang='lat' dir='ltr'>deest</span> <span class='ocrx_word' id='word_1_359' title='bbox 1017 2786 1057 2816; x_wconf 76' lang='lat' dir='ltr'>sic</span> <span class='ocrx_word' id='word_1_360' title='bbox 1080 2785 1195 2824; x_wconf 81' lang='lat' dir='ltr'>(lnva).</span> <span class='ocrx_word' id='word_1_361' title='bbox 1221 2785 1264 2815; x_wconf 72' lang='lat' dir='ltr'>Ni</span> <span class='ocrx_word' id='word_1_362' title='bbox 1287 2785 1375 2816; x_wconf 81' lang='lat' dir='ltr'>foret.</span> <span class='ocrx_word' id='word_1_363' title='bbox 1401 2787 1502 2816; x_wconf 82' lang='lat' dir='ltr'>Deest</span> <span class='ocrx_word' id='word_1_364' title='bbox 1529 2787 1573 2815; x_wconf 86' lang='lat' dir='ltr'>sic</span> <span class='ocrx_word' id='word_1_365' title='bbox 1599 2785 1635 2816; x_wconf 91' lang='lat' dir='ltr'>G.</span> <span class='ocrx_word' id='word_1_366' title='bbox 1685 2787 1720 2825; x_wconf 88' lang='grc'>9)</span> <span class='ocrx_word' id='word_1_367' title='bbox 1747 2787 1909 2816; x_wconf 82' lang='lat' dir='ltr'>decuriam</span> 
     </span>
     <span class='ocr_line' id='line_1_44' title="bbox 82 2841 1911 2884; baseline 0.001 -13"><span class='ocrx_word' id='word_1_368' title='bbox 82 2850 109 2884; x_wconf 79' lang='grc' dir='ltr'><strong>γ.</strong></span> <span class='ocrx_word' id='word_1_369' title='bbox 132 2846 227 2873; x_wconf 81' lang='lat' dir='ltr'>recte.</span> <span class='ocrx_word' id='word_1_370' title='bbox 253 2844 323 2873; x_wconf 89' lang='lat' dir='ltr'>rell.</span> <span class='ocrx_word' id='word_1_371' title='bbox 352 2844 523 2873; x_wconf 84' lang='lat' dir='ltr'>dominam.</span> <span class='ocrx_word' id='word_1_372' title='bbox 550 2861 591 2864; x_wconf 88' lang='lat'>—-</span> <span class='ocrx_word' id='word_1_373' title='bbox 618 2853 641 2872; x_wconf 88' lang='lat' dir='ltr'>s.</span> <span class='ocrx_word' id='word_1_374' title='bbox 668 2843 826 2881; x_wconf 79' lang='lat' dir='ltr'>parentib.</span> <span class='ocrx_word' id='word_1_375' title='bbox 854 2861 894 2863; x_wconf 97' lang='lat'>-—</span> <span class='ocrx_word' id='word_1_376' title='bbox 921 2843 989 2872; x_wconf 86' lang='lat' dir='ltr'>nati</span> <span class='ocrx_word' id='word_1_377' title='bbox 1014 2852 1040 2884; x_wconf 84' lang='grc' dir='ltr'><strong>γ.</strong></span> <span class='ocrx_word' id='word_1_378' title='bbox 1068 2843 1138 2871; x_wconf 86' lang='lat' dir='ltr'>rell.</span> <span class='ocrx_word' id='word_1_379' title='bbox 1157 2852 1218 2872; x_wconf 88' lang='lat' dir='ltr'>om.</span> <span class='ocrx_word' id='word_1_380' title='bbox 1284 2843 1340 2881; x_wconf 88' lang='lat'>10)</span> <span class='ocrx_word' id='word_1_381' title='bbox 1367 2841 1507 2872; x_wconf 80' lang='lat' dir='ltr'>Grandis</span> <span class='ocrx_word' id='word_1_382' title='bbox 1531 2853 1558 2884; x_wconf 79' lang='grc' dir='ltr'><strong>γ.</strong></span> <span class='ocrx_word' id='word_1_383' title='bbox 1587 2843 1656 2871; x_wconf 90' lang='lat' dir='ltr'>rell.</span> <span class='ocrx_word' id='word_1_384' title='bbox 1683 2852 1743 2874; x_wconf 86' lang='lat' dir='ltr'>om.</span> <span class='ocrx_word' id='word_1_385' title='bbox 1773 2843 1851 2872; x_wconf 81' lang='lat' dir='ltr'>Dur.</span> <span class='ocrx_word' id='word_1_386' title='bbox 1881 2848 1911 2873; x_wconf 88' lang='lat' dir='ltr'>et</span> 
     </span>
     <span class='ocr_line' id='line_1_45' title="bbox 84 2897 1911 2942; baseline 0 -13"><span class='ocrx_word' id='word_1_387' title='bbox 84 2909 130 2938; x_wconf 87' lang='lat' dir='ltr'>gr.</span> <span class='ocrx_word' id='word_1_388' title='bbox 154 2909 180 2942; x_wconf 75' lang='grc' dir='ltr'><strong>γ.</strong></span> <span class='ocrx_word' id='word_1_389' title='bbox 206 2901 275 2930; x_wconf 82' lang='lat' dir='ltr'>rell.</span> <span class='ocrx_word' id='word_1_390' title='bbox 302 2910 350 2939; x_wconf 85' lang='lat' dir='ltr'>gr.</span> <span class='ocrx_word' id='word_1_391' title='bbox 376 2905 408 2930; x_wconf 85' lang='lat' dir='ltr'>et</span> <span class='ocrx_word' id='word_1_392' title='bbox 435 2901 502 2930; x_wconf 86' lang='lat' dir='ltr'>dur.</span> <span class='ocrx_word' id='word_1_393' title='bbox 539 2918 580 2921; x_wconf 90' lang='lat'>——</span> <span class='ocrx_word' id='word_1_394' title='bbox 619 2900 750 2929; x_wconf 84' lang='lat' dir='ltr'>Lemma</span> <span class='ocrx_word' id='word_1_395' title='bbox 773 2899 905 2929; x_wconf 71' lang='lat' dir='ltr'>ridemus</span> <span class='ocrx_word' id='word_1_396' title='bbox 930 2900 1124 2937; x_wconf 75' lang='lat' dir='ltr'>interposui.</span> <span class='ocrx_word' id='word_1_397' title='bbox 1192 2897 1248 2937; x_wconf 90' lang='grc'>12)</span> <span class='ocrx_word' id='word_1_398' title='bbox 1275 2909 1300 2929; x_wconf 89' lang='lat' dir='ltr'>s.</span> <span class='ocrx_word' id='word_1_399' title='bbox 1327 2900 1402 2928; x_wconf 85' lang='lat' dir='ltr'>risit</span> <span class='ocrx_word' id='word_1_400' title='bbox 1427 2909 1452 2940; x_wconf 81' lang='grc' dir='ltr'><strong>γ.</strong></span> <span class='ocrx_word' id='word_1_401' title='bbox 1477 2900 1546 2928; x_wconf 88' lang='lat' dir='ltr'>rell.</span> <span class='ocrx_word' id='word_1_402' title='bbox 1574 2909 1636 2932; x_wconf 82' lang='grc'>0111.</span> <span class='ocrx_word' id='word_1_403' title='bbox 1674 2898 1809 2929; x_wconf 85' lang='lat' dir='ltr'>Glossae</span> <span class='ocrx_word' id='word_1_404' title='bbox 1834 2898 1911 2929; x_wconf 82' lang='lat' dir='ltr'>Scil.</span> 
     </span>
     <span class='ocr_line' id='line_1_46' title="bbox 83 2955 1910 2998; baseline -0.001 -12"><span class='ocrx_word' id='word_1_405' title='bbox 83 2955 124 2986; x_wconf 90' lang='lat' dir='ltr'>ho</span> <span class='ocrx_word' id='word_1_406' title='bbox 148 2957 235 2994; x_wconf 86' lang='lat' dir='ltr'>prob.</span> <span class='ocrx_word' id='word_1_407' title='bbox 260 2975 303 2978; x_wconf 87' lang='lat'>-—</span> <span class='ocrx_word' id='word_1_408' title='bbox 328 2958 463 2987; x_wconf 83' lang='lat' dir='ltr'>citatrix</span> <span class='ocrx_word' id='word_1_409' title='bbox 487 2967 513 2998; x_wconf 78' lang='grc' dir='ltr'><strong>γ.</strong></span> <span class='ocrx_word' id='word_1_410' title='bbox 541 2957 612 2987; x_wconf 90' lang='lat' dir='ltr'>rell.</span> <span class='ocrx_word' id='word_1_411' title='bbox 641 2967 701 2986; x_wconf 87' lang='grc'>0111.</span> <span class='ocrx_word' id='word_1_412' title='bbox 752 2957 808 2995; x_wconf 84' lang='grc'>14)</span> <span class='ocrx_word' id='word_1_413' title='bbox 834 2955 908 2994; x_wconf 79' lang='lat' dir='ltr'>quia</span> <span class='ocrx_word' id='word_1_414' title='bbox 931 2965 958 2997; x_wconf 77' lang='grc' dir='ltr'><strong>γ.</strong></span> <span class='ocrx_word' id='word_1_415' title='bbox 984 2956 1055 2985; x_wconf 84' lang='lat' dir='ltr'>rell.</span> <span class='ocrx_word' id='word_1_416' title='bbox 1089 2955 1178 2993; x_wconf 75' lang='lat' dir='ltr'>quod.</span> <span class='ocrx_word' id='word_1_417' title='bbox 1224 2956 1278 2994; x_wconf 87' lang='lat'>15)</span> <span class='ocrx_word' id='word_1_418' title='bbox 1309 2966 1325 2985; x_wconf 93' lang='lat' dir='ltr'>o</span> <span class='ocrx_word' id='word_1_419' title='bbox 1351 2957 1377 2985; x_wconf 88' lang='lat' dir='ltr'>si</span> <span class='ocrx_word' id='word_1_420' title='bbox 1401 2965 1428 2997; x_wconf 75' lang='grc' dir='ltr'><strong>γ.</strong></span> <span class='ocrx_word' id='word_1_421' title='bbox 1480 2957 1535 2995; x_wconf 88' lang='grc'>16)</span> <span class='ocrx_word' id='word_1_422' title='bbox 1560 2957 1722 2986; x_wconf 81' lang='lat' dir='ltr'>minitaris</span> <span class='ocrx_word' id='word_1_423' title='bbox 1747 2966 1764 2997; x_wconf 80' lang='grc' dir='ltr'>γ</span> <span class='ocrx_word' id='word_1_424' title='bbox 1791 2956 1910 2996; x_wconf 72' lang='lat' dir='ltr'>(Hor)</span> 
     </span>
     <span class='ocr_line' id='line_1_47' title="bbox 84 3012 1911 3054; baseline 0 -12"><span class='ocrx_word' id='word_1_425' title='bbox 84 3012 153 3043; x_wconf 84' lang='lat' dir='ltr'>rell.</span> <span class='ocrx_word' id='word_1_426' title='bbox 179 3014 388 3043; x_wconf 83' lang='lat' dir='ltr'>minitareris.</span> <span class='ocrx_word' id='word_1_427' title='bbox 454 3015 509 3052; x_wconf 83' lang='lat'>17)</span> <span class='ocrx_word' id='word_1_428' title='bbox 535 3014 629 3051; x_wconf 87' lang='lat' dir='ltr'>Prop.</span> <span class='ocrx_word' id='word_1_429' title='bbox 655 3014 711 3042; x_wconf 87' lang='lat' dir='ltr'>cic.</span> <span class='ocrx_word' id='word_1_430' title='bbox 727 3023 754 3054; x_wconf 79' lang='grc' dir='ltr'><strong>γ.</strong></span> <span class='ocrx_word' id='word_1_431' title='bbox 774 3013 842 3041; x_wconf 86' lang='lat' dir='ltr'>rell.</span> <span class='ocrx_word' id='word_1_432' title='bbox 863 3023 921 3042; x_wconf 88' lang='lat' dir='ltr'>om.</span> <span class='ocrx_word' id='word_1_433' title='bbox 949 3013 1049 3041; x_wconf 85' lang='lat' dir='ltr'>Deest</span> <span class='ocrx_word' id='word_1_434' title='bbox 1070 3013 1116 3041; x_wconf 87' lang='lat' dir='ltr'>sic</span> <span class='ocrx_word' id='word_1_435' title='bbox 1133 3022 1159 3054; x_wconf 77' lang='grc' dir='ltr'><strong>γ.</strong></span> <span class='ocrx_word' id='word_1_436' title='bbox 1228 3013 1282 3051; x_wconf 80' lang='grc'>18)</span> <span class='ocrx_word' id='word_1_437' title='bbox 1310 3012 1443 3050; x_wconf 79' lang='lat' dir='ltr'>Amput.</span> <span class='ocrx_word' id='word_1_438' title='bbox 1469 3022 1496 3054; x_wconf 81' lang='grc' dir='ltr'><strong>γ.</strong></span> <span class='ocrx_word' id='word_1_439' title='bbox 1524 3013 1593 3041; x_wconf 88' lang='lat' dir='ltr'>rell.</span> <span class='ocrx_word' id='word_1_440' title='bbox 1620 3013 1835 3042; x_wconf 79' lang='lat' dir='ltr'>Debilitntus.</span> <span class='ocrx_word' id='word_1_441' title='bbox 1869 3031 1911 3033; x_wconf 93' lang='lat'><em>-</em></span> 
     </span>
     <span class='ocr_line' id='line_1_48' title="bbox 85 3065 1911 3113; baseline 0.001 -15"><span class='ocrx_word' id='word_1_442' title='bbox 85 3069 122 3099; x_wconf 89' lang='lat' dir='ltr'>In</span> <span class='ocrx_word' id='word_1_443' title='bbox 147 3088 186 3092; x_wconf 78' lang='lat'><strong>—</strong></span> <span class='ocrx_word' id='word_1_444' title='bbox 213 3072 395 3100; x_wconf 82' lang='lat' dir='ltr'>cicatricem</span> <span class='ocrx_word' id='word_1_445' title='bbox 419 3081 446 3113; x_wconf 83' lang='grc' dir='ltr'><strong>γ.</strong></span> <span class='ocrx_word' id='word_1_446' title='bbox 472 3071 542 3100; x_wconf 89' lang='lat' dir='ltr'>rell.</span> <span class='ocrx_word' id='word_1_447' title='bbox 568 3080 628 3099; x_wconf 90' lang='grc'>0111.</span> <span class='ocrx_word' id='word_1_448' title='bbox 692 3069 750 3109; x_wconf 80' lang='grc'>23)</span> <span class='ocrx_word' id='word_1_449' title='bbox 776 3071 951 3108; x_wconf 76' lang='lat' dir='ltr'>accipimus</span> <span class='ocrx_word' id='word_1_450' title='bbox 980 3070 1055 3111; x_wconf 68' lang='lat' dir='ltr'>*s-ffi-</span> <span class='ocrx_word' id='word_1_451' title='bbox 1087 3070 1156 3098; x_wconf 86' lang='lat' dir='ltr'>rell.</span> <span class='ocrx_word' id='word_1_452' title='bbox 1190 3070 1393 3107; x_wconf 73' lang='lat' dir='ltr'>accipiamus.</span> <span class='ocrx_word' id='word_1_453' title='bbox 1425 3066 1509 3099; x_wconf 73' lang='grc' dir='ltr'>κατὰ</span> <span class='ocrx_word' id='word_1_454' title='bbox 1541 3065 1577 3099; x_wconf 77' lang='grc' dir='ltr'>τὸ</span> <span class='ocrx_word' id='word_1_455' title='bbox 1611 3065 1689 3098; x_wconf 59' lang='lat' dir='ltr'>oab-a)</span> <span class='ocrx_word' id='word_1_456' title='bbox 1718 3069 1794 3111; x_wconf 45' lang='lat' dir='ltr'>fifh.</span> <span class='ocrx_word' id='word_1_457' title='bbox 1827 3068 1911 3099; x_wconf 73' lang='grc' dir='ltr'>κατὰ</span> 
     </span>
     <span class='ocr_line' id='line_1_49' title="bbox 86 3121 1912 3167; baseline -0.001 -11"><span class='ocrx_word' id='word_1_458' title='bbox 86 3121 164 3158; x_wconf 68' lang='grc' dir='ltr'><strong>αὐτό</strong></span> <span class='ocrx_word' id='word_1_459' title='bbox 189 3126 227 3162; x_wconf 83' lang='lat' dir='ltr'>Q.</span> <span class='ocrx_word' id='word_1_460' title='bbox 253 3138 314 3157; x_wconf 88' lang='lat' dir='ltr'>om.</span> <span class='ocrx_word' id='word_1_461' title='bbox 347 3126 472 3163; x_wconf 85' lang='lat' dir='ltr'>G,mva.</span> <span class='ocrx_word' id='word_1_462' title='bbox 536 3128 593 3167; x_wconf 79' lang='lat'>24)</span> <span class='ocrx_word' id='word_1_463' title='bbox 620 3130 651 3156; x_wconf 90' lang='lat' dir='ltr'>et</span> <span class='ocrx_word' id='word_1_464' title='bbox 677 3136 737 3157; x_wconf 88' lang='lat' dir='ltr'>om.</span> <span class='ocrx_word' id='word_1_465' title='bbox 763 3136 789 3167; x_wconf 79' lang='grc' dir='ltr'><strong>γ.</strong></span> <span class='ocrx_word' id='word_1_466' title='bbox 854 3127 911 3165; x_wconf 87' lang='grc'>25)</span> <span class='ocrx_word' id='word_1_467' title='bbox 937 3127 1022 3155; x_wconf 87' lang='lat' dir='ltr'>obse.</span> <span class='ocrx_word' id='word_1_468' title='bbox 1049 3126 1151 3155; x_wconf 81' lang='lat' dir='ltr'>dictos</span> <span class='ocrx_word' id='word_1_469' title='bbox 1177 3129 1297 3163; x_wconf 85' lang='lat' dir='ltr'>putant</span> <span class='ocrx_word' id='word_1_470' title='bbox 1322 3126 1413 3163; x_wconf 82' lang='lat' dir='ltr'>quasi</span> <span class='ocrx_word' id='word_1_471' title='bbox 1439 3134 1571 3155; x_wconf 84' lang='lat' dir='ltr'>oscenos</span> <span class='ocrx_word' id='word_1_472' title='bbox 1602 3135 1629 3166; x_wconf 75' lang='grc' dir='ltr'><strong>γ.</strong></span> <span class='ocrx_word' id='word_1_473' title='bbox 1654 3125 1724 3155; x_wconf 89' lang='lat' dir='ltr'>rell.</span> <span class='ocrx_word' id='word_1_474' title='bbox 1751 3126 1836 3155; x_wconf 85' lang='lat' dir='ltr'>obse.</span> <span class='ocrx_word' id='word_1_475' title='bbox 1862 3126 1912 3155; x_wconf 89' lang='lat' dir='ltr'>di-</span> 
     </span>
     <span class='ocr_line' id='line_1_50' title="bbox 88 3180 1605 3225; baseline -0.001 -13"><span class='ocrx_word' id='word_1_476' title='bbox 88 3182 199 3213; x_wconf 86' lang='lat' dir='ltr'>cimus.</span> <span class='ocrx_word' id='word_1_477' title='bbox 225 3201 266 3204; x_wconf 77' lang='lat'>—</span> <span class='ocrx_word' id='word_1_478' title='bbox 292 3183 343 3213; x_wconf 90' lang='lat' dir='ltr'>An</span> <span class='ocrx_word' id='word_1_479' title='bbox 368 3184 439 3214; x_wconf 83' lang='lat' dir='ltr'>ideo</span> <span class='ocrx_word' id='word_1_480' title='bbox 463 3193 489 3225; x_wconf 77' lang='grc' dir='ltr'><strong>γ.</strong></span> <span class='ocrx_word' id='word_1_481' title='bbox 515 3184 585 3213; x_wconf 82' lang='lat' dir='ltr'>rell.</span> <span class='ocrx_word' id='word_1_482' title='bbox 614 3183 680 3212; x_wconf 86' lang='lat' dir='ltr'>Aut</span> <span class='ocrx_word' id='word_1_483' title='bbox 706 3192 790 3214; x_wconf 82' lang='lat' dir='ltr'>uero,</span> <span class='ocrx_word' id='word_1_484' title='bbox 842 3180 899 3221; x_wconf 83' lang='lat'>28)</span> <span class='ocrx_word' id='word_1_485' title='bbox 925 3181 1070 3221; x_wconf 87' lang='lat' dir='ltr'>Cyclopa</span> <span class='ocrx_word' id='word_1_486' title='bbox 1096 3199 1135 3202; x_wconf 91' lang='lat'>—-</span> <span class='ocrx_word' id='word_1_487' title='bbox 1162 3182 1281 3211; x_wconf 83' lang='lat' dir='ltr'>barbae</span> <span class='ocrx_word' id='word_1_488' title='bbox 1306 3191 1366 3212; x_wconf 89' lang='lat'>0111.</span> <span class='ocrx_word' id='word_1_489' title='bbox 1392 3181 1605 3223; x_wconf 64' lang='lat' dir='ltr'>⁴(G(Q),mva.</span> 
     </span>
    </p>
   </div>
   <div class='ocr_carea' id='block_1_12' title="bbox 39 2684 52 3390">
    <p class='ocr_par' dir='ltr' id='par_1_21' title="bbox 39 2684 52 3390">
     <span class='ocr_line' id='line_1_51' title="bbox 39 2684 52 3390; baseline 0 0"><span class='ocrx_word' id='word_1_490' title='bbox 39 2684 52 3390; x_wconf 95' lang='lat' dir='ltr'> </span> 
     </span>
    </p>
   </div>
   <div class='ocr_carea' id='block_1_13' title="bbox 1926 960 1966 991">
    <p class='ocr_par' dir='ltr' id='par_1_22' title="bbox 1926 960 1966 991">
     <span class='ocr_line' id='line_1_52' title="bbox 1926 960 1966 991; baseline 0 0"><span class='ocrx_word' id='word_1_491' title='bbox 1926 960 1966 991; x_wconf 87' lang='grc'>10</span> 
     </span>
    </p>
   </div>
   <div class='ocr_carea' id='block_1_14' title="bbox 1928 1697 1970 1729">
    <p class='ocr_par' dir='ltr' id='par_1_23' title="bbox 1928 1697 1970 1729">
     <span class='ocr_line' id='line_1_53' title="bbox 1928 1697 1970 1729; baseline 0 0"><span class='ocrx_word' id='word_1_492' title='bbox 1928 1697 1970 1729; x_wconf 83' lang='grc'>20</span> 
     </span>
    </p>
   </div>
   <div class='ocr_carea' id='block_1_15' title="bbox 1930 2067 1971 2097">
    <p class='ocr_par' dir='ltr' id='par_1_24' title="bbox 1930 2067 1971 2097">
     <span class='ocr_line' id='line_1_54' title="bbox 1930 2067 1971 2097; baseline 0 0"><span class='ocrx_word' id='word_1_493' title='bbox 1930 2067 1971 2097; x_wconf 89' lang='grc'>25</span> 
     </span>
    </p>
   </div>
  </div>
 </body>
</html>
