2148 3412
830 126 877 158 IN
904 127 1048 159 EPIST.
1075 127 1101 167 Ι,
1131 131 1180 159 16.
1838 118 1920 157 457

90 250 270 292 retinere
299 264 436 304 neque
467 249 577 291 ullae
608 249 815 307 diuitiae.]
847 252 863 303 Η
885 249 940 290 Et
986 265 1098 292 nunc
1142 251 1389 306 metaphora
1434 258 1494 293 est
1535 267 1559 293 a
1590 251 1751 294 Libero
1781 250 1922 293 Patre.

92 322 165 366 Sic
195 338 296 379 ergo
328 322 495 378 sapiens
526 323 636 364 ridet
664 323 800 365 minas
831 324 1014 379 tyranni,
1045 332 1089 365 ut
1119 323 1239 366 Deus
1270 324 1460 366 Penthei.

201 396 319 438 Tulit
347 397 485 438 locum
517 397 568 438 de
599 397 831 451 tragoedia.
906 397 1127 439 Inducitur
1172 399 1368 440 Pentheus
1409 399 1619 453 quendam
1664 401 1720 455 (P)
1752 399 1923 441 tradens

90 471 143 512 ad
173 485 376 526 paenam3
408 486 507 512 nam
538 486 634 512 cum
666 471 739 513 diu
769 472 1058 521 reluctaret-ur,
1105 471 1274 512 tandem
1306 472 1381 513 ait:
1416 472 1518 514 deus
1550 488 1629 524 me,
1676 489 1771 515 cum
1811 473 1921 523 uolo,

88 544 232 587 soluet.
291 543 367 585 Ait
398 552 540 599 poeta:
574 553 613 598 et
644 554 744 601 puto
775 545 865 586 hoc.
929 543 1078 594 Sentit,
1111 552 1244 586 morte
1275 560 1319 587 se
1350 559 1473 600 posse
1504 546 1690 604 liberari,
1724 547 1922 602 quoniam

88 619 273 661 omnium
305 618 394 660 sola
424 618 529 660 haec
560 626 621 660 est
650 619 745 660 finis
776 618 995 660 malorum.
1055 617 1112 658 Et
1143 634 1256 660 nunc
1286 619 1534 673 metaphora
1575 627 1636 661 est
1681 635 1705 661 a
1749 620 1921 662 Libero.

89 691 163 734 Sic
194 706 295 747 ergo
326 692 494 746 sapiens
525 692 634 734 ridet
664 692 801 734 minas
832 691 1014 747 tyranni,
1047 699 1090 733 ut
1122 692 1238 733 deus.
1299 691 1424 733 Item
1461 692 1640 734 aliter:
1689 694 1800 736 solus
1845 710 1923 736 sa—

86 766 207 822 piens
238 765 346 807 liber
367 773 438 807 est.
499 765 644 807 Refert
674 766 913 821 exemplum
944 781 995 808 ex
1016 765 1197 809 Bacchis
1219 766 1441 821 Euripidis
1464 768 1568 823 (470
1588 782 1702 823 seqq.
1720 767 1922 823 Kirchh.)

86 839 130 881 in
175 839 329 895 quibus
373 839 536 881 inducit
581 848 705 894 poeta
743 839 950 902 Liberum
989 840 1162 882 Patrem
1208 841 1417 883 dicentem
1447 840 1636 883 Pentheo
1682 842 1839 883 uictum
1876 842 1921 897 (l.

86 913 295 970 uinctum)
327 929 370 956 se
401 914 580 955 tenenti:
614 914 785 970 quidem
818 914 863 969 (l.
897 915 998 970 quid
1030 918 1124 971 est),
1158 915 1271 969 quod
1301 930 1367 956 ine
1389 915 1525 970 possis
1548 930 1699 971 cogere
1721 915 1835 971 pati?
1867 916 1920 956 ad

86 987 171 1029 ima
188 987 599 1042 (l.adimam')bonal
635 986 830 1038 Auferas,
867 988 973 1030 licet.
1035 989 1251 1030 Vinciam!
1287 988 1406 1030 Deus
1437 1004 1504 1029 mc
1536 989 1687 1030 soluet:
1720 1005 1833 1031 mors
1856 1004 1923 1031 me

86 1061 295 1103 liberabit.
368 1061 465 1103 Hoc
501 1076 599 1104 sane
636 1062 689 1103 ad
725 1062 937 1104 hominem
973 1062 1151 1104 relatum
1183 1072 1255 1114 est,
1292 1070 1431 1105 utrum
1464 1063 1637 1118 (bonum
1650 1064 1687 1118 P)
1719 1078 1818 1105 uere
1856 1078 1922 1105 sa-

86 1134 286 1191 pientem.

199 1210 263 1250 79.
296 1210 386 1251 Hoc
417 1211 554 1251 sentit:
586 1211 753 1252 moriar.
818 1209 969 1266 [Poeta
990 1211 1089 1252 scite
1111 1211 1184 1253 hoc
1206 1213 1334 1262 sentit,
1372 1218 1504 1253 morte
1527 1226 1569 1253 se
1592 1226 1714 1267 posse
1736 1211 1920 1262 liberari,

87 1283 282 1338 quoniam
312 1283 415 1324 haec
448 1283 537 1324 sola
567 1283 754 1325 omnium
786 1290 845 1325 'est
866 1283 961 1325 finis
983 1284 1222 1342 malorum]
1286 1284 1468 1340 Sapiens
1500 1285 1636 1327 sentit.
1697 1286 1841 1327 ultima
1873 1286 1920 1327 [τ’-

85 1372 160 1399 nea
190 1360 335 1398 rerum.
370 1354 600 1398 Sententia.
661 1356 899 1413 Responsio
931 1357 1011 1398 uiri
1042 1358 1244 1413 sapientis
1276 1359 1344 1400 uel
1363 1358 1440 1415 [et]
1461 1358 1644 1409 Horatii,
1677 1366 1716 1400 et
1737 1367 1798 1401 est
1819 1359 1922 1401 ordo

86 1431 277 1487 (oratio):
326 1431 405 1472 hoc
437 1431 561 1472 sentit
592 1430 725 1473 bonus
757 1431 824 1473 uir
854 1431 1014 1487 positus
1045 1432 1089 1473 in
1120 1433 1326 1488 angustia.
1402 1432 1500 1487 Ipse
1546 1432 1649 1474 deus
1680 1433 1833 1483 statim,
1878 1440 1923 1475 ut

85 1503 270 1555 uoluero,
302 1519 369 1547 me
400 1504 532 1547 soluet
562 1520 586 1546 a
617 1505 810 1547 uinculis.
873 1504 989 1558 Quid
1021 1506 1056 1548 si
1086 1505 1270 1548 moriar?
1302 1506 1421 1549 Mors
1450 1506 1546 1549 finis
1576 1521 1717 1549 rerum
1748 1514 1821 1549 est.

821 1635 1183 1680 PORPHYRION.

199 1728 257 1770 Ne
280 1728 542 1783 perconteris,
573 1727 691 1781 fund.
722 1741 844 1768 meus.
906 1726 956 1767 Id
989 1734 1067 1768 est:
1100 1741 1147 1768 ne
1177 1728 1283 1781 sorte
1307 1730 1568 1783 perconteris,
1611 1728 1679 1769 uel
1710 1743 1921 1783 προτακτι-

86 1803 167 1845 κῶς
197 1801 505 1856 pronuntiatur,
536 1807 580 1842 ut
613 1801 684 1842 sit:
722 1815 770 1841 ne
794 1806 1047 1856 perconteris
1080 1826 1131 1829 .-„
1164 1801 1363 1842 scribetur
1409 1802 1482 1841 tibi
1521 1801 1655 1855 forma
1701 1803 1922 1857 loquaciter

87 1883 122 1917 et
141 1876 242 1916 situs
262 1876 360 1930 αρτ-ι’.
422 1873 580 1918 Scribit
603 1881 743 1916 autem
767 1873 1024 1926 QVINTIO
1049 1874 1100 1915 de
1122 1873 1449 1928 aequanimitate
1471 1880 1511 1914 et
1533 1875 1812 1929 temperantia
1834 1891 1920 1926 sua,

87 1948 256 2007 qua[re]
290 1964 333 1991 se
364 1964 496 2005 paruo
528 1963 618 1990 esse
649 1955 889 1990 contentum
937 1948 1207 1998 demonstrat,
1255 1963 1451 2004 arguens,
1497 1948 1602 1990 alios
1647 1948 1922 1991 dissimulatis

85 2022 199 2065 uitiis
229 2022 366 2079 magis
399 2023 529 2064 bonos
559 2022 696 2063 uideri
725 2021 847 2072 uelle,
880 2037 1006 2077 quam
1037 2022 1140 2063 fieri.

199 2098 237 2139 3.
268 2098 425 2139 amicta.
484 2095 663 2147 Vestita‚
696 2096 903 2137 maritata.

197 2173 236 2213 4.
269 2172 497 2228 loquaciter.
559 2170 677 2212 Bene
700 2170 933 2227 loquaciter,
968 2169 1089 2225 quasi
1120 2169 1283 2212 curiose
1304 2169 1499 2212 audituro
1521 2176 1561 2211 et
1582 2170 1689 2212 scire
1721 2170 1920 2226 cupienti.

203 2351 235 2390 1)
261 2351 305 2381 Et
331 2368 371 2372 --
397 2350 534 2381 Penthei
560 2360 622 2380 om.
648 2349 710 2392 Βφ.
749 2350 791 2379 Et
816 2359 875 2379 non
899 2359 925 2390 γ.
951 2350 1106 2380 metafora
1130 2359 1155 2391 γ.
1186 2368 1219 2371 —
1251 2354 1342 2388 patre
1368 2359 1429 2379 om.
1454 2359 1481 2391 γ.
1546 2349 1579 2388 2)
1606 2349 1728 2379 tiranni
1755 2354 1790 2379 ut
1814 2347 1851 2379 ΗΞ
1879 2364 1923 2379 z

87 2407 176 2445 deuS,
202 2417 262 2438 om.
288 2408 426 2438 Penthei
444 2418 471 2450 γ.
521 2408 555 2446 3)
581 2407 671 2437 Tulit
686 2425 720 2428 ss
741 2408 820 2437 deus
844 2417 871 2449 γ.
890 2407 958 2436 rell.
976 2417 1037 2437 om.
1088 2407 1122 2446 6)
1148 2406 1198 2436 De
1215 2407 1322 2436 uerbis
1342 2407 1481 2436 Etmmc
1496 2424 1534 2426 ---
1552 2406 1622 2435 cleas
1639 2406 1713 2435 uide
1732 2416 1837 2444 supra.
1887 2406 1921 2444 7)

86 2465 169 2495 Item
184 2465 281 2495 aliter
305 2474 332 2508 γ.
351 2465 420 2495 rell.
440 2475 500 2495 om.
527 2465 613 2494 solus
633 2483 666 2485 —-
684 2465 860 2503 sapientem
885 2474 912 2506 γ.
933 2465 1002 2494 rell.
1021 2474 1081 2494 om.
1108 2465 1146 2494 cf.
1174 2463 1216 2494 C:
1245 2464 1399 2494 ‘Penthea
1426 2464 1570 2494 ostendit
1596 2464 1679 2502 quod
1698 2464 1785 2493 solus
1803 2473 1869 2503 sap.
1887 2464 1923 2493 li.

87 2525 148 2559 est,
173 2522 321 2560 exemplo
346 2521 494 2552 fabuloso
520 2525 625 2551 sumto
651 2530 693 2550 ex
719 2521 777 2550 Ba.
804 2521 882 2550 Eur.
902 2539 942 2542 *j
962 2522 1107 2551 uinctum
1125 2530 1157 2550 se
1174 2524 1242 2551 ten.
1260 2521 1333 2560 quid
1358 2525 1407 2550 est
1433 2520 1570 2559 (quidem
1593 2530 1620 2561 γ,
1647 2524 1751 2549 ortum
1778 2529 1819 2549 ex
1845 2520 1923 2558 quid

87 2578 119 2617 δ)
145 2579 286 2608 adimam
311 2578 366 2617 (ad
393 2579 455 2609 ima
481 2580 512 2620 γ’)
538 2579 626 2615 lieet,
653 2583 678 2608 te
703 2579 843 2608 uinciam
868 2582 963 2608 tamen
979 2597 1017 2599 —-
1034 2588 1119 2608 mors
1152 2577 1327 2608 liberabit.⁷
1396 2578 1450 2616 11)
1479 2587 1528 2607 me
1552 2587 1578 2619 γ.
1605 2577 1725 2607 Hoc—
1746 2578 1922 2615 sapientem

86 2644 113 2677 γ.
138 2636 207 2665 rell.
235 2645 293 2665 om.
333 2634 357 2665 C
384 2636 506 2674 purgit:
546 2637 613 2674 ‘per
636 2635 798 2666 Bacchum
826 2636 976 2674 intellige
1001 2637 1105 2665 uirum
1131 2637 1250 2666 bonum
1277 2640 1307 2665 et
1335 2636 1525 2673 sapientem,
1563 2643 1657 2672 quem
1689 2643 1791 2672 neque
1817 2643 1923 2664 carcer

86 2701 145 2722 nee
169 2696 274 2722 metus
291 2693 416 2729 mortis,
442 2702 500 2722 nec
526 2693 593 2722 ulla
617 2693 679 2730 uis⁷
706 2702 765 2722 nee
791 2693 928 2722 diuitiae
952 2698 1091 2731 possunt
1117 2694 1242 2723 efficere
1261 2702 1401 2729 seruum,
1429 2692 1524 2722 etsie
1543 2691 1629 2720 ridet
1646 2691 1747 2720 minas
1767 2691 1921 2730 ty1·anni.'

91 2747 146 2789 13)
171 2749 272 2779 Poeta
289 2767 330 2770 -
347 2750 501 2778 malorum
527 2759 587 2779 om.
613 2748 737 2792 TBQC.
806 2749 859 2787 14)
887 2758 953 2787 sap.
980 2751 1080 2780 sentit
1106 2760 1132 2791 γ.
1158 2750 1227 2780 rell.
1253 2759 1313 2779 om.
1342 2748 1384 2779 C:
1413 2760 1436 2779 s.
1463 2750 1566 2779 bonus
1590 2748 1649 2777 uir.
1701 2747 1756 2786 16)
1784 2746 1923 2778 Senten-

87 2806 135 2835 tia
158 2815 184 2848 γ.
211 2806 281 2835 rell.
308 2816 368 2836 om.
394 2806 572 2844 Responsio
598 2823 638 2826 —·
666 2810 714 2836 est
739 2806 822 2849 γΒφ.
850 2806 919 2836 rell.
939 2816 1000 2837 om.
1026 2825 1063 2827 —
1094 2807 1148 2836 uel
1172 2807 1234 2849 Βφ.
1262 2811 1294 2837 et
1319 2816 1344 2847 γ.
1371 2807 1447 2836 ordo
1474 2806 1536 2848 Βφ.
1563 2805 1664 2835 oratio
1690 2813 1717 2846 γ.

199 2862 355 2893 PORPH.
405 2863 522 2893 Nullae
547 2863 710 2901 inseriptt.
1026 2852 1029 2855 ,

200 2920 259 2958 21)
284 2924 428 2958 percont.
447 2920 491 2949 M.
516 2924 672 2958 perennet.
699 2919 725 2948 R
750 2920 783 2964 in
809 2919 883 2949 lem.
910 2924 1043 2958 percont.
1069 2920 1120 2950 bis
1147 2920 1180 2950 in
1206 2920 1336 2949 scholio.
1388 2919 1444 2957 22)
1472 2919 1556 2948 fama
1574 2919 1617 2948 M.
1644 2917 1714 2948 rell.
1744 2918 1856 2948 forma.
1883 2919 1923 2948 de

89 2975 276 3007 confusione
301 2977 413 3007 horum
439 2977 609 3006 uerborum
634 2976 710 3006 uide
735 2976 820 3005 infra
845 2987 875 3006 u.
895 2977 935 3006 45
954 2976 1026 3007 Aer.
1078 2978 1135 3016 23)
1161 2986 1198 3006 ac
1222 2981 1318 3014 temp.
1336 2976 1467 3013 R‚vafh.
1495 2980 1521 3005 et
1536 2976 1636 3005 MA2.
1664 2984 1722 3005 sua
1747 2986 1807 3006 om.
1833 2977 1920 3006 vaih.

91 3033 146 3073 24)
173 3042 267 3073 quare
292 3033 367 3072 (om.
395 3031 443 3075 se)
469 3043 518 3072 pa.
547 3043 617 3064 esse
643 3037 726 3064 cont.
752 3033 834 3063 dem.
852 3033 894 3063 M.
918 3043 1012 3073 quare
1036 3044 1086 3073 pa.
1113 3037 1199 3064 cont.
1227 3042 1295 3063 esse
1320 3033 1401 3063 dem.
1420 3032 1455 3062 R.
1482 3042 1579 3071 quare
1602 3042 1633 3062 se
1657 3042 1707 3071 pa.
1734 3042 1760 3063 e.
1787 3044 1812 3063 c.
1839 3034 1922 3063 dem.

87 3091 176 3121 vafh.
204 3101 267 3130 qua
282 3100 317 3121 re
333 3101 384 3130 pa.
403 3101 436 3121 se
455 3101 480 3121 e.
498 3101 524 3121 c.
543 3092 625 3121 dem.
643 3090 681 3126 Q.
708 3089 919 3121 Scribendum
945 3095 994 3122 est
1019 3102 1078 3131 qua
1101 3101 1132 3121 se
1157 3099 1208 3130 pa.
1237 3099 1262 3119 e.
1289 3093 1373 3120 cont.
1399 3090 1612 3120 demonstrat.
1636 3099 1671 3120 re
1695 3093 1728 3120 et
1744 3099 1775 3120 se
1792 3095 1922 3129 propter

89 3147 151 3177 litt.
185 3148 436 3178 similitudinem
473 3157 568 3187 saepe
605 3147 856 3179 confunduntur.
921 3148 978 3187 26)
1005 3149 1091 3178 idem
1117 3147 1218 3178 schol.
1246 3156 1295 3186 ap.
1322 3146 1395 3177 Aer.
1460 3147 1517 3187 27)
1545 3148 1672 3177 auditur
1696 3151 1723 3178 et.
1745 3146 1823 3177 scire
1848 3147 1919 3177 MR.

1950 926 1988 957 10

1950 1296 1989 1326 15

1948 1666 1990 1697 20
