2148 3412
788 133 836 164 [N
863 134 999 165 snam.
1027 134 1052 172 1,
1079 139 1109 165 2.
1811 127 1861 166 31

153 254 217 294 58.
249 254 313 295 59.
345 255 461 295 tende.
535 254 602 295 Ex
633 269 715 309 quo
746 270 887 297 amore
918 255 1118 297 maiorem
1149 257 1305 312 pateris
1343 258 1559 300 infamiam
1602 274 1727 314 quam
1766 275 1864 314 pro-

37 326 266 375 fusionem3
299 342 395 367 nam
427 326 485 367 uti
518 328 808 370 meretricibus
840 329 1096 379 conceditur,
1128 344 1209 371 non
1243 346 1394 371 amare.

149 400 256 441 unde
290 402 411 441 Fama
444 402 536 441 mal.
567 416 685 455 φατι.
717 416 835 457 quam
866 417 926 443 res
959 403 1090 443 (ralafe't.
1152 404 1275 444 Fama
1309 404 1333 444 i.
1367 418 1400 445 e.
1433 404 1576 459 opinio
1608 412 1690 446 tua.
1756 406 1865 447 l'mle

35 474 149 527 sama
179 474 330 514 malum
361 474 494 520 trahit,
526 474 637 528 quod
668 475 839 529 grauius
871 482 930 516 est
963 490 1088 529 quam
1120 476 1179 516 rei
1209 477 1441 519 familiaris.
1503 483 1567 519 An
1598 480 1671 519 tibi
1697 479 1866 520 abunde.

38 544 227 600 Zeugma
258 545 310 586 ab
342 545 531 587 inferiori
563 549 717 588 euitare
748 547 772 588 i.
806 562 840 588 e.
879 563 961 589 non
1000 548 1076 590 tibi
1118 549 1268 590 sufficit
1306 550 1463 591 euitare
1500 565 1738 605 personam,
1784 551 1865 593 nisi

36 618 141 660 illud
171 618 383 669 uitaueris,
431 619 542 673 quod
574 618 728 674 ubique
760 620 899 667 obest,·
944 636 1028 663 non
1065 622 1177 662 enim
1215 623 1502 665 tantummodo
1541 623 1658 666 obest
1693 624 1783 675 tibi,
1830 625 1865 667 si

37 706 151 733 amas
182 698 430 742 matronam,
464 693 536 733 sed
558 692 697 743 etiam,
731 694 765 734 si
796 709 912 736 amas
943 695 1218 736 meretricem.

150 766 214 806 61.
248 766 390 807 bonam
423 766 507 821 dep.
537 767 702 820 samam.
763 766 820 807 Et
850 767 893 808 in
924 775 1114 809 matrona
1146 775 1186 809 et
1216 768 1259 809 in
1290 768 1486 810 libertina
1508 778 1546 811 et
1568 771 1610 811 in
1633 771 1863 813 meretrice.

34 837 131 880 Hoc
162 852 212 879 ex
242 853 422 893 persona
454 854 528 880 sua
559 839 661 881 dicit
692 839 895 882 Horatius
926 841 1116 896 intellegi
1148 841 1294 883 uolens
1316 857 1366 883 ex
1388 843 1518 884 nimio
1540 843 1764 886 mimarum
1795 853 1864 886 aut

35 912 300 954 meretricum
332 926 473 953 amore
511 912 653 953 uexari
699 913 868 967 quidem
913 928 1097 965 censum,
1145 915 1216 956 sed
1263 916 1390 957 multo
1436 917 1636 971 grauiora
1681 918 1866 973 dampna

41 984 178 1026 famae
208 984 420 1026 accedere.

150 1059 214 1098 62.
246 1059 447 1100 oblimare.
507 1057 725 1109 Deterere,
758 1074 1016 1111 consumere,
1048 1069 1225 1103 tractum
1256 1078 1280 1103 a
1311 1062 1423 1113 lima,
1457 1078 1539 1118 qua
1554 1063 1664 1105 fabri
1681 1071 1864 1115 utuntur,

36 1139 107 1173 aut
152 1138 263 1173 certe
300 1146 324 1172 a
368 1131 481 1181 limo,
527 1141 571 1173 ut
615 1132 668 1174 sit
711 1132 934 1183 obducere,
980 1141 1024 1175 ut
1068 1135 1246 1177 dicimus
1292 1136 1497 1190 quaedam
1542 1137 1642 1179 limo
1683 1137 1866 1180 obducta

38 1204 224 1260 periisse.

148 1278 245 1332 quid
274 1279 434 1319 interest
462 1280 502 1318 in
533 1287 732 1328 matrona,
772 1280 932 1327 aneilla,
971 1295 1084 1336 pecc.
1125 1290 1270 1336 toqala.
1331 1281 1469 1338 Negat
1507 1284 1708 1326 interesse
1747 1285 1865 1338 quic-

35 1365 174 1405 quam,
206 1357 343 1391 utrum
376 1351 469 1405 quis
500 1351 543 1391 in
574 1358 766 1393 matrona
798 1368 851 1393 an
883 1353 925 1393 in
957 1353 1111 1394 ancilla
1133 1369 1186 1394 an
1208 1354 1333 1394 etiam
1356 1354 1399 1394 in
1421 1355 1612 1397 adultera
1634 1357 1864 1411 delinquat,

36 1432 199 1465 secutus
230 1424 472 1479 opinionem
505 1423 756 1475 Stoicorum,
790 1426 860 1480 qui
892 1426 1033 1467 omnia
1064 1434 1236 1480 peccata
1268 1427 1388 1481 paria
1420 1442 1509 1469 esse
1531 1428 1697 1478 dicunt3
1730 1445 1866 1485 neque

35 1497 146 1538 enim
178 1497 238 1538 rei
270 1497 478 1538 admissae
511 1498 785 1552 quantitatem
818 1499 890 1540 sed
926 1499 1184 1540 admittentis
1220 1500 1474 1541 uoluntatem
1512 1511 1713 1557 spectant.
1769 1520 1865 1559 pec-

36 1584 147 1612 cesne
181 1578 330 1625 τομίας
363 1569 599 1620 Matronae,
633 1586 738 1626 quae
761 1571 813 1613 ob
836 1572 1086 1614 adulterium
1109 1588 1132 1613 a
1153 1573 1315 1614 maritis
1346 1575 1690 1629 repudiabantur,
1723 1584 1866 1633 togam

35 1643 299 1698 accipiebant
332 1643 496 1684 sublata
526 1644 630 1685 stola
662 1652 834 1700 propter
865 1645 1162 1700 ignominiam3
1196 1655 1295 1702 toga
1331 1654 1463 1687 autem
1506 1649 1716 1690 meretrici
1754 1658 1864 1704 apta.

34 1715 100 1758 Ita
131 1716 242 1757 enim
273 1724 462 1771 prostare
493 1717 683 1758 solebant
715 1733 809 1759 cum
842 1719 951 1775 togis
983 1719 1122 1774 pullis,
1154 1727 1197 1760 ut
1228 1720 1567 1762 discernerentur
1598 1737 1621 1762 a
1642 1723 1864 1772 matronis3

36 1797 76 1831 et.
104 1789 199 1831 ideo
230 1804 336 1844 quae
367 1790 562 1831 adulterii
593 1792 816 1833 damnatae
838 1793 1014 1842 fuerant,
1047 1793 1125 1833 hac
1147 1801 1262 1835 ueste
1283 1794 1518 1835 utebantur.
1579 1794 1775 1838 Aliter:
1807 1806 1865 1839 to-

34 1871 152 1919 yatae
183 1862 429 1904 dicebantur
466 1863 509 1904 in
548 1864 764 1919 publicum
801 1865 1030 1920 procedere
1067 1866 1247 1907 feminae
1286 1867 1480 1908 adulterii
1517 1869 1687 1910 admissi
1728 1885 1864 1911 causa.

36 1936 147 1977 Alii
179 1945 353 1991 toqatam
383 1936 526 1978 dicunt
557 1937 810 1988 libertinam,
844 1939 942 1992 quia
974 1945 1095 1980 antea
1126 1939 1347 1980 libertinae
1370 1946 1469 1996 toga
1489 1941 1727 1992 utebantur,
1760 1943 1864 1984 stola

36 2025 137 2052 uero
166 2016 394 2051 matronae.

151 2084 329 2124 64—66.
368 2084 507 2125 Villius
538 2085 581 2124 ‘in
614 2085 655 2124 F.
716 2083 801 2125 Pro
833 2100 894 2134 eo,
927 2085 1038 2139 quod
1071 2092 1131 2126 est
1162 2085 1205 2126 in
1235 2087 1502 2129 matrimonio
1524 2087 1718 2129 Faustae.
1778 2088 1866 2129 No-

37 2157 152 2197 mina
182 2171 348 2211 semper
378 2157 537 2197 incerta
568 2172 645 2212 pro
678 2158 813 2198 certis.
874 2157 984 2199 Nam
1015 2158 1173 2200 Fausta
1206 2158 1350 2214 Syllae
1380 2160 1466 2200 filia
1497 2160 1593 2201 Tito
1615 2160 1758 2203 Annio
1779 2161 1866 2202 Mi-

36 2229 124 2272 loni
153 2238 284 2285 nupta
313 2229 403 2280 fuit,
444 2236 487 2270 ut
519 2245 646 2285 supra
685 2231 872 2286 exposui.
933 2231 1053 2273 Alibi
1091 2230 1161 2286 (C.
1194 2232 1251 2282 Π,
1286 2234 1350 2282 12,
1386 2234 1476 2287 13):
1524 2249 1583 2275 me
1622 2235 1748 2275 dulcis
1786 2236 1866 2276 αό-

20 2304 165 2345 -minae
194 2318 308 2344 musa
335 2303 561 2359 Licymniae
590 2318 667 2357 pro
683 2303 906 2345 Terentiae
938 2313 978 2346 et
1009 2303 1073 2360 (S.
1097 2305 1131 2355 Ι,
1156 2308 1193 2355 2,
1218 2307 1310 2359 25);
1349 2306 1579 2348 Machmas
1611 2309 1757 2349 tunicis
1788 2309 1865 2348 de—

39 2378 167 2418 missis
199 2377 388 2424 ambulat,
420 2391 496 2431 pro
527 2376 766 2418 Maecenas.
839 2377 896 2418 Et
925 2378 1013 2419 hic:
1060 2378 1214 2420 Villius
1244 2379 1287 2419 in
1318 2378 1487 2429 Fausta,
1537 2379 1580 2435 [i.
1614 2379 1667 2435 e.]
1701 2379 1868 2422 Annius

39 2449 82 2490 in
112 2449 282 2491 Fausta.
342 2450 505 2492 Eodem
537 2465 710 2492 numero
740 2451 996 2506 syllabarum
1029 2452 1394 2493 commutationem
1427 2452 1642 2493 nominum
1673 2453 1784 2495 facit.

154 2617 189 2655 2)
215 2618 264 2646 uti
291 2626 364 2646 mer.
391 2626 417 2658 γ.
446 2617 513 2646 rell.
539 2625 614 2646 mer.
641 2618 699 2646 uti.
763 2618 797 2655 3)
813 2617 919 2656 Ls'ama.
946 2618 1054 2656 opinio
1080 2622 1144 2647 tua.
1171 2619 1214 2656 gl.
1243 2619 1341 2648 etiam
1368 2619 1398 2647 in
1424 2627 1449 2658 γ.
1515 2619 1549 2656 5)
1577 2620 1691 2649 Zeuma
1714 2619 1817 2649 uitare
1841 2631 1868 2661 γ.

41 2673 100 2703 tibi
126 2672 196 2703 suff.
223 2674 282 2702 uit.
308 2682 335 2715 γ.
362 2673 429 2702 rell.
457 2672 528 2703 suff.
556 2674 615 2703 tibi
642 2674 718 2702 enit.
783 2676 816 2712 7)
843 2684 927 2703 amas
952 2683 1027 2704 mer.
1052 2684 1079 2717 γ.
1107 2675 1174 2704 rell.
1201 2685 1260 2705 om.
1287 2684 1386 2704 amas.
1436 2675 1470 2716 8)
1564 2679 1594 2704 et
1620 2676 1653 2705 in
1680 2685 1750 2704 mer.
1779 2682 1808 2705 et
1836 2677 1868 2706 in

41 2728 90 2758 lib.
116 2739 141 2770 γ.
191 2730 225 2768 9)
250 2738 384 2767 persona
411 2739 467 2758 sua
492 2739 519 2770 γ.
547 2730 617 2758 rell.
645 2739 701 2758 sua
720 2739 802 2768 pers.
855 2730 910 2769 10)
938 2731 1070 2769 dampna
1095 2740 1120 2772 γ,
1174 2732 1228 2769 19)
1256 2732 1294 2761 ob
1320 2731 1420 2760 adult.
1448 2741 1465 2759 a
1491 2740 1566 2760 mar.
1592 2740 1618 2772 γ.
1647 2731 1717 2761 rell.
1745 2742 1763 2760 a
1788 2742 1866 2764 mar.

43 2787 81 2815 ob
106 2786 208 2816 adult.
229 2785 272 2815 C:
299 2796 317 2815 a
334 2796 411 2816 mar.
437 2796 502 2824 rep.
526 2791 651 2825 propter
676 2787 776 2816 adult.
827 2787 883 2826 21)
911 2788 967 2817 sol.
995 2791 1094 2825 prost.
1121 2798 1192 2817 cum
1217 2788 1298 2817 stolis
1318 2788 1413 2826 pullis
1441 2788 1525 2825 togis
1551 2792 1587 2816 ut
1612 2788 1829 2818 discernerent
1852 2798 1871 2817 a

42 2846 120 2872 mat.
145 2851 171 2883 γ.
198 2843 267 2872 rell.
294 2847 393 2881 prost.
420 2844 477 2873 sol.
542 2843 600 2881 22)
629 2853 706 2881 quae
737 2853 764 2885 γ.
792 2844 863 2873 rell.
897 2844 962 2882 qui.
990 2844 1158 2882 Suringar.
1184 2844 1240 2880 ΙΙΙ,
1270 2845 1309 2873 52
1336 2845 1398 2882 leg.
1427 2843 1509 2882 quia.
1560 2845 1615 2882 24)
1642 2848 1749 2882 togam
1775 2854 1800 2886 γ.

43 2900 125 2928 stola
149 2908 225 2929 uero
250 2904 413 2929 matronae
437 2909 463 2941 γ.
490 2901 557 2929 rell.
573 2909 633 2929 om.
685 2900 741 2938 26)
767 2901 909 2930 Nomina
933 2910 995 2930 om.
1014 2899 1060 2929 fh.
1087 2901 1230 2930 Nomine.
1251 2910 1267 2929 a
1288 2900 1408 2939 (Hor.)
1460 2900 1517 2938 27)
1545 2899 1647 2938 Syllae
1672 2910 1754 2930 omn.
1782 2902 1867 2931 libri.

42 2955 213 2985 Pauciores
238 2957 329 2985 codd.
354 2957 443 2993 Hor.,
482 2958 565 2986 inter
591 2966 670 2994 quos
696 2957 741 2986 K:
780 2958 813 2986 in
837 2958 958 2986 faustas
990 2958 1078 2993 ullae,
1117 2959 1239 2987 habent
1271 2957 1386 2993 Sullae,
1425 2958 1508 2994 quod
1539 2958 1605 2986 uidi
1638 2958 1671 2986 in
1702 2962 1766 2987 uet.
1800 2959 1868 2987 cod.

43 3011 134 3041 Liuii.
160 3012 305 3042 Puteano
331 3022 412 3042 saec.
446 3013 504 3043 VII
531 3014 674 3043 Parisiis.
700 3013 781 3043 conf.
808 3013 890 3052 Ang.
918 3014 982 3043 Mai
1010 3015 1041 3043 in
1069 3014 1135 3044 Cic.
1164 3014 1218 3043 Or.
1245 3024 1300 3052 pro
1327 3017 1363 3048 Q.
1398 3014 1482 3052 Sylla
1513 3014 1570 3049 ΙΙΙ,
1599 3014 1615 3042 2
1643 3014 1763 3051 p.125.
1813 3015 1869 3053 28)

46 3068 192 3106 exposuit
216 3068 260 3098 fh.
322 3070 378 3106 29)
405 3070 564 3109 licynniae
589 3079 614 3110 γ.
642 3070 772 3099 Licinae
798 3080 846 3099 va.
881 3070 1020 3099 Liciniae
1053 3071 1097 3100 fh.
1126 3089 1164 3090 W
1192 3070 1373 3099 Malchinus
1399 3079 1457 3110 'lfa‘
1485 3070 1553 3099 rell.
1580 3069 1687 3098 Malth.
1753 3071 1810 3108 30)
1838 3071 1868 3098 id

47 3129 95 3154 est.
120 3135 179 3154 om.
206 3134 232 3167 γ.
282 3126 340 3165 31)
366 3125 446 3156 facit
470 3136 497 3169 γ.
525 3126 593 3156 rell.
620 3125 705 3156 fecit.

1895 924 1931 955 10

1893 1292 1931 1323 15

1894 2391 1934 2421 30
