<?xml version="1.0" encoding="UTF-8"?>
<!DOCTYPE html PUBLIC "-//W3C//DTD XHTML 1.0 Transitional//EN"
    "http://www.w3.org/TR/xhtml1/DTD/xhtml1-transitional.dtd">
<html xmlns="http://www.w3.org/1999/xhtml" xml:lang="en" lang="en">
 <head>
  <title>
</title>
<meta http-equiv="Content-Type" content="text/html;charset=utf-8" />
  <meta name='ocr-system' content='tesseract 3.04.00' />
  <meta name='ocr-capabilities' content='ocr_page ocr_carea ocr_par ocr_line ocrx_word'/>
</head>
<body>
  <div class='ocr_page' id='page_1' title='image "acronisetporphyr02pseuuoft_0600.png"; bbox 0 0 2148 3412; ppageno 0'>
   <div class='ocr_carea' id='block_1_1' title="bbox 224 917 263 947">
    <p class='ocr_par' dir='ltr' id='par_1_1' title="bbox 224 917 263 947">
     <span class='ocr_line' id='line_1_1' title="bbox 224 917 263 947; baseline 0 0"><span class='ocrx_word' id='word_1_1' title='bbox 224 917 263 947; x_wconf 88' lang='lat'>10</span> 
     </span>
    </p>
   </div>
   <div class='ocr_carea' id='block_1_2' title="bbox 222 1287 259 1317">
    <p class='ocr_par' dir='ltr' id='par_1_2' title="bbox 222 1287 259 1317">
     <span class='ocr_line' id='line_1_2' title="bbox 222 1287 259 1317; baseline 0 0"><span class='ocrx_word' id='word_1_2' title='bbox 222 1287 259 1317; x_wconf 79' lang='lat'>15</span> 
     </span>
    </p>
   </div>
   <div class='ocr_carea' id='block_1_3' title="bbox 219 1643 2114 1701">
    <p class='ocr_par' dir='ltr' id='par_1_3' title="bbox 219 1643 2114 1701">
     <span class='ocr_line' id='line_1_3' title="bbox 219 1643 2114 1701; baseline 0 -15"><span class='ocrx_word' id='word_1_3' title='bbox 219 1664 225 1672; x_wconf 83' lang='lat'><strong>·</strong></span> <span class='ocrx_word' id='word_1_4' title='bbox 285 1651 523 1699; x_wconf 88' lang='lat' dir='ltr'>coeperunt.</span> <span class='ocrx_word' id='word_1_5' title='bbox 584 1643 686 1685; x_wconf 91' lang='lat' dir='ltr'>Ideo</span> <span class='ocrx_word' id='word_1_6' title='bbox 717 1643 821 1684; x_wconf 82' lang='lat' dir='ltr'>dixit</span> <span class='ocrx_word' id='word_1_7' title='bbox 845 1644 901 1698; x_wconf 84' lang='lat' dir='ltr'>(u.</span> <span class='ocrx_word' id='word_1_8' title='bbox 920 1644 1014 1699; x_wconf 75' lang='lat'>95&gt;:</span> <span class='ocrx_word' id='word_1_9' title='bbox 1038 1645 1090 1685; x_wconf 82' lang='lat' dir='ltr'>Et</span> <span class='ocrx_word' id='word_1_10' title='bbox 1121 1646 1300 1699; x_wconf 70' lang='lat' dir='ltr'>trayz&#39;cus</span> <span class='ocrx_word' id='word_1_11' title='bbox 1319 1644 1550 1700; x_wconf 77' lang='lat' dir='ltr'>plerumque</span> <span class='ocrx_word' id='word_1_12' title='bbox 1573 1644 1678 1686; x_wconf 82' lang='lat' dir='ltr'>dolet</span> <span class='ocrx_word' id='word_1_13' title='bbox 1697 1658 1876 1686; x_wconf 80' lang='lat' dir='ltr'><em>sermone</em></span> <span class='ocrx_word' id='word_1_14' title='bbox 1906 1644 2114 1701; x_wconf 67' lang='lat' dir='ltr'>pedestri]</span> 
     </span>
    </p>
   </div>
   <div class='ocr_carea' id='block_1_4' title="bbox 244 2013 1078 2072">
    <p class='ocr_par' dir='ltr' id='par_1_4' title="bbox 244 2013 1078 2072">
     <span class='ocr_line' id='line_1_4' title="bbox 244 2013 1078 2072; baseline -0.001 -15"><span class='ocrx_word' id='word_1_15' title='bbox 244 2031 255 2038; x_wconf 80' lang='lat'><em>⁷</em></span> <span class='ocrx_word' id='word_1_16' title='bbox 285 2016 364 2066; x_wconf 74' lang='lat' dir='ltr'>sul,</span> <span class='ocrx_word' id='word_1_17' title='bbox 396 2014 537 2059; x_wconf 87' lang='lat' dir='ltr'>tristis.</span> <span class='ocrx_word' id='word_1_18' title='bbox 598 2023 774 2072; x_wconf 73' lang='lat' dir='ltr'>uterque.</span> <span class='ocrx_word' id='word_1_19' title='bbox 806 2013 979 2058; x_wconf 80' lang='lat' dir='ltr'>Scilicet</span> <span class='ocrx_word' id='word_1_20' title='bbox 1011 2023 1078 2056; x_wconf 78' lang='lat' dir='ltr'>est.</span> 
     </span>
    </p>
   </div>
   <div class='ocr_carea' id='block_1_5' title="bbox 289 104 1479 148">
    <p class='ocr_par' dir='ltr' id='par_1_5' title="bbox 289 104 1479 148">
     <span class='ocr_line' id='line_1_5' title="bbox 289 104 1479 148; baseline 0.002 -3"><span class='ocrx_word' id='word_1_21' title='bbox 289 104 370 145; x_wconf 74' lang='lat'>592</span> <span class='ocrx_word' id='word_1_22' title='bbox 920 113 1025 146; x_wconf 58' lang='lat' dir='ltr'>Acii.</span> <span class='ocrx_word' id='word_1_23' title='bbox 1052 114 1112 146; x_wconf 80' lang='lat' dir='ltr'>ET</span> <span class='ocrx_word' id='word_1_24' title='bbox 1136 114 1304 147; x_wconf 65' lang='lat' dir='ltr'>roam.</span> <span class='ocrx_word' id='word_1_25' title='bbox 1330 114 1479 148; x_wconf 81' lang='lat' dir='ltr'>coMM.</span> 
     </span>
    </p>
   </div>
   <div class='ocr_carea' id='block_1_6' title="bbox 286 238 2148 812">
    <p class='ocr_par' dir='ltr' id='par_1_6' title="bbox 287 238 2148 448">
     <span class='ocr_line' id='line_1_6' title="bbox 403 238 2116 294; baseline 0.002 -16"><span class='ocrx_word' id='word_1_26' title='bbox 403 239 466 279; x_wconf 78' lang='grc'>92.</span> <span class='ocrx_word' id='word_1_27' title='bbox 499 238 672 293; x_wconf 57' lang='lat' dir='ltr'>Sinqula</span> <span class='ocrx_word' id='word_1_28' title='bbox 705 252 880 293; x_wconf 76' lang='lat' dir='ltr'>quaeque</span> <span class='ocrx_word' id='word_1_29' title='bbox 910 238 983 280; x_wconf 81' lang='lat' dir='ltr'>loe.</span> <span class='ocrx_word' id='word_1_30' title='bbox 1015 245 1089 279; x_wconf 71' lang='lat' dir='ltr'>len.</span> <span class='ocrx_word' id='word_1_31' title='bbox 1121 246 1215 280; x_wconf 79' lang='lat' dir='ltr'>sort.</span> <span class='ocrx_word' id='word_1_32' title='bbox 1240 240 1321 281; x_wconf 76' lang='lat' dir='ltr'>(lec.</span> <span class='ocrx_word' id='word_1_33' title='bbox 1380 238 1676 294; x_wconf 82' lang='lat' dir='ltr'>Unaquaeque</span> <span class='ocrx_word' id='word_1_34' title='bbox 1707 254 1773 282; x_wconf 89' lang='lat' dir='ltr'>res</span> <span class='ocrx_word' id='word_1_35' title='bbox 1803 239 2013 294; x_wconf 89' lang='lat' dir='ltr'>quomodo</span> <span class='ocrx_word' id='word_1_36' title='bbox 2041 240 2116 282; x_wconf 91' lang='lat' dir='ltr'>de-</span> 
     </span>
     <span class='ocr_line' id='line_1_7' title="bbox 289 310 2148 369; baseline 0.002 -17"><span class='ocrx_word' id='word_1_37' title='bbox 289 318 429 352; x_wconf 81' lang='lat' dir='ltr'>center</span> <span class='ocrx_word' id='word_1_38' title='bbox 460 311 660 361; x_wconf 86' lang='lat' dir='ltr'>euenerit,</span> <span class='ocrx_word' id='word_1_39' title='bbox 692 310 773 353; x_wconf 87' lang='lat' dir='ltr'>sibi</span> <span class='ocrx_word' id='word_1_40' title='bbox 802 310 941 353; x_wconf 88' lang='lat' dir='ltr'>locum</span> <span class='ocrx_word' id='word_1_41' title='bbox 973 311 1031 352; x_wconf 90' lang='lat' dir='ltr'>ita</span> <span class='ocrx_word' id='word_1_42' title='bbox 1062 318 1212 353; x_wconf 88' lang='lat' dir='ltr'>teneat.</span> <span class='ocrx_word' id='word_1_43' title='bbox 1293 311 1406 364; x_wconf 80' lang='lat' dir='ltr'>Quia</span> <span class='ocrx_word' id='word_1_44' title='bbox 1451 312 1671 369; x_wconf 80' lang='lat' dir='ltr'>tragoedia</span> <span class='ocrx_word' id='word_1_45' title='bbox 1716 313 1820 355; x_wconf 86' lang='lat' dir='ltr'>altos</span> <span class='ocrx_word' id='word_1_46' title='bbox 1865 313 2010 355; x_wconf 78' lang='lat' dir='ltr'>sortita</span> <span class='ocrx_word' id='word_1_47' title='bbox 2054 320 2117 355; x_wconf 83' lang='lat' dir='ltr'>est</span> <span class='ocrx_word' id='word_1_48' title='bbox 2147 318 2148 349; x_wconf 75' lang='grc' dir='ltr'>ἶ</span> 
     </span>
     <span class='ocr_line' id='line_1_8' title="bbox 287 374 2148 448; baseline 0.001 -22"><span class='ocrx_word' id='word_1_49' title='bbox 287 399 432 426; x_wconf 83' lang='lat' dir='ltr'>sensus</span> <span class='ocrx_word' id='word_1_50' title='bbox 462 392 501 426; x_wconf 88' lang='lat' dir='ltr'>et</span> <span class='ocrx_word' id='word_1_51' title='bbox 530 384 674 435; x_wconf 87' lang='lat' dir='ltr'>uerba,</span> <span class='ocrx_word' id='word_1_52' title='bbox 706 384 922 426; x_wconf 81' lang='lat' dir='ltr'>comoedia</span> <span class='ocrx_word' id='word_1_53' title='bbox 954 399 1055 426; x_wconf 92' lang='lat' dir='ltr'>uero</span> <span class='ocrx_word' id='word_1_54' title='bbox 1084 385 1276 427; x_wconf 79' lang='lat' dir='ltr'>humiles.</span> <span class='ocrx_word' id='word_1_55' title='bbox 2146 374 2148 448; x_wconf 56' lang='lat' dir='ltr'>l</span> 
     </span>
    </p>

    <p class='ocr_par' dir='ltr' id='par_1_7' title="bbox 286 449 2148 664">
     <span class='ocr_line' id='line_1_9' title="bbox 402 449 2148 516; baseline 0.002 -16"><span class='ocrx_word' id='word_1_56' title='bbox 402 459 467 500; x_wconf 85' lang='lat'>93.</span> <span class='ocrx_word' id='word_1_57' title='bbox 500 458 714 500; x_wconf 72' lang='lat' dir='ltr'>Interdum</span> <span class='ocrx_word' id='word_1_58' title='bbox 744 467 769 500; x_wconf 83' lang='lat' dir='ltr'>t.</span> <span class='ocrx_word' id='word_1_59' title='bbox 802 467 837 500; x_wconf 76' lang='lat' dir='ltr'>et</span> <span class='ocrx_word' id='word_1_60' title='bbox 875 474 962 501; x_wconf 78' lang='lat' dir='ltr'>uoc-</span> <span class='ocrx_word' id='word_1_61' title='bbox 1004 474 1100 501; x_wconf 86' lang='lat' dir='ltr'>com.</span> <span class='ocrx_word' id='word_1_62' title='bbox 1139 460 1252 502; x_wconf 75' lang='lat' dir='ltr'>tollit.</span> <span class='ocrx_word' id='word_1_63' title='bbox 1330 457 1450 501; x_wconf 85' lang='lat' dir='ltr'>Sicut</span> <span class='ocrx_word' id='word_1_64' title='bbox 1484 460 1634 502; x_wconf 75' lang='lat' dir='ltr'>Terent.</span> <span class='ocrx_word' id='word_1_65' title='bbox 1682 460 1886 516; x_wconf 85' lang='lat' dir='ltr'>(Adelph.</span> <span class='ocrx_word' id='word_1_66' title='bbox 1919 460 1973 512; x_wconf 91' lang='lat' dir='ltr'>V,</span> <span class='ocrx_word' id='word_1_67' title='bbox 2005 463 2044 512; x_wconf 87' lang='lat'>3,</span> <span class='ocrx_word' id='word_1_68' title='bbox 2075 463 2116 513; x_wconf 86' lang='lat'>4,</span> <span class='ocrx_word' id='word_1_69' title='bbox 2147 449 2148 480; x_wconf 50' lang='lat'>¹</span> 
     </span>
     <span class='ocr_line' id='line_1_10' title="bbox 288 531 2117 591; baseline 0.002 -18"><span class='ocrx_word' id='word_1_70' title='bbox 288 533 410 588; x_wconf 82' lang='lat'>(790)</span> <span class='ocrx_word' id='word_1_71' title='bbox 442 539 479 573; x_wconf 90' lang='lat' dir='ltr'>et</span> <span class='ocrx_word' id='word_1_72' title='bbox 511 531 567 582; x_wconf 91' lang='grc' dir='ltr'>ΙΙ,</span> <span class='ocrx_word' id='word_1_73' title='bbox 601 534 639 583; x_wconf 88' lang='grc'>1,</span> <span class='ocrx_word' id='word_1_74' title='bbox 670 533 724 574; x_wconf 87' lang='grc'>42</span> <span class='ocrx_word' id='word_1_75' title='bbox 757 532 880 587; x_wconf 84' lang='grc'>(196)</span> <span class='ocrx_word' id='word_1_76' title='bbox 910 531 1019 588; x_wconf 86' lang='lat' dir='ltr'>Fl.):</span> <span class='ocrx_word' id='word_1_77' title='bbox 1058 533 1093 575; x_wconf 90' lang='grc' dir='ltr'>Ο</span> <span class='ocrx_word' id='word_1_78' title='bbox 1124 533 1292 584; x_wconf 81' lang='lat' dir='ltr'>eaelum,</span> <span class='ocrx_word' id='word_1_79' title='bbox 1339 548 1360 574; x_wconf 90' lang='grc' dir='ltr'><em>ο</em></span> <span class='ocrx_word' id='word_1_80' title='bbox 1393 541 1516 584; x_wconf 74' lang='lat' dir='ltr'>zerra,</span> <span class='ocrx_word' id='word_1_81' title='bbox 1563 549 1584 576; x_wconf 91' lang='lat' dir='ltr'>o</span> <span class='ocrx_word' id='word_1_82' title='bbox 1614 535 1746 576; x_wconf 75' lang='lat' dir='ltr'>maria</span> <span class='ocrx_word' id='word_1_83' title='bbox 1776 534 1967 591; x_wconf 76' lang='lat' dir='ltr'>Neptuni,</span> <span class='ocrx_word' id='word_1_84' title='bbox 2016 534 2117 577; x_wconf 88' lang='lat' dir='ltr'>item</span> 
     </span>
     <span class='ocr_line' id='line_1_11' title="bbox 286 605 2148 664; baseline 0.001 -17"><span class='ocrx_word' id='word_1_85' title='bbox 286 607 376 661; x_wconf 87' lang='lat' dir='ltr'>ipse</span> <span class='ocrx_word' id='word_1_86' title='bbox 408 605 612 661; x_wconf 83' lang='lat' dir='ltr'>(Adelph.</span> <span class='ocrx_word' id='word_1_87' title='bbox 643 606 700 657; x_wconf 90' lang='grc' dir='ltr'>ΙΙ,</span> <span class='ocrx_word' id='word_1_88' title='bbox 735 608 773 657; x_wconf 90' lang='grc'>1,</span> <span class='ocrx_word' id='word_1_89' title='bbox 804 608 899 661; x_wconf 77' lang='lat'>42&gt;2</span> <span class='ocrx_word' id='word_1_90' title='bbox 929 621 1002 664; x_wconf 82' lang='lat' dir='ltr'>pro</span> <span class='ocrx_word' id='word_1_91' title='bbox 1033 621 1216 664; x_wconf 80' lang='lat' dir='ltr'>supreme</span> <span class='ocrx_word' id='word_1_92' title='bbox 1247 607 1440 663; x_wconf 78' lang='lat' dir='ltr'>Iuppiter.</span> <span class='ocrx_word' id='word_1_93' title='bbox 2146 608 2148 640; x_wconf 65' lang='lat' dir='ltr'>l</span> 
     </span>
    </p>

    <p class='ocr_par' dir='ltr' id='par_1_8' title="bbox 287 678 2117 812">
     <span class='ocr_line' id='line_1_12' title="bbox 402 678 2111 739; baseline 0.002 -18"><span class='ocrx_word' id='word_1_94' title='bbox 402 680 487 737; x_wconf 83' lang='lat'>[94.</span> <span class='ocrx_word' id='word_1_95' title='bbox 518 681 734 737; x_wconf 79' lang='lat' dir='ltr'>Iratusque</span> <span class='ocrx_word' id='word_1_96' title='bbox 770 681 963 723; x_wconf 78' lang='lat' dir='ltr'>Chremes.</span> <span class='ocrx_word' id='word_1_97' title='bbox 1025 678 1258 723; x_wconf 85' lang='lat' dir='ltr'>Comoedia</span> <span class='ocrx_word' id='word_1_98' title='bbox 1288 680 1340 721; x_wconf 89' lang='lat' dir='ltr'>de</span> <span class='ocrx_word' id='word_1_99' title='bbox 1363 678 1619 737; x_wconf 59' lang='lat' dir='ltr'>Chremeta]</span> <span class='ocrx_word' id='word_1_100' title='bbox 1681 681 1867 736; x_wconf 70' lang='lat' dir='ltr'>delite’qac.</span> <span class='ocrx_word' id='word_1_101' title='bbox 1930 680 2000 738; x_wconf 87' lang='lat' dir='ltr'>[Id</span> <span class='ocrx_word' id='word_1_102' title='bbox 2031 682 2111 739; x_wconf 89' lang='lat' dir='ltr'>est]</span> 
     </span>
     <span class='ocr_line' id='line_1_13' title="bbox 287 753 2117 812; baseline 0.001 -16"><span class='ocrx_word' id='word_1_103' title='bbox 287 754 423 797; x_wconf 88' lang='lat' dir='ltr'>Valde</span> <span class='ocrx_word' id='word_1_104' title='bbox 454 754 603 810; x_wconf 82' lang='lat' dir='ltr'>litigat.</span> <span class='ocrx_word' id='word_1_105' title='bbox 682 754 851 811; x_wconf 68' lang='lat' dir='ltr'>[tumido</span> <span class='ocrx_word' id='word_1_106' title='bbox 890 755 926 796; x_wconf 78' lang='lat' dir='ltr'>d.</span> <span class='ocrx_word' id='word_1_107' title='bbox 958 769 1037 797; x_wconf 82' lang='lat' dir='ltr'>ore.</span> <span class='ocrx_word' id='word_1_108' title='bbox 1098 753 1223 796; x_wconf 88' lang='lat' dir='ltr'>Elato</span> <span class='ocrx_word' id='word_1_109' title='bbox 1261 753 1485 810; x_wconf 72' lang='lat' dir='ltr'>sermone]</span> <span class='ocrx_word' id='word_1_110' title='bbox 1549 754 1710 797; x_wconf 69' lang='lat' dir='ltr'>tumido.</span> <span class='ocrx_word' id='word_1_111' title='bbox 1769 754 1821 796; x_wconf 86' lang='lat' dir='ltr'>Id</span> <span class='ocrx_word' id='word_1_112' title='bbox 1866 762 1940 806; x_wconf 84' lang='lat' dir='ltr'>est,</span> <span class='ocrx_word' id='word_1_113' title='bbox 1986 755 2117 812; x_wconf 81' lang='lat' dir='ltr'>digno</span> 
     </span>
    </p>
   </div>
   <div class='ocr_carea' id='block_1_7' title="bbox 2111 768 2148 3412">
    <p class='ocr_par' dir='ltr' id='par_1_9' title="bbox 2111 768 2148 3412">
     <span class='ocr_line' id='line_1_14' title="bbox 2137 768 2148 1022; baseline 0 -63"><span class='ocrx_word' id='word_1_114' title='bbox 2137 768 2148 1022; x_wconf 95' lang='lat' dir='ltr'>    </span> 
     </span>
     <span class='ocr_line' id='line_1_15' title="bbox 2136 1022 2148 1126; baseline 0 2286"><span class='ocrx_word' id='word_1_115' title='bbox 2136 1022 2148 1126; x_wconf 95' lang='lat' dir='ltr'> </span> 
     </span>
     <span class='ocr_line' id='line_1_16' title="bbox 2135 1126 2148 1208; baseline 0 2204"><span class='ocrx_word' id='word_1_116' title='bbox 2135 1126 2148 1208; x_wconf 95' lang='lat' dir='ltr'> </span> 
     </span>
     <span class='ocr_line' id='line_1_17' title="bbox 2133 1208 2148 1356; baseline 0 -93"><span class='ocrx_word' id='word_1_117' title='bbox 2133 1208 2148 1356; x_wconf 95' lang='lat' dir='ltr'>  </span> 
     </span>
     <span class='ocr_line' id='line_1_18' title="bbox 2128 1356 2148 1432; baseline 0 1980"><span class='ocrx_word' id='word_1_118' title='bbox 2128 1356 2148 1432; x_wconf 95' lang='lat' dir='ltr'> </span> 
     </span>
     <span class='ocr_line' id='line_1_19' title="bbox 2128 1432 2148 1506; baseline 0 1906"><span class='ocrx_word' id='word_1_119' title='bbox 2128 1432 2148 1506; x_wconf 95' lang='lat' dir='ltr'> </span> 
     </span>
     <span class='ocr_line' id='line_1_20' title="bbox 2128 1506 2148 1579; baseline 0 1833"><span class='ocrx_word' id='word_1_120' title='bbox 2128 1506 2148 1579; x_wconf 95' lang='lat' dir='ltr'> </span> 
     </span>
     <span class='ocr_line' id='line_1_21' title="bbox 2128 1579 2148 1781; baseline 0 -51"><span class='ocrx_word' id='word_1_121' title='bbox 2128 1579 2148 1781; x_wconf 95' lang='lat' dir='ltr'>    </span> 
     </span>
     <span class='ocr_line' id='line_1_22' title="bbox 2123 1781 2148 2024; baseline 0 -148"><span class='ocrx_word' id='word_1_122' title='bbox 2123 1781 2148 2024; x_wconf 95' lang='lat' dir='ltr'>   </span> 
     </span>
     <span class='ocr_line' id='line_1_23' title="bbox 2123 2024 2148 2318; baseline 0 -33"><span class='ocrx_word' id='word_1_123' title='bbox 2123 2024 2148 2318; x_wconf 95' lang='lat' dir='ltr'>   </span> 
     </span>
     <span class='ocr_line' id='line_1_24' title="bbox 2116 2318 2148 2519; baseline 0 -62"><span class='ocrx_word' id='word_1_124' title='bbox 2116 2318 2148 2519; x_wconf 95' lang='lat' dir='ltr'>    </span> 
     </span>
     <span class='ocr_line' id='line_1_25' title="bbox 2116 2519 2148 2776; baseline 0 -204"><span class='ocrx_word' id='word_1_125' title='bbox 2116 2519 2148 2776; x_wconf 95' lang='lat' dir='ltr'>     </span> 
     </span>
     <span class='ocr_line' id='line_1_26' title="bbox 2116 2776 2148 2861; baseline 0 0"><span class='ocrx_word' id='word_1_126' title='bbox 2116 2776 2148 2861; x_wconf 95' lang='lat' dir='ltr'>  </span> 
     </span>
     <span class='ocr_line' id='line_1_27' title="bbox 2111 2861 2148 3412; baseline 0 -496"><span class='ocrx_word' id='word_1_127' title='bbox 2111 2861 2148 3412; x_wconf 95' lang='lat' dir='ltr'>  </span> 
     </span>
    </p>
   </div>
   <div class='ocr_carea' id='block_1_8' title="bbox 285 828 2133 1625">
    <p class='ocr_par' dir='ltr' id='par_1_10' title="bbox 286 828 517 885">
     <span class='ocr_line' id='line_1_28' title="bbox 286 828 517 885; baseline 0 -15"><span class='ocrx_word' id='word_1_128' title='bbox 286 828 517 885; x_wconf 81' lang='lat' dir='ltr'>tragoedia.</span> 
     </span>
    </p>

    <p class='ocr_par' dir='ltr' id='par_1_11' title="bbox 286 900 2117 1033">
     <span class='ocr_line' id='line_1_29' title="bbox 404 900 2117 958; baseline 0.002 -15"><span class='ocrx_word' id='word_1_129' title='bbox 404 903 469 945; x_wconf 77' lang='lat'>95.</span> <span class='ocrx_word' id='word_1_130' title='bbox 505 903 554 944; x_wconf 75' lang='lat' dir='ltr'>Et</span> <span class='ocrx_word' id='word_1_131' title='bbox 585 904 764 958; x_wconf 72' lang='lat' dir='ltr'>trctqz&#39;cus</span> <span class='ocrx_word' id='word_1_132' title='bbox 788 902 847 958; x_wconf 77' lang='lat' dir='ltr'>pl.</span> <span class='ocrx_word' id='word_1_133' title='bbox 881 902 956 943; x_wconf 83' lang='lat' dir='ltr'>(Iol.</span> <span class='ocrx_word' id='word_1_134' title='bbox 1019 900 1134 954; x_wconf 80' lang='lat' dir='ltr'>Quia</span> <span class='ocrx_word' id='word_1_135' title='bbox 1163 901 1384 957; x_wconf 77' lang='lat' dir='ltr'>tragoedia</span> <span class='ocrx_word' id='word_1_136' title='bbox 1414 915 1580 957; x_wconf 85' lang='lat' dir='ltr'>semper</span> <span class='ocrx_word' id='word_1_137' title='bbox 1601 901 1766 944; x_wconf 90' lang='lat' dir='ltr'>dolores</span> <span class='ocrx_word' id='word_1_138' title='bbox 1788 902 1970 957; x_wconf 86' lang='lat' dir='ltr'>exponit.</span> <span class='ocrx_word' id='word_1_139' title='bbox 2030 919 2117 946; x_wconf 80' lang='lat' dir='ltr'>ser-</span> 
     </span>
     <span class='ocr_line' id='line_1_30' title="bbox 286 975 1098 1033; baseline -0.001 -16"><span class='ocrx_word' id='word_1_140' title='bbox 286 992 399 1018; x_wconf 79' lang='lat' dir='ltr'>mone</span> <span class='ocrx_word' id='word_1_141' title='bbox 421 977 611 1033; x_wconf 76' lang='lat' dir='ltr'>pedestri.</span> <span class='ocrx_word' id='word_1_142' title='bbox 671 976 851 1025; x_wconf 88' lang='lat' dir='ltr'>Humili,</span> <span class='ocrx_word' id='word_1_143' title='bbox 889 975 1098 1018; x_wconf 90' lang='lat' dir='ltr'>conmuni.</span> 
     </span>
    </p>

    <p class='ocr_par' dir='ltr' id='par_1_12' title="bbox 285 1048 2133 1625">
     <span class='ocr_line' id='line_1_31' title="bbox 399 1048 2115 1107; baseline 0.001 -15"><span class='ocrx_word' id='word_1_144' title='bbox 399 1052 464 1092; x_wconf 76' lang='lat'>96.</span> <span class='ocrx_word' id='word_1_145' title='bbox 499 1050 717 1107; x_wconf 75' lang='lat' dir='ltr'>[Telephus</span> <span class='ocrx_word' id='word_1_146' title='bbox 749 1058 784 1092; x_wconf 83' lang='lat' dir='ltr'>et</span> <span class='ocrx_word' id='word_1_147' title='bbox 814 1050 968 1092; x_wconf 77' lang='lat' dir='ltr'>Peleus.</span> <span class='ocrx_word' id='word_1_148' title='bbox 1028 1049 1090 1091; x_wconf 91' lang='lat' dir='ltr'>Hi</span> <span class='ocrx_word' id='word_1_149' title='bbox 1121 1048 1245 1091; x_wconf 87' lang='lat' dir='ltr'>ambo</span> <span class='ocrx_word' id='word_1_150' title='bbox 1287 1048 1439 1091; x_wconf 81' lang='lat' dir='ltr'>diuites</span> <span class='ocrx_word' id='word_1_151' title='bbox 1483 1049 1651 1091; x_wconf 86' lang='lat' dir='ltr'>fuerunt</span> <span class='ocrx_word' id='word_1_152' title='bbox 1694 1058 1746 1100; x_wconf 87' lang='lat' dir='ltr'>et,</span> <span class='ocrx_word' id='word_1_153' title='bbox 1794 1050 1988 1093; x_wconf 88' lang='lat' dir='ltr'>omnibus</span> <span class='ocrx_word' id='word_1_154' title='bbox 2030 1051 2115 1093; x_wconf 85' lang='lat' dir='ltr'>suis</span> 
     </span>
     <span class='ocr_line' id='line_1_32' title="bbox 286 1123 2116 1180; baseline 0 -14"><span class='ocrx_word' id='word_1_155' title='bbox 286 1125 407 1167; x_wconf 86' lang='lat' dir='ltr'>bonis</span> <span class='ocrx_word' id='word_1_156' title='bbox 440 1125 710 1180; x_wconf 82' lang='lat' dir='ltr'>consumptis,</span> <span class='ocrx_word' id='word_1_157' title='bbox 750 1124 803 1165; x_wconf 90' lang='lat' dir='ltr'>ad</span> <span class='ocrx_word' id='word_1_158' title='bbox 834 1131 993 1165; x_wconf 83' lang='lat' dir='ltr'>tantam</span> <span class='ocrx_word' id='word_1_159' title='bbox 1023 1123 1211 1178; x_wconf 87' lang='lat' dir='ltr'>inopiam</span> <span class='ocrx_word' id='word_1_160' title='bbox 1242 1123 1514 1173; x_wconf 87' lang='lat' dir='ltr'>deuenerunt,</span> <span class='ocrx_word' id='word_1_161' title='bbox 1560 1136 1605 1165; x_wconf 85' lang='lat' dir='ltr'>ut</span> <span class='ocrx_word' id='word_1_162' title='bbox 1646 1123 1810 1166; x_wconf 83' lang='lat' dir='ltr'>exsules</span> <span class='ocrx_word' id='word_1_163' title='bbox 1855 1125 1956 1167; x_wconf 85' lang='lat' dir='ltr'>facti</span> <span class='ocrx_word' id='word_1_164' title='bbox 1998 1140 2116 1167; x_wconf 88' lang='lat' dir='ltr'>men-</span> 
     </span>
     <span class='ocr_line' id='line_1_33' title="bbox 285 1196 2118 1253; baseline 0 -12"><span class='ocrx_word' id='word_1_165' title='bbox 285 1199 466 1241; x_wconf 85' lang='lat' dir='ltr'>dicando</span> <span class='ocrx_word' id='word_1_166' title='bbox 498 1198 582 1240; x_wconf 80' lang='lat' dir='ltr'>sibi</span> <span class='ocrx_word' id='word_1_167' title='bbox 626 1199 917 1253; x_wconf 87' lang='lat' dir='ltr'>undecumque</span> <span class='ocrx_word' id='word_1_168' title='bbox 960 1197 1119 1239; x_wconf 89' lang='lat' dir='ltr'>uictum</span> <span class='ocrx_word' id='word_1_169' title='bbox 1169 1197 1476 1252; x_wconf 82' lang='lat' dir='ltr'>conquirerent.</span> <span class='ocrx_word' id='word_1_170' title='bbox 1535 1196 1832 1240; x_wconf 87' lang='lat' dir='ltr'>Mendicantes</span> <span class='ocrx_word' id='word_1_171' title='bbox 1863 1204 2002 1240; x_wconf 88' lang='lat' dir='ltr'>autem</span> <span class='ocrx_word' id='word_1_172' title='bbox 2032 1214 2118 1241; x_wconf 89' lang='lat' dir='ltr'>non</span> 
     </span>
     <span class='ocr_line' id='line_1_34' title="bbox 286 1271 2116 1328; baseline 0 -13"><span class='ocrx_word' id='word_1_173' title='bbox 286 1273 500 1315; x_wconf 90' lang='lat' dir='ltr'>humiliter</span> <span class='ocrx_word' id='word_1_174' title='bbox 530 1273 603 1315; x_wconf 90' lang='lat' dir='ltr'>sed</span> <span class='ocrx_word' id='word_1_175' title='bbox 634 1279 830 1328; x_wconf 87' lang='lat' dir='ltr'>proterue</span> <span class='ocrx_word' id='word_1_176' title='bbox 861 1279 902 1314; x_wconf 89' lang='lat' dir='ltr'>et</span> <span class='ocrx_word' id='word_1_177' title='bbox 932 1271 1053 1328; x_wconf 86' lang='lat' dir='ltr'>quasi</span> <span class='ocrx_word' id='word_1_178' title='bbox 1084 1271 1333 1327; x_wconf 86' lang='lat' dir='ltr'>imperando</span> <span class='ocrx_word' id='word_1_179' title='bbox 1364 1271 1581 1327; x_wconf 89' lang='lat' dir='ltr'>petebant:</span> <span class='ocrx_word' id='word_1_180' title='bbox 1615 1271 1765 1321; x_wconf 81' lang='lat' dir='ltr'>Misce,</span> <span class='ocrx_word' id='word_1_181' title='bbox 1795 1272 1859 1314; x_wconf 84' lang='lat' dir='ltr'>fer</span> <span class='ocrx_word' id='word_1_182' title='bbox 1888 1272 2010 1315; x_wconf 90' lang='lat' dir='ltr'>nobis</span> <span class='ocrx_word' id='word_1_183' title='bbox 2040 1288 2116 1328; x_wconf 88' lang='lat' dir='ltr'>pa-</span> 
     </span>
     <span class='ocr_line' id='line_1_35' title="bbox 285 1345 2119 1403; baseline -0.001 -13"><span class='ocrx_word' id='word_1_184' title='bbox 285 1348 403 1390; x_wconf 67' lang='lat' dir='ltr'>nem!</span> <span class='ocrx_word' id='word_1_185' title='bbox 465 1346 652 1389; x_wconf 84' lang='lat' dir='ltr'>Aliter:</span> <span class='ocrx_word' id='word_1_186' title='bbox 699 1346 759 1387; x_wconf 93' lang='lat' dir='ltr'>Hi</span> <span class='ocrx_word' id='word_1_187' title='bbox 791 1346 1004 1402; x_wconf 84' lang='lat' dir='ltr'>quondam</span> <span class='ocrx_word' id='word_1_188' title='bbox 1034 1345 1186 1387; x_wconf 89' lang='lat' dir='ltr'>diuites</span> <span class='ocrx_word' id='word_1_189' title='bbox 1216 1347 1384 1387; x_wconf 85' lang='lat' dir='ltr'>fuerunt</span> <span class='ocrx_word' id='word_1_190' title='bbox 1415 1352 1453 1387; x_wconf 89' lang='lat' dir='ltr'>et</span> <span class='ocrx_word' id='word_1_191' title='bbox 1487 1345 1640 1403; x_wconf 89' lang='lat' dir='ltr'>[loqui]</span> <span class='ocrx_word' id='word_1_192' title='bbox 1674 1347 1856 1403; x_wconf 78' lang='lat' dir='ltr'>grandia</span> <span class='ocrx_word' id='word_1_193' title='bbox 1900 1346 2032 1389; x_wconf 88' lang='lat' dir='ltr'>uerba</span> <span class='ocrx_word' id='word_1_194' title='bbox 2078 1354 2119 1389; x_wconf 82' lang='lat' dir='ltr'>et</span> 
     </span>
     <span class='ocr_line' id='line_1_36' title="bbox 285 1419 2118 1477; baseline -0.001 -13"><span class='ocrx_word' id='word_1_195' title='bbox 285 1423 445 1464; x_wconf 91' lang='lat' dir='ltr'>tumida</span> <span class='ocrx_word' id='word_1_196' title='bbox 475 1436 640 1477; x_wconf 84' lang='lat' dir='ltr'>semper</span> <span class='ocrx_word' id='word_1_197' title='bbox 671 1421 810 1463; x_wconf 87' lang='lat' dir='ltr'>dicere</span> <span class='ocrx_word' id='word_1_198' title='bbox 842 1428 1167 1469; x_wconf 79' lang='lat' dir='ltr'>consueuerunt3</span> <span class='ocrx_word' id='word_1_199' title='bbox 1214 1419 1396 1470; x_wconf 88' lang='lat' dir='ltr'>tandem,</span> <span class='ocrx_word' id='word_1_200' title='bbox 1442 1420 1586 1475; x_wconf 87' lang='lat' dir='ltr'>inopia</span> <span class='ocrx_word' id='word_1_201' title='bbox 1631 1421 1907 1476; x_wconf 84' lang='lat' dir='ltr'>conpellente,</span> <span class='ocrx_word' id='word_1_202' title='bbox 1954 1421 2118 1464; x_wconf 86' lang='lat' dir='ltr'>exsules</span> 
     </span>
     <span class='ocr_line' id='line_1_37' title="bbox 285 1494 2116 1551; baseline -0.001 -13"><span class='ocrx_word' id='word_1_203' title='bbox 285 1496 385 1538; x_wconf 83' lang='lat' dir='ltr'>facti</span> <span class='ocrx_word' id='word_1_204' title='bbox 415 1503 509 1538; x_wconf 90' lang='lat' dir='ltr'>sunt</span> <span class='ocrx_word' id='word_1_205' title='bbox 540 1503 579 1537; x_wconf 90' lang='lat' dir='ltr'>et</span> <span class='ocrx_word' id='word_1_206' title='bbox 609 1495 909 1537; x_wconf 82' lang='lat' dir='ltr'>mendicantes.</span> <span class='ocrx_word' id='word_1_207' title='bbox 970 1494 1072 1536; x_wconf 88' lang='lat' dir='ltr'>Ideo</span> <span class='ocrx_word' id='word_1_208' title='bbox 1103 1494 1187 1535; x_wconf 88' lang='lat' dir='ltr'>alta</span> <span class='ocrx_word' id='word_1_209' title='bbox 1218 1502 1257 1535; x_wconf 86' lang='lat' dir='ltr'>et</span> <span class='ocrx_word' id='word_1_210' title='bbox 1288 1509 1434 1536; x_wconf 88' lang='lat' dir='ltr'>seuera</span> <span class='ocrx_word' id='word_1_211' title='bbox 1464 1495 1608 1545; x_wconf 88' lang='lat' dir='ltr'>uerba,</span> <span class='ocrx_word' id='word_1_212' title='bbox 1655 1495 1809 1551; x_wconf 90' lang='lat' dir='ltr'>quibus</span> <span class='ocrx_word' id='word_1_213' title='bbox 1843 1495 1908 1538; x_wconf 89' lang='lat' dir='ltr'>usi</span> <span class='ocrx_word' id='word_1_214' title='bbox 1938 1496 2116 1544; x_wconf 82' lang='lat' dir='ltr'>fuerant,</span> 
     </span>
     <span class='ocr_line' id='line_1_38' title="bbox 285 1568 2133 1625; baseline 0 -14"><span class='ocrx_word' id='word_1_215' title='bbox 285 1570 546 1619; x_wconf 77' lang='lat' dir='ltr'>dimiserunt,</span> <span class='ocrx_word' id='word_1_216' title='bbox 592 1576 632 1611; x_wconf 90' lang='lat' dir='ltr'>et</span> <span class='ocrx_word' id='word_1_217' title='bbox 676 1568 905 1610; x_wconf 89' lang='lat' dir='ltr'>humilibus</span> <span class='ocrx_word' id='word_1_218' title='bbox 949 1568 1093 1610; x_wconf 87' lang='lat' dir='ltr'>uerbis</span> <span class='ocrx_word' id='word_1_219' title='bbox 1130 1575 1170 1610; x_wconf 89' lang='lat' dir='ltr'>et</span> <span class='ocrx_word' id='word_1_220' title='bbox 1199 1568 1367 1611; x_wconf 87' lang='lat' dir='ltr'>blandis</span> <span class='ocrx_word' id='word_1_221' title='bbox 1399 1569 1561 1611; x_wconf 90' lang='lat' dir='ltr'>animos</span> <span class='ocrx_word' id='word_1_222' title='bbox 1607 1569 1888 1625; x_wconf 86' lang='lat' dir='ltr'>spectantium</span> <span class='ocrx_word' id='word_1_223' title='bbox 1933 1569 2133 1612; x_wconf 51' lang='lat' dir='ltr'>mulcere¹</span> 
     </span>
    </p>
   </div>
   <div class='ocr_carea' id='block_1_9' title="bbox 284 1717 2130 1997">
    <p class='ocr_par' dir='ltr' id='par_1_13' title="bbox 284 1717 2130 1909">
     <span class='ocr_line' id='line_1_39' title="bbox 289 1717 2118 1775; baseline -0.001 -14"><span class='ocrx_word' id='word_1_224' title='bbox 289 1719 484 1775; x_wconf 70' lang='lat' dir='ltr'>Telephus</span> <span class='ocrx_word' id='word_1_225' title='bbox 520 1717 572 1759; x_wconf 88' lang='lat' dir='ltr'>ab</span> <span class='ocrx_word' id='word_1_226' title='bbox 610 1717 779 1759; x_wconf 89' lang='lat' dir='ltr'>Achille</span> <span class='ocrx_word' id='word_1_227' title='bbox 823 1717 1065 1759; x_wconf 89' lang='lat' dir='ltr'>uulneratus</span> <span class='ocrx_word' id='word_1_228' title='bbox 1111 1725 1150 1758; x_wconf 89' lang='lat' dir='ltr'>et</span> <span class='ocrx_word' id='word_1_229' title='bbox 1194 1724 1362 1759; x_wconf 86' lang='lat' dir='ltr'>curatus</span> <span class='ocrx_word' id='word_1_230' title='bbox 1411 1724 1483 1759; x_wconf 87' lang='lat' dir='ltr'>est.</span> <span class='ocrx_word' id='word_1_231' title='bbox 1544 1717 1696 1760; x_wconf 90' lang='lat' dir='ltr'>Peleus</span> <span class='ocrx_word' id='word_1_232' title='bbox 1728 1718 1881 1760; x_wconf 89' lang='lat' dir='ltr'>dicitur</span> <span class='ocrx_word' id='word_1_233' title='bbox 1912 1718 2118 1760; x_wconf 88' lang='lat' dir='ltr'>occidisse</span> 
     </span>
     <span class='ocr_line' id='line_1_40' title="bbox 284 1791 2130 1848; baseline -0.001 -14"><span class='ocrx_word' id='word_1_234' title='bbox 284 1802 460 1834; x_wconf 88' lang='lat' dir='ltr'>matrem</span> <span class='ocrx_word' id='word_1_235' title='bbox 494 1791 668 1848; x_wconf 88' lang='lat' dir='ltr'>[suam],</span> <span class='ocrx_word' id='word_1_236' title='bbox 700 1798 771 1833; x_wconf 89' lang='lat' dir='ltr'>aut</span> <span class='ocrx_word' id='word_1_237' title='bbox 802 1791 993 1833; x_wconf 90' lang='lat' dir='ltr'>Phocum</span> <span class='ocrx_word' id='word_1_238' title='bbox 1023 1791 1219 1840; x_wconf 83' lang='lat' dir='ltr'>fratrem3</span> <span class='ocrx_word' id='word_1_239' title='bbox 1257 1791 1310 1834; x_wconf 92' lang='lat' dir='ltr'>ob</span> <span class='ocrx_word' id='word_1_240' title='bbox 1342 1791 1450 1834; x_wconf 90' lang='lat' dir='ltr'>hanc</span> <span class='ocrx_word' id='word_1_241' title='bbox 1481 1806 1651 1834; x_wconf 85' lang='lat' dir='ltr'>causam</span> <span class='ocrx_word' id='word_1_242' title='bbox 1683 1792 1799 1834; x_wconf 89' lang='lat' dir='ltr'>exsul</span> <span class='ocrx_word' id='word_1_243' title='bbox 1830 1793 1968 1834; x_wconf 87' lang='lat' dir='ltr'>factus</span> <span class='ocrx_word' id='word_1_244' title='bbox 2000 1797 2061 1833; x_wconf 88' lang='lat' dir='ltr'>est</span> <span class='ocrx_word' id='word_1_245' title='bbox 2091 1807 2130 1833; x_wconf 64' lang='lat' dir='ltr'>ar</span> 
     </span>
     <span class='ocr_line' id='line_1_41' title="bbox 285 1866 573 1909; baseline -0.003 -1"><span class='ocrx_word' id='word_1_246' title='bbox 285 1867 444 1909; x_wconf 86' lang='lat' dir='ltr'>ciuibus</span> <span class='ocrx_word' id='word_1_247' title='bbox 476 1866 573 1908; x_wconf 88' lang='lat' dir='ltr'>suis.</span> 
     </span>
    </p>

    <p class='ocr_par' dir='ltr' id='par_1_14' title="bbox 398 1939 2115 1997">
     <span class='ocr_line' id='line_1_42' title="bbox 398 1939 2115 1997; baseline 0 -15"><span class='ocrx_word' id='word_1_248' title='bbox 398 1941 516 1983; x_wconf 68' lang='lat' dir='ltr'>exsul</span> <span class='ocrx_word' id='word_1_249' title='bbox 544 1948 719 1997; x_wconf 73' lang='lat' dir='ltr'>uterque.</span> <span class='ocrx_word' id='word_1_250' title='bbox 780 1939 869 1982; x_wconf 88' lang='lat' dir='ltr'>Aut</span> <span class='ocrx_word' id='word_1_251' title='bbox 901 1940 1000 1995; x_wconf 88' lang='lat' dir='ltr'>quia</span> <span class='ocrx_word' id='word_1_252' title='bbox 1029 1940 1267 1996; x_wconf 84' lang='lat' dir='ltr'>uagabatur</span> <span class='ocrx_word' id='word_1_253' title='bbox 1298 1940 1456 1995; x_wconf 88' lang='lat' dir='ltr'>passim</span> <span class='ocrx_word' id='word_1_254' title='bbox 1487 1940 1630 1982; x_wconf 86' lang='lat' dir='ltr'>dolore</span> <span class='ocrx_word' id='word_1_255' title='bbox 1661 1940 1894 1995; x_wconf 86' lang='lat' dir='ltr'>perculsus,</span> <span class='ocrx_word' id='word_1_256' title='bbox 1932 1946 2002 1982; x_wconf 83' lang='lat' dir='ltr'>aut</span> <span class='ocrx_word' id='word_1_257' title='bbox 2031 1956 2115 1982; x_wconf 70' lang='lat' dir='ltr'>ea:-</span> 
     </span>
    </p>
   </div>
   <div class='ocr_carea' id='block_1_10' title="bbox 282 2227 2125 3070">
    <p class='ocr_par' dir='ltr' id='par_1_15' title="bbox 282 2227 2125 3070">
     <span class='ocr_line' id='line_1_43' title="bbox 400 2227 2115 2269; baseline -0.002 -10"><span class='ocrx_word' id='word_1_258' title='bbox 400 2228 433 2267; x_wconf 85' lang='lat'>1)</span> <span class='ocrx_word' id='word_1_259' title='bbox 461 2227 595 2259; x_wconf 85' lang='lat' dir='ltr'>Scilicet</span> <span class='ocrx_word' id='word_1_260' title='bbox 619 2237 714 2267; x_wconf 80' lang='lat' dir='ltr'>unaq.</span> <span class='ocrx_word' id='word_1_261' title='bbox 742 2228 780 2258; x_wconf 84' lang='lat' dir='ltr'>X.</span> <span class='ocrx_word' id='word_1_262' title='bbox 807 2227 910 2266; x_wconf 84' lang='lat' dir='ltr'>Unaq.</span> <span class='ocrx_word' id='word_1_263' title='bbox 937 2236 987 2256; x_wconf 86' lang='lat' dir='ltr'>res</span> <span class='ocrx_word' id='word_1_264' title='bbox 1015 2244 1053 2247; x_wconf 56' lang='lat'>‹-</span> <span class='ocrx_word' id='word_1_265' title='bbox 1081 2227 1219 2257; x_wconf 83' lang='lat' dir='ltr'>humiles</span> <span class='ocrx_word' id='word_1_266' title='bbox 1246 2236 1305 2258; x_wconf 90' lang='lat' dir='ltr'>om.</span> <span class='ocrx_word' id='word_1_267' title='bbox 1331 2237 1358 2269; x_wconf 76' lang='grc' dir='ltr'>γ,</span> <span class='ocrx_word' id='word_1_268' title='bbox 1385 2229 1440 2267; x_wconf 88' lang='lat' dir='ltr'>qui</span> <span class='ocrx_word' id='word_1_269' title='bbox 1466 2228 1579 2258; x_wconf 84' lang='lat' dir='ltr'>habet:</span> <span class='ocrx_word' id='word_1_270' title='bbox 1606 2227 1688 2264; x_wconf 83' lang='lat' dir='ltr'>Quia</span> <span class='ocrx_word' id='word_1_271' title='bbox 1715 2244 1755 2246; x_wconf 46' lang='grc' dir='ltr'><strong><em>ψ</em></strong></span> <span class='ocrx_word' id='word_1_272' title='bbox 1782 2227 1932 2257; x_wconf 76' lang='lat' dir='ltr'>humiles.</span> <span class='ocrx_word' id='word_1_273' title='bbox 1983 2227 2018 2266; x_wconf 91' lang='grc'>2)</span> <span class='ocrx_word' id='word_1_274' title='bbox 2043 2236 2115 2257; x_wconf 84' lang='lat' dir='ltr'>eue-</span> 
     </span>
     <span class='ocr_line' id='line_1_44' title="bbox 285 2284 2115 2326; baseline -0.002 -10"><span class='ocrx_word' id='word_1_275' title='bbox 285 2287 370 2316; x_wconf 83' lang='lat' dir='ltr'>nerit</span> <span class='ocrx_word' id='word_1_276' title='bbox 395 2286 500 2323; x_wconf 86' lang='lat' dir='ltr'>NX‚v.</span> <span class='ocrx_word' id='word_1_277' title='bbox 527 2286 597 2315; x_wconf 88' lang='lat' dir='ltr'>rell.</span> <span class='ocrx_word' id='word_1_278' title='bbox 622 2284 688 2313; x_wconf 71' lang='lat' dir='ltr'>[nu.</span> <span class='ocrx_word' id='word_1_279' title='bbox 738 2285 773 2322; x_wconf 81' lang='grc'>4)</span> <span class='ocrx_word' id='word_1_280' title='bbox 801 2284 891 2314; x_wconf 86' lang='lat' dir='ltr'>Sicut</span> <span class='ocrx_word' id='word_1_281' title='bbox 917 2293 944 2326; x_wconf 74' lang='grc' dir='ltr'>γ.</span> <span class='ocrx_word' id='word_1_282' title='bbox 972 2284 1042 2314; x_wconf 90' lang='lat' dir='ltr'>rell.</span> <span class='ocrx_word' id='word_1_283' title='bbox 1069 2287 1116 2314; x_wconf 88' lang='lat' dir='ltr'>ut.</span> <span class='ocrx_word' id='word_1_284' title='bbox 1167 2284 1200 2322; x_wconf 86' lang='lat'>5)</span> <span class='ocrx_word' id='word_1_285' title='bbox 1229 2294 1246 2314; x_wconf 92' lang='lat'>0</span> <span class='ocrx_word' id='word_1_286' title='bbox 1272 2285 1328 2314; x_wconf 78' lang='lat' dir='ltr'>cel.</span> <span class='ocrx_word' id='word_1_287' title='bbox 1354 2294 1381 2326; x_wconf 74' lang='grc' dir='ltr'>γ.</span> <span class='ocrx_word' id='word_1_288' title='bbox 1407 2285 1496 2314; x_wconf 85' lang='lat' dir='ltr'>Idem</span> <span class='ocrx_word' id='word_1_289' title='bbox 1522 2285 1610 2314; x_wconf 84' lang='lat' dir='ltr'>locus</span> <span class='ocrx_word' id='word_1_290' title='bbox 1634 2285 1695 2314; x_wconf 84' lang='lat' dir='ltr'>iam</span> <span class='ocrx_word' id='word_1_291' title='bbox 1722 2294 1819 2323; x_wconf 82' lang='lat' dir='ltr'>supra</span> <span class='ocrx_word' id='word_1_292' title='bbox 1836 2285 1876 2314; x_wconf 87' lang='lat' dir='ltr'>ad</span> <span class='ocrx_word' id='word_1_293' title='bbox 1894 2284 1995 2322; x_wconf 88' lang='lat' dir='ltr'>Epod.</span> <span class='ocrx_word' id='word_1_294' title='bbox 2013 2284 2115 2322; x_wconf 85' lang='lat' dir='ltr'>XVII,</span> 
     </span>
     <span class='ocr_line' id='line_1_45' title="bbox 286 2340 2125 2385; baseline -0.002 -12"><span class='ocrx_word' id='word_1_295' title='bbox 286 2345 337 2374; x_wconf 85' lang='lat'>30.</span> <span class='ocrx_word' id='word_1_296' title='bbox 363 2344 433 2382; x_wconf 82' lang='lat' dir='ltr'>ipse</span> <span class='ocrx_word' id='word_1_297' title='bbox 458 2342 515 2385; x_wconf 87' lang='grc' dir='ltr'>γΧ.</span> <span class='ocrx_word' id='word_1_298' title='bbox 543 2344 612 2381; x_wconf 86' lang='lat' dir='ltr'>ipse</span> <span class='ocrx_word' id='word_1_299' title='bbox 637 2341 713 2372; x_wconf 73' lang='lat' dir='ltr'>alibi</span> <span class='ocrx_word' id='word_1_300' title='bbox 736 2342 774 2371; x_wconf 87' lang='lat' dir='ltr'>N.</span> <span class='ocrx_word' id='word_1_301' title='bbox 801 2342 872 2373; x_wconf 87' lang='lat' dir='ltr'>rell.</span> <span class='ocrx_word' id='word_1_302' title='bbox 898 2352 958 2372; x_wconf 88' lang='lat' dir='ltr'>om.</span> <span class='ocrx_word' id='word_1_303' title='bbox 1024 2342 1059 2380; x_wconf 83' lang='lat'>6)</span> <span class='ocrx_word' id='word_1_304' title='bbox 1087 2351 1143 2380; x_wconf 87' lang='lat' dir='ltr'>pro</span> <span class='ocrx_word' id='word_1_305' title='bbox 1169 2341 1228 2380; x_wconf 62' lang='lat' dir='ltr'>sup</span> <span class='ocrx_word' id='word_1_306' title='bbox 1253 2352 1303 2371; x_wconf 86' lang='lat' dir='ltr'>me</span> <span class='ocrx_word' id='word_1_307' title='bbox 1329 2342 1456 2381; x_wconf 87' lang='lat' dir='ltr'>iupiter.</span> <span class='ocrx_word' id='word_1_308' title='bbox 1484 2351 1510 2384; x_wconf 75' lang='grc' dir='ltr'>γ.</span> <span class='ocrx_word' id='word_1_309' title='bbox 1539 2342 1615 2381; x_wconf 76' lang='lat' dir='ltr'>proh</span> <span class='ocrx_word' id='word_1_310' title='bbox 1652 2340 1764 2380; x_wconf 65' lang='lat' dir='ltr'>supine</span> <span class='ocrx_word' id='word_1_311' title='bbox 1801 2342 1940 2381; x_wconf 78' lang='lat' dir='ltr'>iuppiter</span> <span class='ocrx_word' id='word_1_312' title='bbox 1977 2351 2000 2371; x_wconf 86' lang='lat' dir='ltr'>r.</span> <span class='ocrx_word' id='word_1_313' title='bbox 2036 2341 2125 2380; x_wconf 69' lang='lat' dir='ltr'>proh&gt;</span> 
     </span>
     <span class='ocr_line' id='line_1_46' title="bbox 285 2396 2112 2438; baseline -0.001 -9"><span class='ocrx_word' id='word_1_314' title='bbox 285 2400 355 2438; x_wconf 87' lang='lat' dir='ltr'>(pro</span> <span class='ocrx_word' id='word_1_315' title='bbox 382 2399 425 2437; x_wconf 80' lang='lat' dir='ltr'>Q)</span> <span class='ocrx_word' id='word_1_316' title='bbox 453 2409 575 2429; x_wconf 81' lang='lat' dir='ltr'>sumine</span> <span class='ocrx_word' id='word_1_317' title='bbox 599 2399 746 2438; x_wconf 87' lang='lat' dir='ltr'>Iuppiter</span> <span class='ocrx_word' id='word_1_318' title='bbox 771 2399 890 2436; x_wconf 80' lang='lat' dir='ltr'>X‚caQ.</span> <span class='ocrx_word' id='word_1_319' title='bbox 918 2398 1060 2437; x_wconf 81' lang='lat' dir='ltr'>(Iupiter</span> <span class='ocrx_word' id='word_1_320' title='bbox 1087 2397 1190 2437; x_wconf 84' lang='lat' dir='ltr'>(vfh).</span> <span class='ocrx_word' id='word_1_321' title='bbox 1210 2403 1304 2437; x_wconf 76' lang='lat' dir='ltr'>paler</span> <span class='ocrx_word' id='word_1_322' title='bbox 1339 2408 1356 2428; x_wconf 87' lang='grc' dir='ltr'><strong><em>ο</em></strong></span> <span class='ocrx_word' id='word_1_323' title='bbox 1393 2409 1512 2429; x_wconf 86' lang='lat' dir='ltr'>summe</span> <span class='ocrx_word' id='word_1_324' title='bbox 1548 2399 1669 2437; x_wconf 87' lang='lat' dir='ltr'>iupiter</span> <span class='ocrx_word' id='word_1_325' title='bbox 1693 2399 1732 2428; x_wconf 83' lang='lat' dir='ltr'>N.</span> <span class='ocrx_word' id='word_1_326' title='bbox 1798 2400 1831 2437; x_wconf 90' lang='grc'>7)</span> <span class='ocrx_word' id='word_1_327' title='bbox 1860 2398 1948 2429; x_wconf 87' lang='lat' dir='ltr'>Com.</span> <span class='ocrx_word' id='word_1_328' title='bbox 1975 2399 2014 2428; x_wconf 88' lang='lat' dir='ltr'>de</span> <span class='ocrx_word' id='word_1_329' title='bbox 2039 2396 2112 2428; x_wconf 87' lang='lat' dir='ltr'>Chr.</span> 
     </span>
     <span class='ocr_line' id='line_1_47' title="bbox 285 2455 2114 2498; baseline -0.001 -12"><span class='ocrx_word' id='word_1_330' title='bbox 285 2468 343 2487; x_wconf 88' lang='lat' dir='ltr'>om.</span> <span class='ocrx_word' id='word_1_331' title='bbox 372 2467 398 2498; x_wconf 73' lang='grc' dir='ltr'>γ.</span> <span class='ocrx_word' id='word_1_332' title='bbox 429 2475 468 2477; x_wconf 75' lang='lat'>——</span> <span class='ocrx_word' id='word_1_333' title='bbox 494 2456 531 2485; x_wconf 82' lang='lat' dir='ltr'>Id</span> <span class='ocrx_word' id='word_1_334' title='bbox 558 2462 607 2486; x_wconf 80' lang='lat' dir='ltr'>est</span> <span class='ocrx_word' id='word_1_335' title='bbox 634 2466 694 2486; x_wconf 88' lang='lat' dir='ltr'>om.</span> <span class='ocrx_word' id='word_1_336' title='bbox 720 2466 746 2498; x_wconf 78' lang='grc' dir='ltr'>γ.</span> <span class='ocrx_word' id='word_1_337' title='bbox 774 2459 877 2486; x_wconf 88' lang='lat' dir='ltr'>totum</span> <span class='ocrx_word' id='word_1_338' title='bbox 904 2456 1003 2485; x_wconf 80' lang='lat' dir='ltr'>schol.</span> <span class='ocrx_word' id='word_1_339' title='bbox 1031 2466 1092 2486; x_wconf 88' lang='lat' dir='ltr'>om.</span> <span class='ocrx_word' id='word_1_340' title='bbox 1119 2456 1179 2485; x_wconf 83' lang='lat' dir='ltr'>XN</span> <span class='ocrx_word' id='word_1_341' title='bbox 1202 2456 1285 2486; x_wconf 86' lang='lat' dir='ltr'>Med.</span> <span class='ocrx_word' id='word_1_342' title='bbox 1315 2456 1440 2493; x_wconf 80' lang='lat' dir='ltr'>G‚rvca.</span> <span class='ocrx_word' id='word_1_343' title='bbox 1493 2457 1527 2494; x_wconf 86' lang='lat'>8)</span> <span class='ocrx_word' id='word_1_344' title='bbox 1555 2456 1651 2486; x_wconf 84' lang='lat' dir='ltr'>Elato</span> <span class='ocrx_word' id='word_1_345' title='bbox 1677 2465 1770 2485; x_wconf 78' lang='lat' dir='ltr'>serm.</span> <span class='ocrx_word' id='word_1_346' title='bbox 1797 2465 1858 2485; x_wconf 84' lang='lat' dir='ltr'>om.</span> <span class='ocrx_word' id='word_1_347' title='bbox 1886 2455 1942 2497; x_wconf 76' lang='grc' dir='ltr'>γΧ.</span> <span class='ocrx_word' id='word_1_348' title='bbox 1968 2456 1989 2484; x_wconf 92' lang='lat' dir='ltr'>i.</span> <span class='ocrx_word' id='word_1_349' title='bbox 2015 2455 2114 2493; x_wconf 87' lang='lat' dir='ltr'>digno</span> 
     </span>
     <span class='ocr_line' id='line_1_48' title="bbox 282 2512 2114 2556; baseline -0.002 -12"><span class='ocrx_word' id='word_1_350' title='bbox 282 2515 454 2553; x_wconf 83' lang='lat' dir='ltr'>tragoedia</span> <span class='ocrx_word' id='word_1_351' title='bbox 478 2523 504 2556; x_wconf 78' lang='grc' dir='ltr'>γ.</span> <span class='ocrx_word' id='word_1_352' title='bbox 532 2515 602 2546; x_wconf 88' lang='lat' dir='ltr'>rell.</span> <span class='ocrx_word' id='word_1_353' title='bbox 629 2524 689 2544; x_wconf 89' lang='lat' dir='ltr'>om.</span> <span class='ocrx_word' id='word_1_354' title='bbox 756 2514 811 2553; x_wconf 84' lang='lat'>10)</span> <span class='ocrx_word' id='word_1_355' title='bbox 838 2513 924 2548; x_wconf 83' lang='lat' dir='ltr'>Quia</span> <span class='ocrx_word' id='word_1_356' title='bbox 951 2532 990 2535; x_wconf 93' lang='lat'>-—-</span> <span class='ocrx_word' id='word_1_357' title='bbox 1019 2515 1155 2552; x_wconf 82' lang='lat' dir='ltr'>exponit</span> <span class='ocrx_word' id='word_1_358' title='bbox 1192 2524 1275 2543; x_wconf 82' lang='lat' dir='ltr'>omn.</span> <span class='ocrx_word' id='word_1_359' title='bbox 1314 2515 1400 2544; x_wconf 91' lang='lat' dir='ltr'>libri.</span> <span class='ocrx_word' id='word_1_360' title='bbox 1438 2513 1497 2543; x_wconf 88' lang='lat' dir='ltr'>NX</span> <span class='ocrx_word' id='word_1_361' title='bbox 1534 2514 1619 2544; x_wconf 88' lang='lat' dir='ltr'>Med.</span> <span class='ocrx_word' id='word_1_362' title='bbox 1658 2512 1757 2549; x_wconf 83' lang='lat' dir='ltr'>G‚vca</span> <span class='ocrx_word' id='word_1_363' title='bbox 1794 2513 1933 2542; x_wconf 80' lang='lat' dir='ltr'>addunt:</span> <span class='ocrx_word' id='word_1_364' title='bbox 1972 2513 2032 2542; x_wconf 88' lang='lat' dir='ltr'>hoc</span> <span class='ocrx_word' id='word_1_365' title='bbox 2065 2513 2114 2541; x_wconf 78' lang='lat' dir='ltr'>est</span> 
     </span>
     <span class='ocr_line' id='line_1_49' title="bbox 285 2569 2112 2611; baseline -0.002 -10"><span class='ocrx_word' id='word_1_366' title='bbox 285 2573 424 2611; x_wconf 83' lang='lat' dir='ltr'>(semper</span> <span class='ocrx_word' id='word_1_367' title='bbox 449 2571 494 2611; x_wconf 92' lang='lat' dir='ltr'>X)</span> <span class='ocrx_word' id='word_1_368' title='bbox 530 2572 670 2601; x_wconf 79' lang='lat' dir='ltr'>dolorem</span> <span class='ocrx_word' id='word_1_369' title='bbox 707 2570 847 2608; x_wconf 73' lang='lat' dir='ltr'>(dolores</span> <span class='ocrx_word' id='word_1_370' title='bbox 872 2580 939 2600; x_wconf 80' lang='lat' dir='ltr'>vca.</span> <span class='ocrx_word' id='word_1_371' title='bbox 967 2581 1026 2600; x_wconf 90' lang='lat' dir='ltr'>om.</span> <span class='ocrx_word' id='word_1_372' title='bbox 1053 2570 1155 2609; x_wconf 90' lang='lat' dir='ltr'>Med.)</span> <span class='ocrx_word' id='word_1_373' title='bbox 1182 2572 1347 2602; x_wconf 83' lang='lat' dir='ltr'>describit.</span> <span class='ocrx_word' id='word_1_374' title='bbox 1381 2581 1395 2600; x_wconf 86' lang='lat' dir='ltr'>r</span> <span class='ocrx_word' id='word_1_375' title='bbox 1420 2572 1552 2610; x_wconf 83' lang='lat' dir='ltr'>insuper</span> <span class='ocrx_word' id='word_1_376' title='bbox 1576 2571 1692 2601; x_wconf 83' lang='lat' dir='ltr'>habet:</span> <span class='ocrx_word' id='word_1_377' title='bbox 1718 2571 1866 2600; x_wconf 77' lang='lat' dir='ltr'>miserias</span> <span class='ocrx_word' id='word_1_378' title='bbox 1892 2569 2112 2599; x_wconf 84' lang='lat' dir='ltr'>describendo.</span> 
     </span>
     <span class='ocr_line' id='line_1_50' title="bbox 287 2626 2113 2671; baseline -0.003 -11"><span class='ocrx_word' id='word_1_379' title='bbox 287 2632 341 2669; x_wconf 88' lang='grc'>11)</span> <span class='ocrx_word' id='word_1_380' title='bbox 367 2630 490 2660; x_wconf 84' lang='lat' dir='ltr'>Humili</span> <span class='ocrx_word' id='word_1_381' title='bbox 518 2639 625 2660; x_wconf 83' lang='lat' dir='ltr'>comm.</span> <span class='ocrx_word' id='word_1_382' title='bbox 650 2629 759 2671; x_wconf 74' lang='lat' dir='ltr'>·(‚th.</span> <span class='ocrx_word' id='word_1_383' title='bbox 786 2629 855 2658; x_wconf 86' lang='lat' dir='ltr'>rell.</span> <span class='ocrx_word' id='word_1_384' title='bbox 883 2638 943 2658; x_wconf 86' lang='lat' dir='ltr'>om.</span> <span class='ocrx_word' id='word_1_385' title='bbox 998 2630 1052 2667; x_wconf 75' lang='lat'>12)</span> <span class='ocrx_word' id='word_1_386' title='bbox 1078 2629 1120 2657; x_wconf 65' lang='lat' dir='ltr'>Hi</span> <span class='ocrx_word' id='word_1_387' title='bbox 1146 2647 1185 2649; x_wconf 77' lang='lat'>--</span> <span class='ocrx_word' id='word_1_388' title='bbox 1211 2629 1305 2658; x_wconf 75' lang='lat' dir='ltr'>tristis</span> <span class='ocrx_word' id='word_1_389' title='bbox 1329 2629 1546 2669; x_wconf 86' lang='lat' dir='ltr'>Porphyrioni</span> <span class='ocrx_word' id='word_1_390' title='bbox 1583 2628 1710 2666; x_wconf 81' lang='lat' dir='ltr'>adsign.</span> <span class='ocrx_word' id='word_1_391' title='bbox 1750 2627 1778 2662; x_wconf 80' lang='lat' dir='ltr'>Q</span> <span class='ocrx_word' id='word_1_392' title='bbox 1812 2630 1923 2657; x_wconf 81' lang='lat' dir='ltr'>contra</span> <span class='ocrx_word' id='word_1_393' title='bbox 1959 2626 2113 2656; x_wconf 87' lang='lat' dir='ltr'>librorum</span> 
     </span>
     <span class='ocr_line' id='line_1_51' title="bbox 285 2681 2113 2728; baseline -0.003 -11"><span class='ocrx_word' id='word_1_394' title='bbox 285 2688 390 2717; x_wconf 81' lang='lat' dir='ltr'>tidem.</span> <span class='ocrx_word' id='word_1_395' title='bbox 418 2687 493 2716; x_wconf 88' lang='lat' dir='ltr'>uide</span> <span class='ocrx_word' id='word_1_396' title='bbox 519 2685 614 2716; x_wconf 82' lang='lat' dir='ltr'>infra.</span> <span class='ocrx_word' id='word_1_397' title='bbox 641 2686 741 2716; x_wconf 89' lang='lat' dir='ltr'>schol.</span> <span class='ocrx_word' id='word_1_398' title='bbox 769 2685 812 2714; x_wconf 90' lang='lat' dir='ltr'>Hi</span> <span class='ocrx_word' id='word_1_399' title='bbox 828 2703 868 2705; x_wconf 40' lang='grc' dir='ltr'>ῌ</span> <span class='ocrx_word' id='word_1_400' title='bbox 884 2694 1029 2714; x_wconf 86' lang='lat' dir='ltr'>sermone</span> <span class='ocrx_word' id='word_1_401' title='bbox 1054 2686 1200 2724; x_wconf 83' lang='lat' dir='ltr'>pedestri</span> <span class='ocrx_word' id='word_1_402' title='bbox 1228 2696 1287 2715; x_wconf 86' lang='lat' dir='ltr'>om.</span> <span class='ocrx_word' id='word_1_403' title='bbox 1314 2696 1340 2728; x_wconf 77' lang='grc' dir='ltr'>γ.</span> <span class='ocrx_word' id='word_1_404' title='bbox 1366 2686 1428 2716; x_wconf 87' lang='lat' dir='ltr'>Pro</span> <span class='ocrx_word' id='word_1_405' title='bbox 1446 2684 1551 2715; x_wconf 72' lang='lat' dir='ltr'>Aliter.</span> <span class='ocrx_word' id='word_1_406' title='bbox 1578 2684 1621 2714; x_wconf 71' lang='lat' dir='ltr'>Hi</span> <span class='ocrx_word' id='word_1_407' title='bbox 1650 2683 1802 2723; x_wconf 85' lang='lat' dir='ltr'>(rcath)</span> <span class='ocrx_word' id='word_1_408' title='bbox 1828 2684 1950 2713; x_wconf 84' lang='lat' dir='ltr'>habent</span> <span class='ocrx_word' id='word_1_409' title='bbox 1975 2683 2004 2712; x_wconf 88' lang='lat' dir='ltr'>N</span> <span class='ocrx_word' id='word_1_410' title='bbox 2028 2681 2113 2712; x_wconf 84' lang='lat' dir='ltr'>Med.</span> 
     </span>
     <span class='ocr_line' id='line_1_52' title="bbox 283 2738 2109 2782; baseline -0.003 -9"><span class='ocrx_word' id='word_1_411' title='bbox 283 2745 323 2774; x_wconf 80' lang='lat' dir='ltr'>N.</span> <span class='ocrx_word' id='word_1_412' title='bbox 351 2744 420 2774; x_wconf 73' lang='lat' dir='ltr'>(lum</span> <span class='ocrx_word' id='word_1_413' title='bbox 444 2743 476 2773; x_wconf 73' lang='lat' dir='ltr'>hi</span> <span class='ocrx_word' id='word_1_414' title='bbox 501 2743 541 2781; x_wconf 82' lang='grc' dir='ltr'>(ίί</span> <span class='ocrx_word' id='word_1_415' title='bbox 562 2743 677 2782; x_wconf 61' lang='lat' dir='ltr'>Med).</span> <span class='ocrx_word' id='word_1_416' title='bbox 714 2743 797 2772; x_wconf 87' lang='lat' dir='ltr'>Dum</span> <span class='ocrx_word' id='word_1_417' title='bbox 834 2743 983 2781; x_wconf 71' lang='lat' dir='ltr'>quondam</span> <span class='ocrx_word' id='word_1_418' title='bbox 1020 2743 1138 2772; x_wconf 80' lang='lat' dir='ltr'>diuites</span> <span class='ocrx_word' id='word_1_419' title='bbox 1178 2743 1297 2773; x_wconf 74' lang='lat' dir='ltr'>fuerint</span> <span class='ocrx_word' id='word_1_420' title='bbox 1334 2754 1363 2772; x_wconf 82' lang='lat' dir='ltr'>v.</span> <span class='ocrx_word' id='word_1_421' title='bbox 1431 2743 1486 2781; x_wconf 88' lang='grc'>16)</span> <span class='ocrx_word' id='word_1_422' title='bbox 1513 2742 1600 2781; x_wconf 88' lang='lat' dir='ltr'>loqui</span> <span class='ocrx_word' id='word_1_423' title='bbox 1624 2751 1683 2771; x_wconf 90' lang='lat' dir='ltr'>om.</span> <span class='ocrx_word' id='word_1_424' title='bbox 1710 2740 1771 2771; x_wconf 84' lang='lat' dir='ltr'>NX</span> <span class='ocrx_word' id='word_1_425' title='bbox 1794 2740 1890 2776; x_wconf 62' lang='lat' dir='ltr'>Med„</span> <span class='ocrx_word' id='word_1_426' title='bbox 1916 2749 2002 2769; x_wconf 75' lang='lat' dir='ltr'>rvca.</span> <span class='ocrx_word' id='word_1_427' title='bbox 2055 2738 2109 2778; x_wconf 84' lang='lat'>17)</span> 
     </span>
     <span class='ocr_line' id='line_1_53' title="bbox 283 2797 2115 2840; baseline -0.002 -10"><span class='ocrx_word' id='word_1_428' title='bbox 283 2802 389 2830; x_wconf 79' lang='lat' dir='ltr'>dicere</span> <span class='ocrx_word' id='word_1_429' title='bbox 416 2809 539 2839; x_wconf 83' lang='lat' dir='ltr'>semper</span> <span class='ocrx_word' id='word_1_430' title='bbox 563 2799 647 2829; x_wconf 85' lang='lat' dir='ltr'>Med.</span> <span class='ocrx_word' id='word_1_431' title='bbox 673 2799 746 2836; x_wconf 58' lang='lat' dir='ltr'>X7v.</span> <span class='ocrx_word' id='word_1_432' title='bbox 773 2809 871 2837; x_wconf 85' lang='lat' dir='ltr'>semp.</span> <span class='ocrx_word' id='word_1_433' title='bbox 907 2800 1013 2829; x_wconf 83' lang='lat' dir='ltr'>dicere</span> <span class='ocrx_word' id='word_1_434' title='bbox 1027 2801 1083 2830; x_wconf 89' lang='lat' dir='ltr'>Nr.</span> <span class='ocrx_word' id='word_1_435' title='bbox 1133 2802 1189 2840; x_wconf 78' lang='lat'>20)</span> <span class='ocrx_word' id='word_1_436' title='bbox 1216 2802 1360 2839; x_wconf 83' lang='lat' dir='ltr'>pedestri</span> <span class='ocrx_word' id='word_1_437' title='bbox 1386 2802 1406 2830; x_wconf 93' lang='lat' dir='ltr'>i.</span> <span class='ocrx_word' id='word_1_438' title='bbox 1433 2801 1560 2830; x_wconf 87' lang='lat' dir='ltr'>humili.</span> <span class='ocrx_word' id='word_1_439' title='bbox 1587 2799 1705 2829; x_wconf 78' lang='lat' dir='ltr'>Peleus.</span> <span class='ocrx_word' id='word_1_440' title='bbox 1730 2798 1846 2828; x_wconf 86' lang='lat' dir='ltr'>Peleus</span> <span class='ocrx_word' id='word_1_441' title='bbox 1872 2806 1928 2836; x_wconf 85' lang='lat' dir='ltr'>per</span> <span class='ocrx_word' id='word_1_442' title='bbox 1953 2797 2115 2827; x_wconf 77' lang='lat' dir='ltr'>insaniam-</span> 
     </span>
     <span class='ocr_line' id='line_1_54' title="bbox 285 2855 2119 2896; baseline -0.002 -9"><span class='ocrx_word' id='word_1_443' title='bbox 285 2859 403 2887; x_wconf 85' lang='lat' dir='ltr'>dicitur</span> <span class='ocrx_word' id='word_1_444' title='bbox 429 2858 497 2895; x_wconf 87' lang='lat' dir='ltr'>N‚r.</span> <span class='ocrx_word' id='word_1_445' title='bbox 524 2857 596 2895; x_wconf 81' lang='lat' dir='ltr'>ped.</span> <span class='ocrx_word' id='word_1_446' title='bbox 624 2857 644 2886; x_wconf 88' lang='lat' dir='ltr'>i.</span> <span class='ocrx_word' id='word_1_447' title='bbox 672 2857 799 2886; x_wconf 88' lang='lat' dir='ltr'>humili.</span> <span class='ocrx_word' id='word_1_448' title='bbox 825 2861 857 2886; x_wconf 76' lang='lat' dir='ltr'>ut</span> <span class='ocrx_word' id='word_1_449' title='bbox 879 2856 928 2886; x_wconf 73' lang='grc' dir='ltr'>Ιιὶο</span> <span class='ocrx_word' id='word_1_450' title='bbox 946 2856 1049 2895; x_wconf 71' lang='lat' dir='ltr'>peleus</span> <span class='ocrx_word' id='word_1_451' title='bbox 1075 2868 1130 2896; x_wconf 81' lang='lat' dir='ltr'>per</span> <span class='ocrx_word' id='word_1_452' title='bbox 1155 2859 1218 2888; x_wconf 78' lang='lat' dir='ltr'>ins.</span> <span class='ocrx_word' id='word_1_453' title='bbox 1247 2859 1367 2888; x_wconf 84' lang='lat' dir='ltr'>dicitur</span> <span class='ocrx_word' id='word_1_454' title='bbox 1392 2869 1422 2887; x_wconf 79' lang='lat' dir='ltr'>v.</span> <span class='ocrx_word' id='word_1_455' title='bbox 1449 2858 1520 2896; x_wconf 86' lang='lat' dir='ltr'>ped.</span> <span class='ocrx_word' id='word_1_456' title='bbox 1547 2859 1568 2887; x_wconf 84' lang='lat' dir='ltr'>i.</span> <span class='ocrx_word' id='word_1_457' title='bbox 1594 2857 1718 2886; x_wconf 86' lang='lat' dir='ltr'>humili.</span> <span class='ocrx_word' id='word_1_458' title='bbox 1755 2856 1818 2885; x_wconf 89' lang='lat' dir='ltr'>Hic</span> <span class='ocrx_word' id='word_1_459' title='bbox 1842 2855 1956 2884; x_wconf 88' lang='lat' dir='ltr'>Peleus</span> <span class='ocrx_word' id='word_1_460' title='bbox 1993 2855 2119 2884; x_wconf 68' lang='lat' dir='ltr'>dicitur(</span> 
     </span>
     <span class='ocr_line' id='line_1_55' title="bbox 284 2909 2109 2957; baseline -0.002 -14"><span class='ocrx_word' id='word_1_461' title='bbox 284 2926 329 2944; x_wconf 74' lang='lat' dir='ltr'>ca.</span> <span class='ocrx_word' id='word_1_462' title='bbox 357 2916 499 2952; x_wconf 82' lang='lat' dir='ltr'>pedestri</span> <span class='ocrx_word' id='word_1_463' title='bbox 527 2915 603 2953; x_wconf 79' lang='lat' dir='ltr'>(om.</span> <span class='ocrx_word' id='word_1_464' title='bbox 632 2915 651 2943; x_wconf 84' lang='lat' dir='ltr'>i.</span> <span class='ocrx_word' id='word_1_465' title='bbox 678 2914 822 2952; x_wconf 87' lang='lat' dir='ltr'>humili).</span> <span class='ocrx_word' id='word_1_466' title='bbox 850 2914 1012 2953; x_wconf 84' lang='lat' dir='ltr'>Telephus</span> <span class='ocrx_word' id='word_1_467' title='bbox 1037 2914 1114 2950; x_wconf 81' lang='lat' dir='ltr'>th.</span> <span class='ocrx_word' id='word_1_468' title='bbox 1181 2916 1237 2954; x_wconf 88' lang='grc'>22)</span> <span class='ocrx_word' id='word_1_469' title='bbox 1265 2925 1354 2945; x_wconf 87' lang='lat' dir='ltr'>suam</span> <span class='ocrx_word' id='word_1_470' title='bbox 1375 2925 1435 2945; x_wconf 88' lang='lat' dir='ltr'>om.</span> <span class='ocrx_word' id='word_1_471' title='bbox 1460 2924 1487 2957; x_wconf 85' lang='grc' dir='ltr'>γ.</span> <span class='ocrx_word' id='word_1_472' title='bbox 1502 2915 1617 2954; x_wconf 86' lang='lat' dir='ltr'>focum</span> <span class='ocrx_word' id='word_1_473' title='bbox 1641 2924 1667 2956; x_wconf 81' lang='grc' dir='ltr'>γ.</span> <span class='ocrx_word' id='word_1_474' title='bbox 1695 2913 1795 2952; x_wconf 82' lang='lat' dir='ltr'>phoca</span> <span class='ocrx_word' id='word_1_475' title='bbox 1821 2923 1846 2942; x_wconf 92' lang='lat' dir='ltr'>r.</span> <span class='ocrx_word' id='word_1_476' title='bbox 1874 2930 1913 2933; x_wconf 92' lang='lat'>——</span> <span class='ocrx_word' id='word_1_477' title='bbox 1941 2911 2016 2941; x_wconf 74' lang='lat' dir='ltr'>exul</span> <span class='ocrx_word' id='word_1_478' title='bbox 2038 2909 2109 2940; x_wconf 84' lang='lat' dir='ltr'>libri</span> 
     </span>
     <span class='ocr_line' id='line_1_56' title="bbox 285 2968 2110 3013; baseline -0.002 -13"><span class='ocrx_word' id='word_1_479' title='bbox 285 2975 479 3001; x_wconf 70' lang='lat' dir='ltr'>constanter.</span> <span class='ocrx_word' id='word_1_480' title='bbox 546 2972 603 3009; x_wconf 78' lang='grc'>24)</span> <span class='ocrx_word' id='word_1_481' title='bbox 632 2971 716 3001; x_wconf 70' lang='lat' dir='ltr'>exsul</span> <span class='ocrx_word' id='word_1_482' title='bbox 738 2975 866 3010; x_wconf 73' lang='lat' dir='ltr'>uterque.</span> <span class='ocrx_word' id='word_1_483' title='bbox 894 2981 953 3001; x_wconf 88' lang='lat' dir='ltr'>om.</span> <span class='ocrx_word' id='word_1_484' title='bbox 978 2971 1039 3000; x_wconf 88' lang='lat' dir='ltr'>XN</span> <span class='ocrx_word' id='word_1_485' title='bbox 1063 2971 1161 3009; x_wconf 64' lang='lat' dir='ltr'>Med„</span> <span class='ocrx_word' id='word_1_486' title='bbox 1200 2982 1284 3002; x_wconf 72' lang='lat' dir='ltr'>rvca.</span> <span class='ocrx_word' id='word_1_487' title='bbox 1304 2989 1345 2993; x_wconf 63' lang='lat'>—</span> <span class='ocrx_word' id='word_1_488' title='bbox 1364 2971 1526 3010; x_wconf 79' lang='lat' dir='ltr'>perculsus</span> <span class='ocrx_word' id='word_1_489' title='bbox 1551 2971 1659 3013; x_wconf 75' lang='lat' dir='ltr'>’{N⁷ffi·</span> <span class='ocrx_word' id='word_1_490' title='bbox 1686 2969 1831 3008; x_wconf 67' lang='lat' dir='ltr'>perfusus</span> <span class='ocrx_word' id='word_1_491' title='bbox 1867 2968 1951 2998; x_wconf 79' lang='lat' dir='ltr'>Med.</span> <span class='ocrx_word' id='word_1_492' title='bbox 1990 2975 2110 3006; x_wconf 78' lang='lat' dir='ltr'>percus-</span> 
     </span>
     <span class='ocr_line' id='line_1_57' title="bbox 286 3027 2108 3070; baseline -0.001 -15"><span class='ocrx_word' id='word_1_493' title='bbox 286 3038 338 3057; x_wconf 76' lang='lat' dir='ltr'>sus</span> <span class='ocrx_word' id='word_1_494' title='bbox 375 3027 535 3063; x_wconf 77' lang='lat' dir='ltr'>X‚rvcaQ.</span> <span class='ocrx_word' id='word_1_495' title='bbox 573 3033 628 3058; x_wconf 84' lang='lat' dir='ltr'>aut</span> <span class='ocrx_word' id='word_1_496' title='bbox 665 3028 734 3057; x_wconf 73' lang='lat' dir='ltr'>exul</span> <span class='ocrx_word' id='word_1_497' title='bbox 767 3029 872 3059; x_wconf 83' lang='lat' dir='ltr'>tristis</span> <span class='ocrx_word' id='word_1_498' title='bbox 908 3038 934 3070; x_wconf 82' lang='grc' dir='ltr'>γ.</span> <span class='ocrx_word' id='word_1_499' title='bbox 962 3038 989 3058; x_wconf 80' lang='lat' dir='ltr'>a.</span> <span class='ocrx_word' id='word_1_500' title='bbox 1017 3038 1055 3064; x_wconf 73' lang='lat' dir='ltr'>e.‚</span> <span class='ocrx_word' id='word_1_501' title='bbox 1082 3028 1114 3058; x_wconf 76' lang='lat' dir='ltr'>id</span> <span class='ocrx_word' id='word_1_502' title='bbox 1137 3034 1186 3065; x_wconf 74' lang='lat' dir='ltr'>ese,</span> <span class='ocrx_word' id='word_1_503' title='bbox 1226 3033 1267 3061; x_wconf 86' lang='lat' dir='ltr'>tr.</span> <span class='ocrx_word' id='word_1_504' title='bbox 1293 3028 1370 3064; x_wconf 80' lang='lat' dir='ltr'>th.</span> <span class='ocrx_word' id='word_1_505' title='bbox 1398 3039 1457 3059; x_wconf 88' lang='lat' dir='ltr'>om.</span> <span class='ocrx_word' id='word_1_506' title='bbox 1485 3029 1543 3058; x_wconf 85' lang='lat' dir='ltr'>XN</span> <span class='ocrx_word' id='word_1_507' title='bbox 1568 3028 1653 3057; x_wconf 88' lang='lat' dir='ltr'>Med.</span> <span class='ocrx_word' id='word_1_508' title='bbox 1680 3036 1767 3056; x_wconf 76' lang='lat' dir='ltr'>rvca.</span> <span class='ocrx_word' id='word_1_509' title='bbox 1792 3029 1923 3064; x_wconf 78' lang='lat' dir='ltr'>uterque.</span> <span class='ocrx_word' id='word_1_510' title='bbox 1950 3035 1974 3054; x_wconf 86' lang='lat' dir='ltr'>s.</span> <span class='ocrx_word' id='word_1_511' title='bbox 2001 3029 2059 3054; x_wconf 87' lang='lat' dir='ltr'>est.</span> <span class='ocrx_word' id='word_1_512' title='bbox 2083 3031 2108 3065; x_wconf 85' lang='grc' dir='ltr'>γ.</span> 
     </span>
    </p>
   </div>
   <div class='ocr_carea' id='block_1_11' title="bbox 285 3084 443 3113">
    <p class='ocr_par' dir='ltr' id='par_1_16' title="bbox 285 3084 443 3113">
     <span class='ocr_line' id='line_1_58' title="bbox 285 3084 443 3113; baseline 0 0"><span class='ocrx_word' id='word_1_513' title='bbox 285 3084 355 3113; x_wconf 85' lang='lat' dir='ltr'>rell.</span> <span class='ocrx_word' id='word_1_514' title='bbox 384 3095 443 3113; x_wconf 84' lang='lat' dir='ltr'>om.</span> 
     </span>
    </p>
   </div>
  </div>
 </body>
</html>
