2148 3412
9 0 17 91 1

777 153 826 185 IN
851 154 995 187 EPIST.
1021 155 1046 193 1,
1076 159 1126 186 10.
1818 145 1900 186 423

10 300 15 315 1
76 275 228 324 sedem,
261 274 469 329 quomodo
507 289 605 316 area
644 275 883 332 [ponendae
921 278 1054 334 domi]
1095 278 1238 321 domui
1276 279 1503 334 quaeritur.
1557 280 1778 336 ponendae.
1809 278 1899 321 Lo-

14 386 15 390 ,
74 348 243 391 candae.
306 349 434 389 domo.
494 347 580 390 Pro
612 349 765 392 domui.

32 411 34 440 ¹
185 423 249 462 14.
280 422 500 464 Nouz‘slz‘ue.
558 421 882 478 Interrogatiue.

185 495 248 535 15.
284 496 356 536 Est
385 496 466 536 ubi.
527 494 701 537 Scilicet
732 496 861 538 locus.
930 506 1098 553 tepeant.
1130 499 1413 554 Temperatae
1447 501 1541 542 sint.

183 568 247 609 16.
279 569 431 610 rabiem
466 569 596 611 Cam's.
656 569 787 620 Dicit,
819 571 928 613 ruris
958 572 1148 613 homines
1179 588 1263 614 non
1294 573 1405 614 laedi
1436 574 1504 615 uel
1534 574 1693 616 Leonis
1724 574 1791 615 uel
1814 572 1899 616 Ca-

32 644 35 711 ἑ
69 641 232 683 niculae
264 641 404 697 signo:
440 640 716 684 Caniculares
747 644 844 686 dies.
904 654 1109 687 momeula.
1140 645 1365 703 Tempora.
1429 649 1578 690 Leonis.
1613 647 1723 690 Cum
1755 647 1816 689 sol
1846 647 1900 688 ad

33 734 35 752 2
69 714 256 757 Leonem
288 716 462 757 uenerit.

32 491 36 537 Ι

33 223 36 247 l

33 371 36 410 f

33 444 35 462 l

33 465 36 488 l

33 829 36 849 1
182 790 247 830 17.
280 798 457 831 acutum.
517 789 690 841 Acrem,
722 791 1026 834 uehementem.

182 863 246 904 18.
279 864 410 905 miuus
440 865 584 906 inuida
619 879 732 906 eura.
811 863 983 908 Scilicet
1030 881 1155 921 quam
1201 866 1244 907 in
1290 881 1397 908 rure.
1474 868 1765 911 llIarom'anum
1795 868 1900 910 illud

69 933 144 992 (G.
175 935 255 987 ΙΙΙ,
289 937 410 992 530):
442 952 515 979 uec
544 953 701 980 somnos
732 940 935 996 abrumpit
966 955 1067 982 cura
1099 942 1284 984 salubris.

180 1010 243 1050 19.
276 1011 461 1052 Deterius
494 1011 651 1068 Libyeis
684 1039 734 1042 ψ-
768 1014 923 1070 lapillis.
992 1013 1220 1056 Numidico
1262 1030 1483 1058 marmore.
1561 1015 1742 1058 Sensus:
1778 1032 1900 1058 num-

67 1082 167 1138 quid
198 1083 335 1126 minus
365 1084 468 1125 nitet
498 1085 629 1127 herba
661 1101 785 1141 quam
817 1102 1001 1130 marmor
1016 1087 1316 1130 Numidicum?
1348 1089 1475 1131 immo
1498 1090 1622 1130 etiam
1645 1090 1800 1131 herbae
1832 1104 1899 1131 re-

67 1155 219 1207 dolent,
252 1158 364 1212 quod
394 1158 437 1199 in
468 1159 749 1202 marmoribus
780 1175 861 1202 non
894 1168 968 1203 est.

177 1232 242 1272 20.
274 1233 438 1274 Purior.
500 1230 673 1275 Scilicet
702 1234 920 1289 numquid.
980 1236 1092 1277 uicis.
1142 1235 1411 1278 Ciuitatibus.
1471 1237 1696 1293 plumbum.
1741 1236 1793 1278 Id
1824 1242 1897 1288 est,

66 1304 235 1356 fistulas,
267 1306 500 1361 plumbeas.

177 1381 242 1421 22.
275 1381 435 1437 Nempe.
495 1380 619 1423 Adeo
650 1396 721 1423 rus
752 1388 920 1438 gratum
951 1389 1023 1425 est.

34 1503 37 1510 Ι
177 1455 242 1495 22.
275 1456 340 1496 23.
372 1456 479 1497 silua
511 1456 582 1497 col.
616 1456 745 1498 Laud.
777 1457 931 1498 (lomus.
1001 1455 1281 1498 Viridiarium
1315 1455 1430 1507 dicit,
1462 1463 1509 1498 ut
1540 1457 1679 1512 (Verq.
1710 1457 1765 1498 A.
1797 1456 1898 1508 VII,

10 1519 37 1589 ζ
67 1527 186 1584 172):
220 1529 478 1572 Horo-endum
508 1531 634 1580 siluis,
666 1536 705 1571 et
743 1530 902 1572 Cicero:
943 1529 1087 1583 (Verr.
1106 1529 1163 1581 ΙΙ,
1188 1532 1223 1572 1.
1256 1545 1290 1572 c.
1321 1529 1442 1571 XIX
1462 1532 1479 1585 ξ
1503 1532 1585 1583 51).
1608 1533 1649 1572 m
1680 1532 1786 1573 silua
1817 1532 1898 1573 ‹lis-

10 1585 37 1647 tl
57 1603 191 1658 posita
222 1602 421 1658 [subsidio
451 1603 492 1660 γ]
525 1606 598 1646 sub
630 1605 723 1647 cliuo
753 1605 940 1647 uidimus.

176 1677 241 1717 24.
273 1678 477 1720 Naturam
509 1679 692 1735 expelles.
750 1678 956 1720 Naturam
987 1678 1161 1734 expellit
1190 1693 1215 1720 a
1237 1693 1280 1721 se
1300 1679 1434 1729 furca,
1467 1678 1540 1734 qui
1571 1678 1732 1720 habitat
1762 1679 1806 1720 in
1837 1679 1897 1721 ci-

13 1757 37 1851 1ῑ
64 1748 204 1800 uitate‚
237 1757 276 1792 et
307 1751 434 1794 siluas
465 1752 621 1794 habere
653 1752 877 1795 desiderat.

0 1857 1 1863 ’
34 1857 38 1904 l

0 1920 2 1938 ²
34 1911 38 1948 l
67 1919 113 1946 est
137 1926 162 1960 γ.
182 1919 250 1947 rell.
281 1923 328 1949 est
353 1920 432 1950 uita.
459 1938 498 1941 —
526 1921 742 1959 auspiciamus
766 1930 793 1962 γ.
830 1921 1026 1959 auspicemur
1052 1918 1153 1959 (ΧΩ),
1189 1920 1243 1959 qui
1269 1921 1390 1958 pergit:
1434 1921 1591 1959 quomodo
1616 1920 1739 1950 faciunt
1764 1922 1818 1959 qui
1844 1921 1897 1951 do-

0 1999 2 2002 ,
34 1956 38 2014 l
65 1982 148 2003 mum
173 1976 344 2006 aedificare
369 1977 486 2014 uolunt,
525 1978 662 2016 primum
688 1978 854 2016 quaeritur
879 1978 1037 2016 optimum
1061 1977 1156 2006 area'.
1194 1977 1286 2015 posui
1312 1978 1516 2016 auspicemus.
1555 1977 1640 2008 conf.
1666 1976 1749 2007 Gell.
1774 1977 1832 2016 ΙΙΙ,
1860 1978 1897 2008 2;

0 2041 3 2060 1
35 2018 37 2061 l
65 2031 110 2069 id,
135 2041 195 2070 quo
220 2043 314 2072 super
336 2034 578 2073 auspicauerunt,
605 2035 777 2074 agendum.
805 2034 872 2064 Cic.
898 2034 1009 2064 Rabir.
1033 2034 1121 2072 perd.
1147 2034 1185 2063 4:
1212 2034 1379 2071 auspicato
1405 2034 1439 2063 in
1464 2033 1535 2064 loco.

35 2096 37 2127 j
179 2089 211 2128 1)
237 2099 312 2120 area
337 2090 421 2120 domi
442 2101 511 2121 vca.
539 2101 613 2121 area
631 2091 790 2131 ponendae
815 2091 894 2121 domi
919 2090 995 2126 th.
1022 2100 1097 2120 area
1122 2090 1226 2120 domui
1248 2101 1275 2133 γ.
1306 2091 1387 2121 conf.
1414 2092 1514 2121 schol.
1541 2091 1636 2121 infra.
1688 2091 1721 2130 2)
1748 2090 1899 2121 Locande

2 2170 3 2174 ,
35 2129 38 2190 Ι
64 2154 90 2186 γ.
119 2145 275 2177 locandae
298 2147 350 2191 Βφ
376 2149 443 2181 rell.
470 2158 530 2178 om.
568 2149 629 2179 Pro
656 2150 763 2180 domui
788 2149 881 2192 ·(,Βφ.
907 2148 977 2178 rell.
1004 2158 1064 2177 oni.
1103 2147 1232 2177 Scholia
1260 2148 1301 2177 ad
1326 2158 1355 2177 u.
1386 2149 1424 2177 14
1438 2149 1526 2177 ἡ22.
1555 2149 1595 2178 23
1627 2157 1668 2177 ex
1700 2158 1718 2190 γ
1749 2148 1832 2178 conf.
1860 2147 1896 2178 C.

1 2222 4 2226 .
35 2193 39 2241 ξ
65 2202 134 2231 rell.
159 2213 220 2233 om.
269 2204 304 2243 3)
331 2205 488 2244 Interrog.
514 2215 540 2247 γ.
567 2207 636 2236 rell.
664 2216 724 2236 om.
751 2206 833 2236 conf.
860 2205 903 2236 C:
938 2205 1039 2243 ‘quasi
1065 2205 1151 2234 dicat
1177 2206 1261 2234 non.7
1325 2205 1361 2244 4)
1388 2215 1457 2243 sup.
1483 2205 1572 2235 locus
1599 2204 1634 2234 C.
1661 2204 1899 2243 temperatiores

1 2279 4 2283 -
35 2243 39 2316 ἱ
65 2256 99 2287 C.
150 2259 183 2299 7)
208 2260 287 2290 Dies
313 2263 524 2292 caniculareis
553 2261 588 2292 C.
617 2281 659 2284 —
685 2262 721 2293 C.
757 2267 902 2293 momenta
928 2261 1032 2293 leonis.
1070 2266 1259 2291 nocumenta
1286 2261 1365 2300 (sic)
1391 2272 1460 2291 cum
1487 2280 1527 2282 --j
1554 2261 1638 2290 uenit
1663 2260 1698 2290 C.
1764 2262 1798 2300 9)
1823 2261 1897 2291 Acr.

1 2317 39 2344 ,ι’
65 2315 136 2344 ueh.
161 2316 227 2358 “va-
294 2318 349 2357 10)
377 2318 460 2349 conf.
489 2318 534 2349 C:
570 2320 699 2358 depellat
721 2329 792 2349 som.
821 2319 899 2349 uncle
923 2318 1165 2348 Maeronianum
1192 2336 1233 2339 ν-
1257 2318 1415 2348 salubreis.
1449 2318 1556 2355 minus,
1590 2328 1684 2356 quam
1710 2319 1786 2348 ruri.
1840 2318 1895 2356 12)

0 2379 20 2402 μὲ
65 2370 201 2403 deterius.
221 2383 289 2413 sup.
307 2376 456 2414 nunquid
475 2385 587 2406 sensus
614 2380 675 2413 est,
694 2377 840 2415 nunquid
857 2377 961 2406 minus
977 2393 1017 2396 m
1034 2374 1179 2412 (imo)—-
1193 2375 1387 2413 redolerent,
1407 2385 1472 2405 non
1489 2385 1658 2405 marmora.
1676 2384 1736 2406 om.
1756 2375 1839 2413 quod
1855 2391 1897 2396 —-

2 2450 5 2453 -
36 2406 40 2465 l
66 2433 122 2466 est,
149 2428 181 2459 C.
232 2430 289 2470 13)
315 2441 408 2470 supp.
436 2434 591 2471 numquid
617 2432 653 2463 C.
705 2434 758 2472 15)
785 2433 987 2463 ciuitatibus
1005 2431 1069 2474 γ,Ο.
1092 2431 1252 2470 plumbum.
1280 2432 1418 2462 fistulam
1442 2433 1617 2470 plumbeam
1634 2432 1668 2462 C.
1699 2441 1787 2470 quam
1811 2440 1895 2469 quae.

0 2500 4 2517 ι
36 2476 40 2559 i
66 2495 154 2525 supp.
181 2497 273 2527 aqua.
290 2499 451 2521 murmure.
479 2500 556 2521 sono
573 2492 649 2521 leni.
700 2492 756 2530 17)
783 2491 896 2530 Nempe
919 2490 999 2520 iuter
1023 2489 1142 2519 uarias.
1169 2489 1229 2518 hoe
1255 2492 1314 2526 est,
1340 2490 1418 2518 adeo
1437 2498 1488 2518 rus
1507 2493 1634 2527 gratum
1659 2492 1719 2525 est,
1745 2492 1781 2517 ut
1798 2489 1897 2517 etiam

2 2553 4 2573 :
37 2561 40 2599 Ι
66 2544 98 2573 in
113 2546 192 2575 urbe
209 2555 226 2575 a
242 2548 429 2585 potentibus
448 2548 531 2578 inter
548 2549 657 2578 uarias
676 2548 851 2584 columnas,
879 2548 1043 2577 nutriatur
1068 2547 1150 2576 silua
1174 2546 1215 2575 ad
1240 2546 1502 2584 delectationem,
1528 2549 1564 2575 ut
1581 2545 1784 2575 Hori-endum
1810 2545 1893 2582 disp.

2 2619 3 2622 =
65 2600 116 2630 sub
133 2601 200 2631 cliuo
218 2602 334 2643 (recte)
358 2604 501 2634 uidimus
520 2603 555 2634 C.
605 2605 663 2644 21)
691 2605 831 2643 expelles
846 2605 892 2646 γῑ),
913 2604 1038 2642 corrige
1065 2603 1152 2639 inde,
1180 2603 1265 2641 quod
1290 2602 1321 2632 S.
1342 2602 1461 2633 Obbar.
1480 2613 1509 2641 p.
1529 2603 1569 2631 46
1596 2602 1710 2631 refert:
1739 2601 1897 2639 ‘expellas

1 2670 4 2688 ε
65 2656 377 2690 Acr.in1emmate.'
410 2670 469 2691 νεα
484 2670 587 2700 neque
604 2662 750 2700 expellas
766 2662 886 2691 habent
912 2662 946 2691 in
971 2662 1077 2691 lemni.
1103 2669 1206 2698 neque
1224 2659 1376 2698 expelles,
1414 2660 1498 2698 quod
1523 2670 1561 2689 vc
1587 2660 1619 2688 in
1645 2658 1722 2688 Hor.
1749 2661 1895 2687 tuentur.

1 2735 4 2738 -
66 2716 206 2754 expellas
230 2716 398 2747 Fabricius
423 2716 490 2756 (fh)
517 2718 658 2755 induxit,
685 2727 777 2757 quem
795 2717 822 2753 Q
849 2721 978 2748 secutus
1005 2720 1065 2747 est.
1092 2715 1117 2747 C
1142 2716 1239 2746 habet
1265 2716 1416 2755 expelles,
1442 2719 1477 2745 ut
1503 2725 1586 2746 omn.
1612 2715 1677 2744 fere
1703 2718 1779 2744 uett.
1805 2714 1896 2744 codd.

1 2793 4 2797 -
65 2770 191 2803 Horatii
216 2773 446 2817 Essgo-sFHJIO
472 2774 582 2805 Ambr.
607 2775 704 2805 Fran.
730 2774 850 2804 Bernn.
876 2772 978 2804 ACD.
1005 2773 1122 2812 Regin.
1147 2773 1200 2803 Μ2
1230 2777 1271 2811 et,
1310 2777 1393 2804 teste
1417 2773 1635 2811 Babingtone,
1673 2780 1753 2800 rece.
1792 2770 1896 2800 Harll.

67 2824 114 2864 ξικ
138 2833 170 2860 et
194 2830 278 2860 haud
303 2840 424 2870 paucae
449 2832 522 2861 edd.
551 2841 634 2862 saec.
660 2831 727 2861 XV.
755 2830 894 2870 expellis
918 2831 1105 2861 notauimus
1131 2830 1315 2878 qssabingt.)
1343 2841 1384 2860 ex
1409 2829 1500 2860 Harl.
1521 2830 1551 2859 3.
1579 2828 1694 2866 (2724.
1711 2836 1793 2857 saec.
1806 2826 1896 2865 XII.)

66 2885 138 2915 uide
163 2885 194 2917 S.
222 2886 341 2918 Obbar.
367 2889 388 2918 1.
414 2888 436 2918 l.
462 2888 527 2918 Fea
552 2889 592 2918 ad
617 2888 648 2918 h.
674 2889 695 2919 l.
722 2888 847 2918 codices
871 2897 936 2918 non
960 2887 1119 2926 inspexit.
1143 2886 1286 2926 Uterque
1313 2887 1455 2925 expelles
1479 2886 1649 2924 amplexus
1675 2888 1724 2914 est
1749 2887 1785 2913 ut
1804 2883 1896 2914 Orel-

2 2964 4 2967 .
66 2940 139 2980 lius,
165 2944 219 2981 qui
245 2944 385 2983 expelles
408 2946 535 2983 putauit
561 2948 666 2975 ortum
692 2954 733 2974 ex
759 2953 845 2983 seqq.
871 2944 1001 2975 futuris.
1050 2943 1122 2974 Non
1149 2953 1227 2981 ego,
1266 2953 1341 2973 nam
1378 2943 1594 2973 ‘enuntiatum
1626 2940 1897 2981 hypotheticum‘,

0 3012 5 3031 ι
67 2999 149 3036 quod
173 3001 282 3038 aptius
308 3002 398 3040 dicit,
424 3001 589 3032 conferens
614 3002 668 3040 IV,
694 3002 727 3040 4,
754 3002 808 3039 66,
847 3002 945 3031 etiam
971 3000 1113 3039 expelles
1137 2999 1246 3030 futuro
1272 3000 1433 3030 conuenit.
1481 2998 1536 3029 Sic
1562 2998 1703 3036 expelles
1726 2998 1822 3027 lectio
1848 3000 1898 3027 est

0 3061 5 3088 ζ,
67 3057 223 3087 uetustior
241 3061 270 3088 et
286 3059 382 3097 paulo
406 3058 581 3097 diffieilior,
607 3058 751 3098 expellas
775 3058 935 3089 recentior
960 3060 1002 3094 et,
1027 3061 1065 3088 ut
1090 3057 1137 3087 ita
1162 3057 1277 3094 dicam,
1315 3056 1520 3086 commodior.
1568 3054 1756 3084 Notandum
1780 3057 1813 3084 et
1836 3053 1896 3083 mi-

0 3117 1 3125 *
41 3132 42 3137 ,
67 3120 135 3143 rum
159 3117 217 3153 est,
246 3115 456 3147 correctiones
481 3116 523 3146 ad
547 3116 578 3146 h.
603 3125 635 3147 u.
662 3116 695 3146 in
720 3115 813 3147 codd.
840 3124 909 3145 esse
933 3115 1135 3146 rarissimas:
1162 3115 1195 3144 in
1221 3113 1292 3143 Par.
1319 3113 1406 3143 8218
1433 3112 1502 3151 (18.
1517 3111 1670 3150 Pottier.)
1695 3113 1824 3141 tantum
1848 3109 1896 3141 of-

1 3182 4 3200 ι
67 3168 155 3201 feudi
180 3173 321 3211 expelles
345 3183 426 3204 corr.
452 3182 471 3203 a
499 3175 526 3203 1.
551 3183 593 3204 m.
621 3191 662 3195 —
689 3182 707 3203 a
732 3182 765 3203 se
788 3173 837 3215 ·(b.
864 3173 934 3202 rell.
960 3182 1020 3203 om.

1949 584 1966 613 ἱῖἱ
