2148 3412
146 955 186 987 10

149 1323 189 1354 ]5

147 1689 187 1721 ‘20

211 150 292 191 100
844 158 951 191 Acu.
978 158 1038 189 ET
1063 157 1231 189 Pom’u.
1257 156 1403 189 coMM.

208 290 460 334 sternuntur,
507 283 579 325 alii
609 283 785 324 uncinos
815 282 992 338 ligneos,
1039 280 1191 337 quibus
1221 295 1350 323 onera
1379 281 1649 336 inponuntur.
1724 280 1782 322 Et
1810 280 2040 322 notandum

210 368 378 416 tempore
410 373 485 414 pro
518 356 711 412 tempori,
746 355 828 412 [utz
866 358 922 397 De
950 357 1052 398 uilla
1084 356 1252 411 tempori
1279 355 1514 412 uem'mus.].

315 440 485 488 ponunt.
547 428 785 485 Significat,
832 429 931 484 quia
962 430 1013 471 de
1044 429 1117 470 illa
1146 428 1293 470 uillula
1323 443 1417 470 cum
1448 428 1573 470 mulis
1603 429 1792 471 sarcinas
1833 443 1928 470 suas
1967 443 2041 470 ne-

210 506 438 562 gotiatores
470 502 665 559 Capuam
697 503 867 544 ducunt.

323 580 390 620 49.
424 578 574 620 crudis.
642 576 713 617 Ad
744 576 986 632 Vergilium
1018 576 1194 626 rettulit,
1242 575 1312 630 qui
1344 575 1514 617 difficile
1546 575 1779 631 digerebat3
1826 575 2044 617 dicebatur

211 653 322 695 enim
355 651 614 694 stomachum
645 650 788 692 dolere
818 650 1050 706 Vergilius.
1110 647 1287 691 Alias:
1335 649 1476 691 crudis
1507 656 1578 690 aut
1608 649 1801 705 inperitis
1833 656 1903 691 aut
1931 649 2043 690 indi-

211 726 340 783 gestis
351 742 360 775 3
392 740 490 766 nam
522 725 594 779 qui
625 723 829 765 stomachi
860 723 1046 765 dolerem
1076 723 1304 778 patiuntur,
1337 722 1498 764 tardius
1528 722 1739 779 digerunt.

325 801 390 842 50.
423 800 514 840 hinc
543 813 615 840 uos
653 799 797 840 Coccei.
860 798 975 839 Hine.
1006 796 1049 837 A
1081 794 1243 851 Capua.
1316 794 1486 837 Neruae
1518 793 1687 847 Coccei,
1738 795 1820 853 [ut]
1854 795 2045 851 superius

212 874 271 929 (u.
304 874 377 928 28)
410 873 594 914 diximus
627 871 849 929 [copiose]
912 871 1160 913 Plem'ssima.
1195 867 1393 924 Copiosa.

326 948 392 988 51.
430 947 564 988 Caudi
593 960 810 1002 cauponas.
874 942 1085 986 Caudium
1109 943 1209 1000 [est]
1233 943 1382 985 ciuitas
1406 941 1584 984 Samnii.
1649 944 1798 985 Lucan.
1822 942 1899 998 (II,
1923 943 2045 999 138):

218 1021 332 1063 Ultra
365 1020 567 1062 Caudmas
597 1020 781 1075 sperauit
812 1019 983 1059 uulnera
1013 1019 1168 1071 furcas.
1228 1015 1326 1058 Non
1356 1016 1483 1072 longe
1514 1023 1653 1058 autem
1688 1016 1781 1074 [ab]
1815 1023 1877 1058 est
1907 1031 1932 1057 a
1962 1016 2045 1058 Be-

211 1101 403 1136 neuento.
467 1093 622 1149 [Caudi
650 1107 867 1149 cauponas,
915 1105 1021 1146 quae
1050 1091 1153 1132 uilla
1184 1105 1312 1146 supra
1345 1089 1483 1132 Caudi
1531 1089 1788 1147 [cuiusdam]
1835 1105 2047 1145 cauponas

212 1174 285 1209 est.
348 1167 448 1223 [Alit
490 1167 689 1208 tabernas
735 1164 886 1214 Caudi,
936 1166 1021 1206 Alii
1060 1164 1264 1220 oppidum
1308 1163 1488 1220 uolunt]
1562 1163 1705 1205 Locus
1750 1170 1824 1214 est,
1870 1163 1943 1219 qui
1987 1163 2048 1206 sic

213 1240 470 1297 appellatur:
503 1239 557 1280 ad
587 1239 783 1281 tabernas
815 1229 973 1288 Caudi3
1006 1238 1224 1294 oppidum,
1261 1236 1334 1278 alii
1364 1237 1506 1278 dicunt
1537 1236 1748 1278 tabernas.

329 1316 395 1356 52.
429 1314 584 1355 Cicirri.
643 1311 705 1353 Hi
736 1312 992 1354 dicacissimi
1021 1313 1200 1354 fuerunt.

326 1389 391 1429 53.
423 1388 556 1435 Musa,
578 1387 701 1429 uelim
721 1401 924 1428 memores.
985 1385 1219 1442 Eleganter
1251 1385 1369 1440 quasi
1401 1384 1625 1441 phantasia
1659 1391 1878 1439 poetarum
1909 1384 2049 1440 operis

211 1461 383 1512 heroici,
414 1467 459 1502 ut
489 1460 562 1517 (A.
586 1459 686 1510 VH,
709 1461 799 1514 37):
833 1461 953 1501 Nunc
975 1475 1059 1515 aye,
1091 1461 1301 1516 quireyes,
1332 1460 1474 1509 Erato,
1506 1465 1546 1499 et
1568 1455 1641 1513 (A.
1658 1457 1760 1509 VH,
1784 1459 1902 1513 641):
1937 1460 2048 1501 Pan-

214 1536 291 1577 dite
312 1550 421 1577 nuuc
442 1535 653 1581 Helicona,
689 1534 807 1584 Deae,
830 1540 870 1574 et
891 1532 964 1588 (A.
987 1533 1094 1583 XII,
1118 1534 1240 1588 500):
1284 1534 1383 1584 Quis
1412 1533 1509 1574 mihi
1537 1546 1647 1574 nuuc
1668 1541 1724 1575 tot
1746 1533 1891 1574 acerba
1917 1533 2052 1576 Deus?

216 1608 410 1665 [Quidam
454 1607 783 1662 reprehendunt⁴
812 1606 1053 1657 Horatium,
1101 1607 1214 1662 quod
1244 1607 1296 1647 de
1326 1606 1418 1647 rixa
1449 1606 1636 1649 dicturus
1666 1606 1818 1663 petiuit
1846 1606 2049 1648 auxilium

212 1681 386 1731 Musae;
425 1680 561 1730 stulte,
607 1696 705 1721 nam
745 1680 926 1721 oratorie
957 1680 1037 1722 hoc
1066 1680 1177 1722 fecit.
1240 1679 1423 1733 Quando
1455 1687 1593 1722 autem
1624 1680 1676 1722 de
1705 1680 1790 1722 leui
1820 1695 1865 1722 re
1896 1680 2050 1722 dicturi

212 1771 367 1805 sumus,
403 1762 605 1796 attentum
637 1753 836 1796 debemus
867 1755 1005 1796 facere
1036 1754 1270 1796 auditorem
1301 1760 1474 1809 propter
1504 1754 1718 1795 leuitatem
1748 1754 1809 1795 rei
1819 1770 1829 1803 3
1862 1754 1930 1795 uel
1951 1754 2050 1809 quia

212 1828 499 1883 descripturus
529 1828 643 1869 uiam
664 1843 782 1869 suam
803 1842 886 1869 non
908 1827 1051 1869 debuit
1072 1827 1419 1883 praetermittere,
1452 1827 1565 1882 quod
1594 1827 1637 1868 in
1670 1842 1719 1870 ea
1749 1827 1930 1870 iucunde
1960 1829 2048 1870 fac-

213 1909 299 1943 tum
321 1901 556 1951 uidebatur,
589 1901 677 1942 siue
699 1901 797 1943 ludo
819 1908 963 1942 narrat
993 1901 1206 1958 poetico.].

328 1977 393 2016 54.
427 1975 530 2016 Osci.
590 1973 659 2015 De
682 1982 806 2030 gente
830 1974 1053 2017 Oscorum.
1085 1975 1171 2017 scil.
1204 1981 1310 2017 sunt.
1372 1973 1619 2031 Campanus
1649 1983 1751 2026 erat,
1785 1976 1884 2032 quia
1907 1974 2048 2018 Cam—

331 2144 363 2187 1)
388 2146 530 2176 uncz‘ones
554 2157 584 2177 v.
634 2145 669 2186 2)
700 2147 851 2186 Tempore.
877 2147 1066 2177 Notandum
1091 2150 1235 2185 tempore
1260 2147 1306 2178 fh.
1334 2165 1376 2169 ——
1402 2152 1437 2178 ut
1463 2166 1505 2169 —
1530 2148 1676 2178 uenimus
1701 2157 1760 2178 om.
1785 2156 1815 2192 γ,
1844 2149 1898 2188 qui
1923 2149 2047 2188 pergit:

214 2203 277 2234 Alii
301 2204 411 2233 dicunt
436 2204 518 2242 quod
544 2204 633 2242 ligna
658 2204 723 2234 sint
749 2205 769 2233 i.
795 2205 906 2234 uncini
933 2213 1013 2243 quae
1038 2214 1133 2242 super
1157 2205 1313 2234 animalia
1337 2206 1444 2243 posita
1468 2205 1543 2235 hinc
1568 2205 1643 2234 inde
1668 2214 1765 2235 onera
1782 2209 1979 2236 sustentant.
2005 2224 2046 2228 —

214 2265 245 2291 et
271 2265 337 2290 not.
364 2265 461 2299 temp.
479 2258 710 2303 ·s‚1nva(G?Q).
761 2263 795 2301 3)
822 2260 930 2300 signif.
946 2280 989 2283 —
1003 2262 1126 2292 ducunt
1143 2271 1169 2304 γ.
1183 2262 1253 2292 rell.
1272 2272 1333 2292 orn.
1383 2260 1417 2303 6)
1441 2261 1534 2292 Alias
1548 2279 1591 2283 -—
1605 2262 1756 2301 digerunt
1780 2273 1842 2294 om.
1859 2262 2047 2303 G(Q‚)‚1nva.

216 2319 252 2357 8)
270 2318 299 2347 A
318 2327 419 2356 capua
443 2327 469 2359 γ.
488 2318 557 2347 rell.
577 2327 637 2348 om.
664 2317 742 2347 hinc.
769 2319 809 2347 ab
834 2319 894 2347 hae
919 2319 1035 2348 uillula
1060 2318 1094 2348 C.
1120 2328 1238 2349 nei-uae
1256 2320 1359 2349 eoccei
1385 2328 1453 2357 sup.
1481 2319 1548 2349 dix.
1574 2329 1601 2361 γ.
1626 2319 1696 2348 rell.
1724 2318 1838 2350 Coccei
1863 2320 1988 2350 Neruae
2012 2324 2049 2351 ut
2108 2321 2114 2338 Γ

213 2385 281 2413 sup.
308 2376 376 2404 dix.
403 2375 542 2412 copiose.
571 2373 704 2412 Copiose
728 2380 833 2405 ortum
859 2384 900 2405 ex
926 2376 969 2414 gl.
996 2385 1061 2414 seq.
1091 2374 1214 2414 Copiosa
1239 2376 1280 2418 (γ.
1306 2376 1377 2405 rell.
1404 2376 1493 2414 om.).
1533 2374 1766 2414 Copnosissima
1790 2375 1824 2415 C,
1859 2377 1913 2415 qui
1938 2377 2046 2408 addit:

212 2440 292 2470 quae
318 2435 366 2461 est
390 2440 484 2469 supra
512 2429 633 2461 Claudii
660 2432 822 2461 cuiusdam
850 2442 1020 2470 cauponas.
1072 2433 1128 2472 10)
1158 2431 1254 2463 Caudi
1280 2433 1400 2462 habent
1426 2433 1519 2470 pauci
1545 2433 1634 2462 codd.
1661 2443 1750 2471 pure,
1780 2436 1815 2462 ut
1840 2432 1941 2472 Barc.‚
1968 2443 2046 2464 corr.

212 2488 324 2525 Regin.
351 2487 445 2516 Bern.
472 2485 722 2526 B‚mafh(G‘?Q).
749 2487 866 2518 Gaudia·
888 2499 917 2517 v.
945 2488 1065 2519 Contra
1089 2499 1155 2519 uox
1180 2492 1285 2519 notior
1311 2488 1424 2519 Claudi
1446 2489 1498 2518 uel
1526 2487 1647 2519 Claudii
1669 2490 1758 2528 uulg.
1784 2490 1879 2520 lectio
1911 2494 1943 2521 et
1968 2494 2045 2522 uett.

212 2544 356 2573 codicum
381 2544 459 2573 Hor.
484 2544 594 2574 uocari
621 2548 737 2582 potest.
764 2554 798 2585 γ;
825 2545 930 2574 claudi
953 2555 1115 2583 cauponas
1141 2555 1211 2575 cum
1237 2547 1362 2584 glossa:
1392 2547 1544 2584 oppidum
1568 2546 1672 2576 caudi.
1698 2546 1809 2576 eadem
1826 2548 2046 2578 inconstantia

213 2600 245 2629 in
270 2600 403 2629 scholiis
431 2601 509 2629 eius.
537 2600 644 2629 clauda·
666 2600 775 2630 Ainbr.
802 2600 862 2639 (gl.
890 2602 1017 2641 oppidi)
1043 2602 1139 2631 Fran.
1166 2606 1231 2632 net.
1257 2602 1345 2632 Pith.
1372 2602 1488 2632 Bernn.
1514 2603 1580 2632 AF.
1607 2603 1696 2633 Parr.
1718 2600 1934 2634 ΕΗΙΜΡΤκλ.
1960 2604 2045 2634 Van-
2106 2592 2110 2630 ιι

212 2657 300 2686 derb.
327 2657 359 2685 in
384 2660 539 2694 apparatu
565 2665 621 2686 suo
647 2657 760 2687 habet:
786 2657 823 2686 V.
849 2657 891 2687 K.
918 2658 959 2687 H.
985 2662 1107 2696 septem
1132 2659 1235 2688 Harll.
1263 2662 1323 2688 etc.
1349 2659 1468 2688 claudii
1490 2659 1514 2687 E
1540 2659 1591 2702 Βφ
1617 2659 1767 2698 (uterque
1793 2670 1819 2690 c.
1847 2661 1890 2698 gl.
1917 2659 2045 2701 oppidi)

213 2712 281 2741 DR.
308 2713 463 2750 Perpauci
488 2713 560 2742 hab.
588 2713 682 2750 cladi,
716 2717 751 2743 ut
776 2713 848 2743 Par.
875 2712 892 2756 β
918 2713 964 2752 (S.
991 2714 1102 2744 Victor
1127 2725 1208 2744 saec.
1235 2714 1311 2754 XII)
1337 2714 1436 2754 Angl.
1463 2716 1482 2744 4
1509 2716 1558 2754 (in
1583 2717 1663 2747 bibl.
1690 2716 1769 2755 Reg.
1796 2716 1843 2746 St.
1869 2717 1977 2746 Iacobi
2006 2718 2043 2747 15

212 2768 250 2797 Β.
276 2768 345 2797 VII.
372 2769 405 2797 P.
431 2769 506 2798 240.
527 2778 609 2798 saec.
628 2768 729 2809 XII.).
755 2773 804 2799 est
829 2779 888 2799 om.
914 2779 940 2811 γ.
973 2771 1032 2800 eiu.
1060 2772 1131 2800 sani
1159 2771 1219 2810 (sic
1244 2781 1300 2809 pro
1326 2772 1411 2811 sani)
1438 2773 1531 2802 caudi
1556 2782 1706 2811 caponas.
1732 2773 1809 2803 Luc.
1835 2783 1862 2815 γ.
1913 2773 1969 2812 11)
1997 2777 2046 2804 est

212 2834 238 2866 γ.
264 2833 326 2853 non
345 2826 477 2862 procula
502 2825 580 2855 Ben.
608 2825 657 2862 C„
683 2825 781 2856 abest.
810 2825 911 2855 Caudi
940 2844 978 2847 —
1004 2827 1120 2857 uolunt
1144 2837 1203 2856 om.
1229 2827 1404 2867 1nva(GQ).
1472 2829 1526 2867 12)
1553 2830 1660 2859 claudi
1684 2839 1710 2872 γ.
1737 2830 1902 2860 cuiusdam
1927 2841 1988 2860 om.
2015 2840 2043 2871 γ.
2103 2861 2105 2866 4

217 2881 271 2919 13)
299 2881 422 2910 inclusa
447 2891 507 2911 om.
533 2892 560 2923 γ.
589 2899 629 2902 —
656 2882 759 2912 Locus
786 2900 826 2903 —-
854 2884 1006 2912 tabernas
1031 2894 1057 2925 γ.
1125 2883 1182 2923 15)
1207 2884 1324 2914 cicircz'.
1356 2885 1388 2914 hi
1420 2886 1481 2915 dic.
1513 2884 1642 2916 fuerunt
1673 2896 1698 2928 γ.
1732 2887 1802 2916 rell.
1835 2896 1894 2916 om.
1929 2886 2046 2917 Cicirri

214 2937 379 2974 pauciores
405 2938 504 2973 codd„
540 2941 576 2967 ut
600 2938 709 2968 Ambr.
746 2938 842 2968 Fran.
866 2939 950 2977 FIQ,
988 2940 1119 2978 plurimi
1146 2939 1276 2970 Cicerri.
1343 2940 1398 2980 16)
1425 2942 1602 2981 Eleganter
1637 2960 1681 2964 ——
1716 2943 1804 2973 Deus
1829 2953 1890 2974 om.
1917 2942 2042 2981 G‚mva.

216 2992 425 3031 -fantasia
449 3003 466 3035 γ
492 2998 567 3024 et—
594 2994 632 3030 Q.
685 2995 739 3034 18)
765 2995 886 3026 elicona
911 3006 937 3038 γ.
991 2997 1045 3035 19)
1070 2996 1139 3026 iuno
1164 3000 1213 3027 tot
1238 3007 1264 3039 γ.
1292 2996 1431 3032 Quidam
1454 3016 1497 3020 ——
1522 3000 1649 3037 poetico
1674 3009 1735 3030 om.
1759 2998 1828 3041 γ,Ο.
1889 2999 1947 3039 20)
1971 3009 2043 3030 nam

215 3047 404 3089 G(Q)‚mva.
432 3054 458 3079 ec
483 3050 530 3080 fh.
596 3049 653 3091 22)
680 3052 762 3090 quod
786 3061 821 3081 ue
847 3053 908 3082 iuc.
936 3052 1041 3090 G‚mv.
1067 3053 1206 3092 quodque
1231 3063 1259 3083 a.
1286 3055 1368 3092 quod
1393 3054 1424 3084 in
1448 3064 1484 3084 ea
1507 3055 1585 3091 th.
1648 3054 1707 3095 23)
1731 3059 1842 3086 narrat
1867 3066 1927 3086 om.
1959 3055 2041 3094 Gan.

215 3103 261 3136 sie
288 3105 347 3143 (z
372 3107 456 3146 sinc)
483 3117 522 3136 va
559 3107 639 3147 (sii).
679 3110 804 3146 poetico
829 3119 889 3139 om.
916 3119 965 3141 va.
1017 3108 1074 3149 24)
1100 3110 1168 3139 orti.
1194 3111 1243 3140 De
1262 3114 1358 3149 gente
1383 3120 1536 3141 oscorum.
1565 3121 1589 3141 s.
1617 3115 1691 3141 sunt
1716 3121 1742 3154 γ.
1767 3113 1833 3141 rell.
1861 3122 1922 3142 om.
1959 3122 2042 3143 cam-

214 3171 316 3201 panus
341 3167 420 3194 erat.
447 3164 521 3202 quia
547 3173 649 3203 camp.
677 3166 761 3195 ostia
787 3166 874 3196 dieta
901 3169 960 3196 est.
988 3167 1044 3196 sed
1069 3167 1189 3197 nobilis
1215 3168 1281 3198 osci
1313 3168 1451 3198 irridens
1482 3169 1539 3198 ait.
1573 3172 1646 3198 sunt
1677 3177 1780 3199 mores
1810 3168 1944 3200 infames
1975 3170 2041 3200 osci
