2148 3412
151 908 189 938 lss

156 1274 192 1304 15

154 2007 194 2037 25

216 105 296 144 6318
847 112 949 144 ΑΘΒ.
975 111 1035 143 ΕΤ
1061 111 1226 143 PORPH.
1253 110 1401 143 COMM.

216 251 398 286 carmen,
428 236 541 291 quod
572 250 623 276 ex
653 242 751 277 nota
782 235 912 289 possit
943 248 1032 276 esse
1063 234 1251 283 materia,
1288 234 1331 274 id
1362 240 1435 283 est,
1481 233 1539 274 ita
1568 234 1683 288 fingo
1713 246 1880 273 carmen
1909 238 1947 272 et
1978 231 2037 272 ita

216 324 406 366 conpono
438 309 696 351 comoediam
727 322 778 350 ex
812 308 921 350 notis
952 308 1090 358 rebus,
1137 314 1181 348 ut
1212 307 1351 361 quiuis
1381 306 1601 357 existimet,
1643 320 1686 348 se
1717 319 1839 361 posse
1869 304 2036 346 imitari.

216 398 388 426 carmen.
421 381 709 425 Comoediam.

328 458 421 498 241.
454 457 548 496 242.
580 456 734 497 laboret
764 456 899 497 Ausus
930 455 1043 496 idem.
1114 452 1224 496 Cum
1268 454 1496 509 adgressus
1540 452 1684 501 fuerit3
1731 467 1828 493 nam
1872 450 2039 492 uirtutis

214 537 287 580 est,
319 530 377 570 ita
407 528 591 571 seribere
637 528 910 578 comoediam,
957 534 1002 569 ut
1045 527 1269 569 imitationi
1312 527 1449 568 facilis
1493 526 1687 567 uideatur
1731 533 1771 566 et
1801 524 2038 566 executioni

214 602 410 644 difficilis.
485 601 593 654 Quis
623 602 735 643 enim
765 601 896 643 nescit
928 601 1097 643 modum
1128 601 1339 656 litigandi,
1379 600 1588 655 quomodo
1618 598 1815 655 obiurgat
1844 604 1964 653 pater
1990 598 2040 638 fi-

214 677 328 724 lium,
360 675 606 717 adulescens
635 675 832 717 irascitur
861 674 1072 716 meretrici
1104 681 1144 716 et
1174 674 1257 715 alia
1287 673 1606 715 huiuscemodi?

329 758 484 792 tantum
513 751 633 791 series
664 751 932 804 iuncturaque
959 749 1094 805 pollet.
1154 747 1204 788 Id
1236 754 1309 797 est,
1357 747 1460 788 ordo
1490 761 1642 796 rerum,
1689 745 1842 787 diuisio
1887 745 2040 800 operis,

214 823 317 865 ordo
347 823 586 873 uerborum,
618 822 876 872 oeconomia,
909 821 1142 877 conpositio
1163 820 1403 871 uerborum,
1435 820 1478 861 id
1509 828 1582 870 est,
1623 826 1784 861 tantum
1805 818 1918 860 ualet
1939 818 2042 860 ordo

216 904 256 937 et
286 896 547 952 compositio,
579 903 622 937 ut
654 911 725 937 eas
755 894 927 936 difficile
958 895 1011 936 sit
1040 894 1209 935 imitari.

329 972 423 1012 242.
457 979 624 1012 tantum.
684 968 744 1011 Vt
773 983 897 1010 nemo
928 968 1126 1010 imitetur.

329 1044 423 1084 243.
457 1043 524 1099 [de
551 1043 677 1085 medio
712 1044 889 1099 sumptis.
948 1042 999 1083 Id
1039 1050 1121 1083 est:
1153 1056 1203 1082 ex
1244 1048 1341 1082 noto
1372 1039 1613 1095 excerptis]
1675 1040 1829 1081 accedit
1858 1039 2038 1080 lionoris.

216 1116 267 1157 Id
298 1123 371 1166 est,
407 1116 545 1166 rebus,
576 1130 684 1171 quae
715 1123 838 1170 aptae
859 1122 955 1157 sunt
975 1115 1228 1157 comoediae.
1289 1113 1399 1156 Nam
1423 1115 1468 1156 de
1489 1115 1631 1163 medio,
1654 1113 1732 1154 hoc
1753 1119 1827 1163 est,
1851 1127 1902 1153 ex
1945 1118 2044 1153 noto

217 1189 469 1240 scribuntur,
501 1197 569 1230 aut
599 1191 765 1245 surreptis
796 1191 842 1231 de
872 1190 1012 1239 medio,
1057 1189 1100 1230 id
1132 1196 1205 1239 est,
1253 1188 1305 1229 de
1335 1188 1413 1238 his,
1461 1202 1567 1243 quae
1597 1194 1696 1228 nota
1726 1193 1820 1229 sunt
1851 1192 2042 1241 sumptae

218 1263 409 1305 sensibus
439 1263 528 1304 siue
558 1263 713 1313 uerbis,
746 1270 816 1304 aut
846 1277 897 1304 ex
928 1262 1035 1304 serie
1066 1269 1107 1303 et
1136 1262 1331 1303 iunctura
1360 1262 1603 1303 uerborum.

332 1338 425 1378 244.
459 1336 582 1378 Saluis
612 1337 783 1379 deducti.
843 1335 894 1376 Id
925 1342 1005 1377 est:
1052 1334 1141 1376 Aut
1170 1335 1373 1376 iudicium
1402 1349 1541 1376 meum
1572 1341 1761 1384 caueant,
1807 1340 1876 1375 aut
1906 1333 2046 1375 iudice

218 1425 298 1460 me,
335 1410 378 1451 id
409 1418 492 1451 est:
525 1416 673 1464 poetae
695 1409 863 1450 deducti
885 1409 936 1450 de
958 1409 1074 1450 siluis
1105 1409 1311 1450 timebunt
1331 1409 1535 1450 iudicium
1556 1422 1710 1457 meum,
1742 1407 1800 1448 ita
1821 1422 1912 1449 sum
1934 1408 2044 1462 opti-

218 1499 309 1525 mus
339 1483 477 1524 iudex.
538 1484 730 1524 Deductis
761 1489 899 1523 autem
933 1481 1024 1538 [dc]
1048 1483 1162 1524 siluis
1186 1481 1300 1538 [ideo
1332 1482 1450 1532 dixit,
1488 1481 1587 1536 quia
1618 1481 1752 1523 solent
1781 1487 1931 1536 poetae
1962 1480 2047 1522 dici

218 1558 261 1598 in
292 1557 409 1599 siluis
439 1556 603 1613 agere],
637 1556 735 1611 quia
765 1564 913 1611 poetae
944 1563 1104 1597 secreta
1134 1561 1293 1611 petunt,
1325 1555 1405 1597 hoc
1427 1562 1500 1604 est,
1531 1555 1575 1595 in
1596 1554 1805 1596 Helicone
1827 1561 1866 1596 et
1887 1554 1931 1595 in
1952 1553 2046 1595 aliis

152 1645 158 1652 ·
219 1631 426 1673 similibus
455 1630 561 1672 lucis
592 1629 749 1685 (locis).
807 1629 1038 1671 Timebunt
1067 1644 1184 1685 ergo,
1215 1643 1267 1670 ne
1297 1628 1520 1670 uideantur
1555 1643 1640 1670 non
1673 1628 1734 1669 uti
1755 1627 1931 1683 poeticis
1950 1641 2047 1668 uer-

220 1704 297 1755 bis,
328 1719 380 1745 ne
410 1703 504 1746 illos
534 1703 783 1758 uituperem,
815 1702 936 1756 quasi
966 1709 1128 1744 utentes
1157 1702 1312 1745 forensi
1345 1702 1544 1744 oratione.

332 1787 511 1820 caueant.
541 1777 750 1819 Timeant.
811 1778 950 1818 Fauni.
980 1776 1031 1817 Id
1052 1783 1126 1827 est,
1148 1784 1311 1831 poetae,
1333 1776 1400 1817 uel
1425 1778 1586 1818 Faunos
1607 1791 1684 1831 pro
1708 1774 1873 1831 Satyris
1894 1774 2045 1830 posuit.

333 1853 427 1894 245.
459 1852 531 1902 Ne,
553 1852 678 1893 uelut.
739 1848 872 1891 Aliud
902 1857 1189 1905 praeceptum,
1221 1850 1265 1891 id
1295 1857 1374 1892 est:
1407 1865 1491 1891 non
1523 1849 1677 1891 debent
1708 1849 1839 1890 iocari
1869 1849 1913 1890 in
1943 1863 2047 1904 poe-

220 1932 343 1976 mate,
374 1932 418 1966 ut
448 1925 536 1966 nati
565 1925 609 1965 in
639 1924 776 1966 triuiis
806 1923 875 1965 uel
905 1924 948 1964 in
979 1925 1070 1965 foro
1091 1924 1326 1974 uideantur,
1358 1923 1437 1965 hoc
1458 1931 1533 1973 est,
1565 1922 1719 1964 habeat
1738 1922 1909 1964 modum
1931 1922 2047 1963 iocus

221 2013 377 2049 eorum,
408 1999 452 2039 id
483 2006 557 2049 est,
588 2013 641 2039 ne
672 1998 755 2040 sint
783 1998 960 2038 nimium
991 1997 1173 2047 delicati,
1211 1997 1284 2038 sed
1314 1996 1465 2038 habeat
1497 1996 1731 2038 seueritatis
1762 1995 1923 2051 aliquid
1954 2010 2046 2037 car-

220 2087 316 2114 men
346 2072 525 2115 illorum.
587 2087 635 2113 ac
656 2086 788 2128 paene
817 2074 1010 2127 forenses.
1069 2070 1120 2112 Id
1150 2077 1229 2112 est:
1262 2085 1315 2112 ne
1345 2070 1545 2125 uulgares
1575 2069 1812 2112 uideantur.

339 2267 369 2306 1)
396 2268 482 2305 fingo
505 2276 600 2297 carm.
627 2270 658 2296 et
684 2267 731 2296 ita
755 2275 904 2305 compono
929 2276 1007 2296 com.
1036 2267 1119 2304 fingo
1145 2266 1282 2305 (fingam
1309 2266 1337 2305 r)
1363 2276 1459 2296 carm.
1487 2270 1518 2295 et
1545 2266 1591 2296 ita
1616 2266 1767 2302 comoed.y
1794 2275 1854 2295 om.
1880 2274 2046 2304 compono,

223 2332 307 2353 rvca.
332 2333 358 2365 γ.
385 2324 455 2353 rell.
494 2325 607 2363 finyam
633 2327 665 2353 et
690 2324 735 2352 ita
760 2323 899 2352 comoed.
926 2333 1123 2361 componam.
1164 2322 1192 2352 G
1229 2332 1288 2352 om.
1327 2332 1453 2352 carmen
1490 2322 1573 2360 quod
1612 2331 1652 2351 ex
1678 2326 1755 2351 nota
1779 2340 1820 2342 —
1847 2327 1879 2352 et.
1903 2323 1961 2352 ita.
2011 2321 2046 2360 2)

222 2385 257 2410 ut
282 2380 331 2422 γΝ
354 2380 450 2417 Med„
478 2391 525 2412 ι’ν.
554 2381 623 2410 rell.
649 2380 701 2409 uti.
728 2398 767 2400 ——
796 2378 980 2409 Comediam
1005 2389 1032 2421 γ.
1060 2381 1130 2409 rell.
1157 2389 1216 2409 om.
1281 2379 1317 2418 4)
1342 2380 1440 2416 uirtus
1464 2379 1503 2408 N.
1533 2379 1601 2408 rell.
1638 2378 1772 2408 uirtutis.
1799 2378 1995 2418 tragoediam
2020 2388 2046 2420 γ.

223 2438 291 2466 rell.
319 2437 524 2466 comoediam.
589 2436 624 2474 5)
651 2437 809 2467 uideatur.
835 2436 1045 2465 exsecutioni.
1073 2437 1145 2474 quis
1171 2436 1256 2465 enim
1281 2445 1307 2476 γ.
1334 2436 1476 2464 difficilis
1502 2444 1561 2465 om.
1597 2435 1694 2464 etiam
1719 2435 1809 2472 N,rv.
1874 2436 1909 2474 7)
1935 2436 2047 2464 huius-

223 2494 307 2523 modi
326 2491 459 2532 rQ(G?).
478 2493 546 2522 rell.
566 2493 792 2522 huiuscemodi.
841 2494 875 2530 8)
902 2493 1020 2521 diuisis)
1045 2502 1093 2530 op.
1120 2502 1179 2522 om.
1206 2493 1245 2521 N.
1294 2492 1329 2530 9)
1355 2501 1420 2521 ceo.
1447 2492 1621 2529 composita
1645 2492 1735 2521 uerb.
1761 2501 1787 2520 c.
1838 2491 1894 2530 12)
1918 2491 1965 2520 De
1988 2500 2047 2521 me-

222 2550 271 2578 dio
295 2567 335 2571 —
362 2551 523 2588 excerptis
550 2559 609 2579 om.
635 2559 661 2590 γ.
688 2558 724 2577 ea:
749 2553 827 2578 noto
852 2549 890 2577 N.
917 2549 986 2578 rell.
1013 2549 1047 2578 dc
1072 2554 1157 2579 noto.
1184 2550 1258 2578 uide
1283 2548 1378 2578 infra.
1431 2548 1485 2587 15)
1512 2549 1581 2577 siue
1610 2558 1635 2589 γ.
1662 2549 1731 2577 rell.
1759 2557 1824 2577 seu.
1876 2547 1931 2585 16)
1957 2546 2050 2577 Aliud

221 2610 420 2645 praeceptmn,
447 2610 501 2636 aut
520 2606 615 2635 indic.
635 2607 751 2635 erca.
779 2606 844 2634 iud.
869 2609 1014 2635 nostrum
1040 2606 1144 2635 vcafh.
1172 2606 1240 2635 rell.
1266 2615 1379 2635 meum.
1405 2609 1515 2634 caueae
1531 2615 1576 2634 ca.
1603 2605 1672 2634 rell.
1698 2608 1839 2634 caueant.
1892 2604 1947 2643 17)
1973 2604 2045 2633 ded.

223 2662 258 2692 cle
282 2672 307 2704 γ.
333 2664 403 2692 rell.
431 2672 491 2692 om.
519 2662 565 2692 de.
618 2662 673 2701 18)
699 2662 738 2691 de
762 2671 788 2703 γ.
807 2662 876 2691 rell.
902 2671 961 2691 om.
978 2680 1012 2682 -ss
1034 2663 1106 2692 ideo
1131 2662 1228 2703 (th)
1246 2680 1285 2683 -—
1304 2672 1399 2700 agere
1423 2671 1482 2692 om.
1508 2671 1535 2703 γ.
1563 2662 1637 2699 quia
1652 2678 1691 2681 —
1707 2663 1818 2699 petunt
1842 2669 1868 2701 γ.
1886 2660 1957 2691 rell.
1985 2669 2045 2690 om.

228 2719 282 2757 19)
310 2721 383 2758 quia
408 2719 512 2749 solent
538 2722 651 2756 poetae
676 2719 797 2747 discere
824 2719 857 2747 in
883 2719 976 2747 siluis
1004 2719 1100 2757 (sylu.
1128 2719 1222 2757 Koa)
1250 2722 1280 2748 et
1306 2728 1412 2756 agere,
1445 2719 1503 2747 hoe
1527 2718 1557 2746 N
1580 2718 1666 2747 Med.
1694 2717 1822 2754 G,1·vca.
1888 2716 1946 2755 20)
1971 2715 2046 2745 locis

225 2776 254 2804 N
285 2776 381 2812 Me‹1.‚
415 2785 484 2804 vca.
549 2775 605 2813 22)
632 2775 780 2804 Timeant
804 2784 831 2816 γ.
859 2775 928 2804 rell.
954 2784 1013 2804 oni.
1042 2792 1078 2795 m
1108 2775 1208 2804 Fauni
1231 2776 1251 2804 i.
1277 2785 1327 2813 po.
1363 2775 1414 2804 uel
1440 2774 1495 2804 Fa.
1523 2784 1579 2812 pro
1603 2774 1711 2803 satiris
1744 2784 1793 2811 po.
1820 2783 1846 2814 γ.
1878 2772 1950 2802 rell.
1983 2781 2044 2801 om.

225 2832 308 2861 conf.
328 2831 369 2861 C:
397 2832 515 2861 ‘Fanml
534 2832 587 2861 dei
604 2831 769 2867 siluarum,
802 2830 934 2869 Satyri?
961 2831 1030 2872 Βφε
1056 2831 1163 2860 Fauni.
1192 2833 1238 2860 ita
1256 2832 1392 2860 honeste
1417 2831 1513 2860 debet
1538 2833 1633 2868 poeta
1657 2830 1823 2860 faunorum
1842 2838 1968 2858 eausam
1989 2829 2047 2857 fin-

226 2898 299 2924 gere
326 2894 357 2917 ut
385 2898 445 2917 non
471 2889 631 2917 uilescant
657 2888 788 2917 nimium
815 2888 928 2916 humili
955 2888 1093 2916 carmine
1119 2889 1206 2925 quasi
1233 2888 1345 2917 uillani
1371 2891 1427 2916 aut
1452 2887 1566 2916 rustici
1591 2886 1734 2915 homines
1761 2886 1833 2915 sint.
1867 2886 1934 2914 Nec
1959 2894 2046 2914 reso-

227 2949 301 2972 nent
329 2945 479 2973 inmunda
516 2949 547 2973 et
575 2945 793 2981 ignominiosa
818 2944 904 2973 dicta
931 2945 962 2972 in
989 2945 1258 2973 comemoratione
1283 2944 1461 2973 faunorum.
1512 2943 1569 2981 23)
1598 2943 1711 2971 debere
1735 2951 1800 2971 ναι.
1827 2942 1897 2970 rell.
1927 2942 2044 2970 debent.

226 3001 328 3029 uocari
354 3009 380 3040 γ.
446 3001 502 3038 24)
529 3001 560 3029 in
584 3001 658 3030 triu.
692 3001 865 3029 uideantur
890 3000 940 3029 uel
967 3000 999 3029 iu
1025 3000 1093 3030 foro
1118 3001 1157 3029 N.
1224 3000 1279 3037 26)
1306 3000 1342 3028 Id
1373 3017 1410 3020 re
1436 3000 1610 3028 uideantur
1634 3008 1694 3029 om.
1720 2998 1746 3027 N
1772 2997 1858 3027 Med.
1885 2997 1942 3034 G‚r
1968 2996 2045 3035 (om.

227 3057 339 3085 etiam:
368 3056 398 3085 id
426 3060 483 3090 cst.
511 3066 549 3085 ne
575 3057 639 3085 sint
683 3073 708 3076 -⁴
734 3056 876 3094 illorum)
902 3066 970 3085 ven.
997 3065 1123 3085 carmen
1150 3057 1275 3086 illorum
1301 3065 1360 3085 om.
1386 3055 1472 3085 Med.
