2148 3412
801 120 849 153 IN
874 120 1020 154 EPIST.
1046 121 1071 161 Ι,
1100 125 1138 154 18
1805 114 1885 154 481

171 243 237 285 53.
270 244 336 286 54.
369 245 447 285 seis
479 257 554 299 quo
587 245 762 286 clamore
794 259 966 288 coronae
991 246 1153 288 Praelt'a
1184 249 1393 290 sustineas.
1458 246 1619 304 [Unde,
1652 248 1885 305 quomodo]

57 316 108 358 In
137 330 286 373 campo
319 331 413 358 cum
444 316 627 359 clamore
659 318 1020 360 circumstantium
1050 319 1173 362 ludis.

169 390 234 432 68.
271 391 379 441 Quid
395 391 441 431 de
462 404 612 446 quoque
633 393 736 433 uiro.
794 391 864 433 De
896 392 1073 448 singulis
1109 393 1233 435 rebus
1266 394 1355 435 uult
1376 409 1470 436 eum
1492 409 1678 445 monere,
1702 402 1739 436 et
1762 411 1886 451 prae-

57 463 158 519 cipit
187 463 238 514 ei,
270 464 374 505 haec
405 464 486 505 tria
517 478 606 506 esse
639 465 839 516 cauenda,
872 465 1029 507 scilicet
1060 474 1099 507 et
1136 467 1237 521 quid
1278 467 1403 518 dicat,
1436 478 1475 510 et
1512 468 1592 518 cui,
1639 476 1676 509 et
1716 469 1766 510 de
1805 484 1886 524 quo

56 537 180 580 dicat.

166 611 231 652 75.
264 611 434 653 Munere
466 619 500 652 te
524 626 661 667 paruo
684 613 765 654 beet
786 622 852 654 (ι-ιιί
873 614 1142 656 incommodus
1174 624 1309 669 cmqm.
1370 614 1570 658 Dicendo
1597 631 1775 673 paruum
1811 619 1885 658 mi-

55 699 130 726 nus
163 683 207 739 (l.
239 685 409 740 munus)
445 684 774 727 obscoenitatem
796 686 897 727 dicti
920 686 1080 727 uitauit.
1142 686 1365 743 Significat
1389 696 1526 730 autem
1549 689 1714 731 coitum.
1778 688 1885 731 Sen-

52 773 120 800 sus
151 757 352 814 [autem]:
386 754 434 798 Si
464 757 543 799 hoc
573 773 656 799 non
688 766 884 813 praestet,
930 760 1114 815 angaris,
1161 761 1195 802 si
1247 761 1322 803 tibi
1367 777 1450 804 non
1495 763 1621 804 faciat
1667 764 1884 805 adamatae

53 831 217 887 puellae
247 837 509 886 potestatem.

164 905 342 946 82—85.
375 904 711 960 ecquid—uires.
773 905 955 961 Propter
976 907 1089 962 quid.
1132 909 1290 964 Ecquid
1311 909 1559 951 aduerbium
1582 911 1799 965 antiquum
1824 919 1882 953 est
1915 922 1950 953 10

49 993 125 1035 pro
157 993 257 1028 ecce,
289 984 328 1019 et
359 984 418 1019 est
450 992 613 1020 sensus:
653 978 749 1020 Noli
781 994 944 1021 cessare
976 995 1053 1035 pro
1085 991 1154 1023 tuo
1187 982 1335 1032 amieo,
1382 983 1485 1037 quin
1517 983 1718 1026 defendas
1749 985 1880 1026 illum.

50 1051 247 1108 quoniam
277 1051 403 1106 paulo
438 1059 532 1106 post
578 1052 765 1093 euenerit
809 1053 886 1094 tibi
931 1055 1171 1096 necessitas.
1247 1055 1398 1097 Vicem
1446 1057 1591 1098 reddet
1637 1058 1879 1108 defendens,

49 1126 146 1181 quia
185 1132 270 1166 tum
302 1127 519 1181 proximus
556 1125 685 1167 uicini
724 1126 783 1167 tui
815 1128 933 1169 ardet
958 1131 1107 1184 paries.
1186 1128 1263 1171 Est
1300 1131 1411 1171 enim
1457 1130 1662 1187 allegoria
1708 1132 1881 1174 honesta

51 1199 353 1249 demonstrans,
385 1199 620 1241 uicinorum
652 1200 886 1255 periculum
918 1210 1107 1243 nostrum
1139 1216 1239 1244 esse.

159 1274 226 1315 88.
259 1274 346 1315 Hoe
377 1288 462 1328 aye,
493 1289 552 1314 ize.
624 1272 858 1315 Perseuera
903 1275 1122 1331 nauigare,
1168 1276 1211 1317 id
1257 1284 1330 1327 est,
1377 1279 1567 1334 obsequi,
1615 1294 1666 1320 ne
1713 1279 1878 1321 amittas
1910 1290 1947 1322 15

46 1353 210 1403 partam
244 1345 486 1387 amicitiam.

161 1421 226 1463 90.
258 1421 453 1462 sedatum.
485 1419 682 1461 Lentum.

158 1494 250 1549 ayil.
278 1509 343 1550 qn.
375 1495 541 1535 remissi.
601 1491 814 1544 Ostendit,
847 1495 1026 1538 similem
1057 1496 1266 1539 similibus
1299 1497 1512 1540 delectari.

157 1569 222 1610 92.
253 1576 471 1623 neqcmtem.
534 1564 709 1609 Scilicet
739 1582 915 1610 sumere.

157 1643 222 1684 93.
255 1651 420 1698 tepores.
453 1640 662 1684 Vomitus.
1905 1659 1945 1690 20

157 1719 223 1759 94.
257 1717 378 1758 Deme
409 1730 566 1772 supere.
599 1716 754 1757 nubem.
815 1715 911 1758 Hoc
943 1724 1024 1758 est:
1057 1716 1202 1758 desine
1234 1732 1404 1760 seuerus
1435 1732 1537 1761 esse.

155 1792 219 1833 96.
253 1791 365 1832 Inter
397 1798 543 1832 cuneta
575 1790 675 1845 leqes
707 1798 742 1831 et
766 1805 878 1846 pere.
913 1791 974 1832 do.
1033 1789 1196 1846 Eliges,
1230 1799 1267 1832 et
1300 1792 1616 1846 percontaberis
1649 1793 1702 1834 ab
1736 1793 1813 1835 his.

154 1867 219 1907 97.
257 1866 349 1916 Qua
380 1865 536 1906 ratione
567 1880 700 1921 queas.
774 1863 980 1905 Hortatur
1010 1863 1212 1914 Lollium,
1259 1880 1461 1920 quaerere
1507 1866 1775 1921 disciplinam
1823 1869 1874 1908 ad

43 1938 447 1982 commendationem
484 1938 778 1986 amicitiarum,
835 1953 914 1993 qua
953 1939 1106 1979 ratione
1137 1946 1263 1993 queat,
1310 1938 1354 1979 id
1399 1946 1472 1989 est,
1519 1940 1873 1994 quemadmodum

42 2013 173 2069 possit
202 2013 387 2055 suauiter
415 2012 573 2054 uiuere.
635 2013 788 2054 leniter.
850 2010 953 2053 Sine
984 2011 1187 2053 molestia.
1538 2025 1543 2029 ”
1900 2027 1941 2056 25

154 2087 218 2129 98.
251 2087 359 2129 Num
390 2095 424 2128 te
445 2101 609 2143 semper.
632 2084 703 2126 Al.
725 2087 829 2128 Νοη.
888 2084 985 2127 Non
1017 2093 1050 2126 te
1080 2100 1246 2142 semper,
1279 2084 1351 2127 sed
1383 2100 1535 2142 semper
1567 2088 1692 2143 inops,
1725 2096 1763 2128 et
1795 2088 1875 2129 hoc.

44 2159 159 2203 iuxta
188 2175 352 2202 auaros.
413 2161 569 2215 cupido.
628 2159 831 2201 Habendi
863 2158 1084 2214 cupiditas.

155 2236 219 2275 99.
252 2234 507 2276 mediocriter
537 2235 622 2275 utz'l.
655 2248 753 2290 spes.
812 2232 862 2273 Id
894 2238 967 2283 est,
1001 2247 1092 2274 cum
1125 2232 1261 2274 modo.

155 2309 247 2350 101.
280 2309 421 2350 reddat
452 2309 637 2350 amicum.
697 2306 759 2348 Ut
790 2305 891 2347 alibi
924 2305 994 2360 (E.
1027 2306 1061 2356 Ι,
1096 2308 1160 2355 14,
1196 2308 1261 2361 1);
1295 2307 1395 2349 milei
1423 2323 1481 2349 me
1514 2308 1713 2349 reddentis
1745 2300 1872 2363 aqellz'.

177 2509 209 2548 1)
237 2509 330 2539 Unde
355 2509 511 2548 quomodo
536 2510 570 2539 in
597 2526 635 2529 -
663 2508 749 2538 ludis
774 2518 800 2550 γ.
828 2508 897 2538 rell.
924 2518 983 2538 0111.
1050 2508 1085 2547 3)
1114 2508 1161 2538 De
1189 2510 1326 2547 singulis
1353 2527 1391 2529 A
1421 2510 1507 2539 dicat
1543 2510 1591 2549 γὶ).
1621 2509 1690 2538 rell.
1724 2519 1785 2539 om.
1837 2511 1870 2548 42)

42 2574 143 2603 praec,
169 2565 197 2595 ei
219 2567 285 2596 tria
309 2567 339 2596 b.
377 2576 482 2605 praee.
509 2566 582 2596 haec
608 2566 671 2595 tria
694 2574 721 2606 γ.
787 2566 820 2604 6)
846 2565 995 2595 Dicendo
1021 2583 1062 2587 —-
1088 2569 1283 2604 potestatem
1308 2576 1333 2607 γ.
1360 2567 1430 2595 rell.
1459 2576 1518 2595 0111.
1546 2583 1585 2586 ψ
1614 2575 1678 2604 par.
1714 2566 1819 2596 minus
1846 2576 1870 2606 γ.

45 2620 99 2660 10)
123 2621 257 2661 Propter
282 2623 359 2661 quid
383 2624 413 2653 b.
440 2624 511 2653 rell.
538 2632 597 2652 om.
625 2622 744 2661 Ecquid
767 2622 839 2651 adu.
867 2640 908 2642 —
935 2631 1004 2652 esse
1029 2623 1077 2664 «(1).
1130 2622 1186 2663 11)
1212 2633 1268 2661 pro
1295 2633 1354 2653 om.
1382 2624 1410 2652 b.
1438 2640 1477 2643 w
1505 2632 1565 2652 am.
1594 2626 1647 2652 tuo
1672 2623 1701 2651 b.
1729 2627 1783 2652 tuo
1809 2633 1868 2653 am.

41 2686 67 2718 γ.
86 2695 125 2699 —-
144 2678 291 2709 defensas
315 2681 347 2710 b.
398 2678 456 2719 13)
482 2679 541 2709 Est
569 2689 618 2709 en.
645 2680 697 2708 all.
724 2679 798 2709 hon.
827 2688 887 2709 om.
914 2679 945 2708 h.
972 2679 993 2709 1.
1020 2680 1049 2716 1),
1082 2680 1201 2717 legitur
1226 2681 1258 2709 in
1284 2680 1400 2718 glossa.
1454 2680 1508 2718 14)
1535 2680 1735 2708 demonstrat
1759 2681 1789 2709 b.
1816 2680 1871 2709 de-

42 2739 206 2766 monstran
224 2735 302 2776 (sic)
320 2746 346 2778 'l‘
374 2737 601 2767 demonstrans
629 2735 664 2765 C.
696 2735 779 2765 conf.
805 2734 847 2765 C:
875 2737 918 2765 ‘ec
942 2735 1023 2774 quid.
1051 2737 1216 2775 numquid.
1246 2745 1357 2766 sensus
1384 2740 1443 2772 est,
1477 2746 1505 2765 n.
1533 2746 1557 2764 c.
1585 2736 1662 2774 (om.
1690 2746 1746 2774 pro
1771 2740 1794 2768 t.
1823 2738 1870 2773 a.)

42 2792 117 2830 quin
141 2792 204 2822 def.
241 2792 368 2823 amicum
392 2797 480 2830 tuum,
507 2802 581 2822 nam
607 2803 635 2831 p.
662 2802 691 2831 p.
719 2793 802 2822 idem
826 2793 880 2821 ubi
908 2802 955 2822 eu.
982 2794 1054 2830 tibi,
1093 2798 1118 2823 te
1141 2793 1272 2823 uicissim
1297 2792 1442 2830 defendet,
1481 2803 1551 2821 nam
1587 2802 1651 2822 cum
1687 2793 1786 2823 Prox.
1825 2795 1868 2823 ui.

41 2848 89 2878 tui
111 2858 178 2887 par.
205 2850 307 2879 ordet.
375 2851 429 2888 15)
454 2850 630 2880 Perseuera
659 2868 696 2869 j
722 2850 899 2879 amicitiam
925 2859 951 2890 γ.
978 2850 1047 2879 rell.
1076 2859 1135 2879 om.
1204 2851 1259 2889 17)
1287 2850 1422 2879 Lentum
1447 2849 1516 2891 ‘1'an
1554 2850 1606 2887 qui
1632 2850 1725 2879 addit
1751 2850 1871 2880 tardum

41 2905 108 2934 rell.
133 2915 191 2936 om.
254 2906 309 2945 18)
337 2905 490 2936 Ostendit
517 2924 557 2928 —
582 2907 737 2936 delectari
763 2916 789 2947 γ.
816 2906 882 2935 rell.
910 2915 970 2936 0111.
1023 2906 1078 2944 19)
1108 2917 1131 2936 s.
1161 2917 1285 2937 sumere
1311 2917 1337 2948 γ.
1363 2907 1432 2936 rell.
1459 2916 1518 2935 om.
1585 2907 1641 2946 20)
1668 2906 1816 2937 Vomitus
1840 2918 1869 2949 γ.

43 2953 147 3001 00111
172 2963 261 2992 addit
278 2967 444 3002 autcepores
460 2963 533 2994 uini.
560 2964 630 2993 rell.
649 2974 709 2993 om.
762 2963 818 3002 21)
844 2962 914 2993 Hoc
931 2980 969 2983 —
990 2972 1060 2993 esse
1086 2973 1110 3005 γ.
1131 2965 1199 2994 rell.
1219 2974 1278 2993 0111.
1329 2962 1386 3002 22)
1413 2963 1526 3001 Eliges
1546 2982 1578 2983 ψ
1601 2964 1651 2993 his<
1677 2973 1704 3005 γ.
1724 2965 1792 2994 rell.
1811 2974 1867 2995 0111.

43 3017 98 3057 23)
122 3019 280 3050 Hortatur
303 3037 346 3041 ψ-
371 3021 479 3050 uiuere
503 3030 529 3062 γ.
556 3021 624 3050 rell.
651 3030 711 3050 om.
775 3020 834 3057 25)
862 3019 939 3049 Sine
964 3021 1038 3050 mol.
1072 3020 1128 3062 γΟ.
1154 3021 1226 3050 rell.
1253 3031 1313 3050 om.
1382 3021 1438 3059 26)
1465 3020 1517 3050 Al.
1612 3030 1726 3051 auaros
1751 3031 1779 3063 γ.
1798 3022 1868 3051 rell.

39 3084 97 3104 om.
123 3076 209 3107 inobs
234 3086 260 3118 γ.
324 3078 381 3116 27)
407 3077 491 3107 Hab.
519 3087 589 3116 cup.
615 3087 641 3119 γ.
668 3077 737 3106 rell.
765 3086 824 3106 om.
863 3077 934 3107 hab.
960 3077 1092 3107 auiditas
1118 3077 1154 3107 C.
1220 3079 1277 3117 28)
1305 3078 1325 3108 i.
1364 3087 1434 3108 cum
1473 3079 1565 3107 niodo
1604 3079 1622 3107 i.
1663 3079 1868 3109 mediocriter

42 3129 118 3172 (sie)
143 3142 168 3174 γ.
194 3133 264 3163 rell.
289 3142 351 3164 om.
402 3133 459 3173 29)
486 3133 532 3164 Ut
558 3151 596 3155 ——
625 3133 715 3174 ayelli
737 3143 763 3176 γ.
789 3133 857 3164 rell.
884 3144 943 3165 om.

176 3203 333 3230 HAUTHAL,
350 3204 417 3225 Aen.
434 3205 473 3225 ET
491 3204 604 3225 PORPH.
621 3204 650 3224 11.
1566 3201 1591 3224 311
