2148 3412
161 892 200 924 10

160 1259 199 1289 15

160 1626 201 1657 20

227 96 308 136 (320
857 106 960 139 Aen.
986 106 1046 138 ET
1071 106 1237 138 Poarn.
1264 106 1413 139 ooMM.

225 240 308 270 tres
339 228 513 269 diiambi
543 228 643 269 facti
675 235 781 269 sunt.
830 226 987 270 Sensus
1017 229 1086 270 hic
1116 237 1199 270 est:
1231 229 1415 279 Iambus
1447 244 1522 285 pes
1554 231 1673 281 citus,
1705 230 1838 272 uoluit
1868 245 1939 272 sex
1970 245 2044 286 pe-

225 303 324 342 dum
354 315 521 342 uersum
554 303 775 342 {rimarum
807 302 963 351 uocari,
996 317 1088 343 cum
1121 302 1281 343 soleant
1312 311 1461 357 poetae
1485 303 1701 360 [metrum]
1735 303 1885 358 pedem
1916 319 2045 344 unum

224 384 401 416 metrum
431 388 594 416 uocare.
656 373 826 415 Iambus
857 374 990 416 uoluit
1021 375 1125 416 duos
1155 375 1317 417 iambos
1348 384 1518 418 metrum
1548 377 1692 418 uocari
1724 384 1896 432 propter
1927 392 2044 418 suam

224 448 491 489 celeritatem.
553 446 783 500 Quaeritur
813 455 965 498 autem,
1011 463 1084 490 cur
1114 448 1293 490 trimetri
1324 449 1603 504 adpellentur,
1644 465 1737 491 cum
1778 465 1898 492 senos
1935 451 2047 491 acci-

224 522 342 576 piant
373 521 528 575 pedes‘?
561 538 634 562 —-:
668 520 881 574 Quoniam
911 529 1027 563 tanta
1058 529 1119 564 est
1150 537 1293 563 corum
1324 521 1509 563 breuitas
1540 530 1585 563 ut
1615 522 1808 564 iunctura
1829 522 1950 564 binos
1971 537 2046 578 pe-

225 595 298 636 des
329 594 522 650 accipiat.
585 596 830 638 adcrescere..
861 594 910 636 In
943 595 1072 637 alium
1103 595 1316 646 accedere,
1349 595 1415 637 uel
1447 595 1607 650 reponi.

338 669 432 710 253.
464 671 578 710 ictus.
639 668 689 708 Id
720 676 794 719 est,
826 669 966 723 pedes.

338 742 432 783 254.
469 743 628 783 Primus
660 743 713 783 ad
744 751 968 784 extremum
997 743 1134 784 similes
1164 743 1247 784 sibi.
1328 741 1502 784 Scilicet
1532 757 1615 783 uno
1644 750 1788 784 tenore
1821 742 2047 800 [tempore]

225 814 394 856 dicendi
425 830 449 856 a
479 815 692 870 principio
722 830 853 870 usque
884 816 938 856 ad
968 815 1093 857 finem
1125 815 1205 857 sibi
1237 815 1393 858 similes
1424 824 1556 866 erant,
1587 816 1632 856 id
1653 823 1726 867 est,
1758 831 1902 858 omnes
1933 823 2051 857 erant

226 888 367 929 iambi.
427 903 508 930 non
537 891 594 930 ita
618 890 790 945 pridem.
853 887 1006 945 [Deest
1035 889 1178 946 πωπω]
1225 889 1276 930 Id
1308 898 1381 937 est,
1426 904 1510 931 non
1540 889 1671 931 multo
1701 896 1810 940 ante,
1856 890 1936 931 hoc
1976 897 2050 940 est,

225 970 321 1002 ante
353 976 530 1017 paruum
561 972 737 1017 tempus.
799 960 919 1004 Ordo
950 962 1018 1004 hic
1049 970 1127 1004 est:
1178 962 1285 1019 [hic]
1318 963 1480 1018 primus
1524 963 1578 1004 ad
1624 970 1856 1004 extremum
1902 963 2051 1005 similis

226 1034 306 1076 sibi
336 1035 514 1089 pridem,
549 1035 679 1091 [nunc
708 1043 848 1077 autem
878 1036 980 1092 non]
1014 1036 1176 1077 nonita
1196 1051 1319 1077 nunc.
1381 1034 1539 1077 Sensus
1571 1043 1708 1077 autem
1739 1037 1809 1078 hic
1839 1043 1923 1077 est:
1954 1035 2051 1077 Pri-

224 1124 318 1150 mus
349 1109 513 1150 iambus
543 1109 771 1164 aliquando
801 1124 934 1164 usque
966 1110 1020 1150 ad
1051 1117 1282 1151 extremum
1314 1117 1403 1150 erat
1434 1109 1582 1151 similis
1614 1109 1707 1159 sibi,
1748 1109 1792 1150 id
1823 1117 1897 1160 est,
1929 1116 2053 1150 antea

224 1191 356 1225 totum
386 1182 615 1225 iambicum
646 1193 825 1224 metrum
847 1198 899 1225 ex
919 1183 1072 1225 iambis
1094 1183 1325 1234 constabat,
1357 1198 1468 1225 nunc
1489 1192 1627 1225 autem
1649 1183 1902 1225 adhibentur
1923 1183 2050 1225 etiam

224 1256 354 1298 nothi.

339 1331 432 1373 255.
471 1331 639 1372 Tardior
660 1341 701 1377 ul
728 1332 852 1386 paulo
882 1334 1124 1388 qraue'orque
1153 1333 1307 1373 ueniret
1328 1331 1381 1372 ad
1402 1346 1534 1373 (tures.
1593 1330 1828 1372 Iambicum
1858 1337 2051 1381 metrum,

225 1413 269 1446 ut
300 1404 425 1459 paulo
455 1404 615 1445 tardius
646 1404 689 1445 in
720 1404 940 1460 inparibus
971 1405 1087 1455 locis,
1130 1405 1174 1446 id
1205 1412 1279 1454 est,
1325 1405 1460 1455 tertio,
1507 1405 1652 1459 quinto
1697 1404 1880 1460 suscepit
1925 1419 2052 1459 spon-

226 1478 368 1526 deumg
400 1493 496 1518 nam
528 1486 624 1520 ante
655 1478 732 1520 soli
762 1479 892 1520 iambi
924 1479 1199 1534 ponebantur.

339 1552 433 1593 256.
465 1552 668 1608 Spondeos
699 1553 871 1594 stabiles.
939 1552 990 1593 Id
1021 1561 1095 1603 est,
1140 1552 1282 1593 tardos
1313 1552 1368 1593 ad
1399 1552 1743 1607 conparationem
1777 1551 1961 1608 [iambi]‚
2008 1551 2052 1592 id

227 1634 301 1675 est,
332 1624 552 1675 tardiores,
572 1624 649 1682 [et]
670 1626 960 1667 cunctatiores.
1019 1628 1059 1667 in
1089 1628 1186 1667 iura
1201 1634 1389 1682 paterna.
1449 1624 1499 1666 Id
1521 1632 1601 1666 est:
1634 1625 1677 1666 in
1709 1640 1826 1666 suum
1859 1632 2051 1675 metrum,

227 1699 269 1740 in
301 1698 365 1741 ius
395 1699 628 1754 proprium,
661 1699 780 1754 quasi
811 1699 866 1740 ad
896 1699 1157 1741 domicilium
1188 1715 1308 1741 suum
1339 1698 1535 1754 suscepit.

340 1774 435 1815 257.
468 1774 560 1815 259.
599 1773 835 1816 Commodus.
894 1771 1052 1824 Bonus,
1086 1772 1202 1815 citus.

341 1857 376 1890 el
402 1849 571 1904 patiens.
633 1845 721 1900 Qui
752 1847 912 1902 patitur
943 1846 1101 1888 alienos
1132 1845 1261 1901 pedes
1292 1845 1373 1887 sibi
1404 1845 1618 1901 coniungi.
1697 1860 1777 1887 non
1807 1854 1853 1887 ut
1884 1846 1929 1887 de
1960 1847 2051 1887 sede

228 1922 404 1964 secunda
440 1922 601 1963 Cedere&
630 1930 702 1963 aut
733 1930 892 1978 quarta.
951 1921 1016 1962 Ita
1047 1920 1231 1975 suscepit
1260 1934 1391 1961 nouos
1421 1919 1564 1974 pedes,
1596 1926 1641 1960 ut
1671 1919 1855 1960 secundo
1885 1919 1952 1960 uel
1971 1918 2049 1976 [et]

228 2002 377 2049 quarto
422 1995 510 2037 siue
544 1994 623 2052 [et]
657 2001 773 2038 sexto
803 1995 895 2038 loco
930 1994 1165 2036 necessarie
1210 2002 1340 2050 ponat
1384 1992 1583 2034 iambum.
1643 1993 1850 2035 socialiter.
1895 1992 1946 2034 Id
1976 2000 2051 2043 est,

366 2152 399 2190 1)
425 2156 499 2181 sunt
522 2150 590 2193 «μθ.
617 2152 687 2181 rell.
714 2161 774 2181 om.
802 2151 851 2180 Ad
878 2161 906 2182 u.
933 2151 1110 2181 2514-253
1137 2151 1232 2179 refert
1260 2148 1305 2184 Q:
1332 2151 1400 2187 ‘pro
1437 2150 1487 2178 his
1512 2149 1632 2179 duobus
1659 2149 1758 2179 schol.
1785 2150 1852 2179 cod.
1878 2149 1963 2179 Med.
1990 2150 2052 2180 hoc

227 2216 343 2237 unum:
368 2207 459 2237 Vnde
485 2208 580 2237 etiam
607 2207 708 2245 (esset
732 2207 834 2246 Med.)
862 2208 1029 2237 trimetris.
1055 2207 1182 2236 Iambus
1209 2207 1291 2236 citus
1317 2207 1419 2235 uoluit
1445 2210 1503 2235 etc.
1530 2206 1648 2235 Neutra
1673 2205 1812 2235 z‘ntelleoei.
1840 2206 1920 2245 ‘Ego
1938 2206 2052 2244 ampli-

228 2264 321 2293 ficaui
346 2264 461 2293 lemma
484 2263 561 2293 unde
597 2263 685 2293 etiam
721 2263 873 2298 trimetris,
911 2273 973 2302 quo
998 2264 1100 2301 magis
1126 2267 1261 2301 pateret,
1299 2264 1397 2292 uerba
1422 2262 1539 2292 Iambus
1575 2262 1668 2292 uoluit
1700 2263 1806 2292 uocari
1841 2263 1947 2301 posita
1982 2272 2051 2292 esse

227 2330 299 2358 pro:
327 2319 446 2349 Iambus
470 2320 646 2350 adcrescere
669 2319 754 2349 iussit
777 2329 891 2349 nomen.
941 2319 993 2349 Sic
1019 2321 1097 2349 haec
1122 2320 1240 2349 locutio
1274 2329 1336 2348 non
1373 2319 1519 2355 offendit,
1557 2324 1587 2349 et
1624 2320 1729 2348 onmia
1770 2320 1855 2349 clara
1891 2320 2050 2351 uidentur.

227 2376 319 2406 iussit.
347 2381 473 2413 natura,
499 2386 561 2414 ars,
589 2377 650 2419 Βφ.
677 2394 713 2397 —-
744 2377 870 2406 Iambus
895 2376 970 2405 citus
994 2377 1023 2405 N
1048 2376 1132 2405 Med.
1161 2375 1352 2413 G7rvcath.
1390 2377 1489 2405 lamb.
1516 2377 1578 2406 cito
1602 2386 1628 2418 γ.
1666 2377 1747 2406 citus
1772 2386 1832 2406 om.
1859 2375 1896 2411 Q.
1921 2375 2050 2406 Iambus

228 2435 309 2464 citus
345 2433 471 2473 intelligi
504 2434 608 2464 uoluit
644 2442 701 2463 sex
738 2434 854 2472 pedum
879 2442 992 2462 uersus.
1032 2432 1110 2462 Cum
1141 2433 1235 2461 solent
1258 2442 1287 2470 p.
1313 2443 1354 2462 m.
1380 2443 1409 2470 p.
1436 2442 1546 2462 merum
1571 2443 1684 2463 uocare
1710 2443 1733 2462 r.
1760 2433 1829 2470 Ego
1854 2433 1965 2462 addidi
1984 2441 2050 2471 pes.

229 2484 338 2529 52pr
365 2492 436 2529 ped.
464 2501 513 2521 un.
541 2495 675 2521 metrum
700 2501 726 2533 γ.
762 2491 832 2520 rell.
871 2499 918 2527 po.
946 2494 1083 2519 metrum
1108 2490 1179 2528 ped.
1206 2499 1313 2518 unum.
1377 2490 1412 2529 4)
1438 2491 1642 2528 appellantur
1676 2489 1739 2519 efh.
1765 2506 1806 2510 —-
1833 2489 1974 2519 habeant
2010 2489 2049 2518 N.

228 2548 296 2577 rell.
323 2549 493 2585 accipiant.
559 2549 593 2587 52,
621 2557 727 2577 eorum
754 2548 840 2576 breu.
866 2556 893 2588 γ.
920 2546 986 2575 rell.
1013 2547 1100 2576 breu.
1128 2555 1243 2575 eorum.
1338 2546 1404 2575 bin.
1430 2547 1526 2584 pedes
1554 2544 1696 2588 -((G‘?Q.).
1732 2546 1801 2575 rell.
1840 2546 1910 2584 ped.
1947 2545 2049 2575 binos.

229 2604 340 2641 (bonos
365 2615 395 2633 v.
421 2603 511 2634 bonis
535 2604 575 2642 r).
605 2604 762 2641 accipiant
786 2603 815 2631 N
839 2602 923 2631 Med.
962 2601 1048 2637 G‚1·v.
1115 2603 1149 2641 6)
1174 2612 1255 2632 acer.
1285 2602 1322 2631 In
1348 2603 1387 2632 al.
1413 2613 1495 2632 acer.
1521 2604 1573 2632 uel
1598 2603 1708 2640 reponi
1734 2612 1759 2644 γ.
1786 2603 1854 2631 rell.
1881 2612 1941 2632 om.
1978 2602 2048 2644 Βφτ

228 2661 313 2690 (zelor.
339 2664 374 2690 ut
398 2661 548 2690 trimetrcz
573 2664 769 2689 uocarentur.
821 2657 855 2698 7)
881 2658 956 2688 ictus
981 2659 1000 2687 i.
1028 2659 1125 2696 pedes
1150 2668 1176 2699 γ.
1204 2659 1273 2688 rell.
1300 2669 1360 2688 om.
1410 2659 1445 2697 8)
1472 2663 1572 2689 tenore
1596 2669 1622 2701 γ.
1650 2662 1778 2697 tempore
1800 2658 1877 2694 th.
1903 2659 1972 2688 rell.
1989 2668 2050 2689 om.

229 2716 359 2747 Scilicet
385 2736 420 2738 ἢ
453 2722 586 2755 tempus,
647 2715 681 2754 9)
710 2717 771 2745 sibi
797 2716 929 2745 similes.
957 2716 1053 2744 simil.
1080 2716 1140 2744 sibi
1167 2715 1242 2751 th.
1309 2716 1363 2754 10)
1390 2716 1491 2745 Deest
1515 2725 1593 2745 mmo
1619 2725 1679 2745 om.
1705 2725 1730 2756 γ.
1795 2715 1849 2752 11)
1876 2715 1924 2744 hic
1951 2719 1999 2745 est
2023 2725 2050 2757 γ.

230 2774 298 2802 rell.
325 2783 384 2803 om.
409 2773 466 2809 hie,
493 2773 688 2802 scribentes:
716 2773 768 2801 hie
793 2782 839 2810 pr.
871 2790 880 2792 >
899 2790 907 2791 ff
934 2772 974 2800 ad
1002 2775 1084 2801 extr.
1108 2781 1134 2812 γ.
1161 2772 1229 2801 rell.
1255 2781 1315 2802 om.
1370 2772 1424 2811 12)
1450 2772 1573 2810 pridem
1604 2781 1662 2801 om.
1699 2771 1782 2800 Med.
1824 2769 1981 2807 G‚rvcaQ.
2007 2788 2050 2792 —-

229 2838 292 2858 non
319 2830 362 2858 ita
390 2839 471 2858 nunc
496 2838 522 2870 γ.
549 2839 632 2858 nunc
657 2830 703 2858 ita
728 2838 789 2858 non
816 2828 879 2857 ΝΜ
906 2827 1073 2867 (nunciata
1097 2827 1154 2866 n.).
1181 2837 1242 2858 non
1270 2829 1315 2857 ita
1334 2838 1361 2866 p.
1380 2828 1439 2866 (Ξ
1456 2828 1580 2866 pridem
1605 2828 1710 2867 Hom).
1739 2827 1806 2856 rell.
1834 2837 1917 2857 nunc
1942 2831 2049 2856 autem

232 2894 303 2913 non.
357 2887 410 2923 13¹>
437 2886 499 2915 sibi
525 2886 643 2915 similis
668 2894 694 2926 γ.
721 2885 788 2914 rell.
814 2885 929 2914 similis
957 2885 1030 2913 sibi.
1085 2884 1138 2921 14)
1165 2888 1272 2913 autem
1297 2894 1322 2925 γ.
1350 2884 1417 2914 rell.
1445 2894 1505 2914 om.
1531 2888 1559 2913 et
1582 2885 1673 2913 nothi
1698 2884 1737 2913 N.
1789 2884 1843 2921 17)
1871 2884 1900 2912 in
1926 2893 1952 2924 γ.
1978 2883 2047 2912 rell.

231 2951 290 2969 om.
317 2958 356 2961 w
385 2942 402 2969 i.
429 2942 525 2970 tertio
562 2942 671 2979 quinto
705 2951 730 2982 γ.
757 2941 825 2970 rell.
853 2951 913 2970 om.
983 2941 1036 2978 19)
1063 2941 1082 2969 i.
1111 2950 1136 2980 γ.
1164 2941 1220 2969 rell
1247 2950 1307 2969 om.
1337 2959 1371 2961 w
1402 2942 1498 2970 iambi
1524 2951 1582 2971 om.
1608 2951 1635 2982 γ.
1676 2942 1695 2970 i.
1721 2950 1746 2981 γ.
1773 2941 1840 2968 rell.
1867 2950 1925 2968 om.
1992 2937 2049 2978 20)

232 3002 260 3025 et
287 3006 345 3024 om.
373 3006 396 3036 γ.
435 2996 522 3031 Quae
548 3003 619 3035 post
645 3008 673 3029 u.
706 2997 904 3026 cunctatim-es
940 3000 1091 3025 secuntur
1127 2996 1247 3025 scholia
1284 3006 1383 3035 usque
1409 2998 1448 3026 ad
1475 3008 1503 3027 u.
1532 2998 1611 3027 258:
1648 2996 1679 3025 in
1704 2996 1787 3031 Acci,
1813 3005 1872 3024 om.
1910 2996 1939 3024 N
1964 2995 2048 3024 Med.

232 3051 358 3088 G,rvca.
419 3053 476 3090 21)
499 3055 633 3091 suscepit
658 3054 733 3095 fifh.
760 3054 877 3092 recepit
904 3053 998 3084 tacite
1023 3054 1083 3083 inc.
1108 3053 1143 3088 Q.
1200 3054 1257 3091 22)
1283 3052 1322 3083 G:
1353 3053 1529 3083 (bmmodus.
1557 3054 1671 3090 bonus⁷
1695 3053 1864 3090 benignus.
1913 3051 1971 3090 24)
1998 3051 2048 3080 uel

231 3118 256 3150 'a‘-
283 3108 350 3138 rell.
379 3117 408 3139 ct
435 3109 502 3138 siue
531 3119 556 3150 χ.
585 3110 651 3139 rell.
680 3114 708 3140 et
