<?xml version="1.0" encoding="UTF-8"?>
<!DOCTYPE html PUBLIC "-//W3C//DTD XHTML 1.0 Transitional//EN"
    "http://www.w3.org/TR/xhtml1/DTD/xhtml1-transitional.dtd">
<html xmlns="http://www.w3.org/1999/xhtml" xml:lang="en" lang="en">
 <head>
  <title>
</title>
<meta http-equiv="Content-Type" content="text/html;charset=utf-8" />
  <meta name='ocr-system' content='tesseract 3.04.00' />
  <meta name='ocr-capabilities' content='ocr_page ocr_carea ocr_par ocr_line ocrx_word'/>
</head>
<body>
  <div class='ocr_page' id='page_1' title='image "acronisetporphyr02pseuuoft_0554.png"; bbox 0 0 2148 3412; ppageno 0'>
   <div class='ocr_carea' id='block_1_1' title="bbox 164 901 204 932">
    <p class='ocr_par' dir='ltr' id='par_1_1' title="bbox 164 901 204 932">
     <span class='ocr_line' id='line_1_1' title="bbox 164 901 204 932; baseline 0 0"><span class='ocrx_word' id='word_1_1' title='bbox 164 901 204 932; x_wconf 82' lang='lat'>10</span> 
     </span>
    </p>
   </div>
   <div class='ocr_carea' id='block_1_2' title="bbox 166 1270 204 1302">
    <p class='ocr_par' dir='ltr' id='par_1_2' title="bbox 166 1270 204 1302">
     <span class='ocr_line' id='line_1_2' title="bbox 166 1270 204 1302; baseline 0 0"><span class='ocrx_word' id='word_1_2' title='bbox 166 1270 204 1302; x_wconf 80' lang='lat'>15</span> 
     </span>
    </p>
   </div>
   <div class='ocr_carea' id='block_1_3' title="bbox 168 1640 209 1671">
    <p class='ocr_par' dir='ltr' id='par_1_3' title="bbox 168 1640 209 1671">
     <span class='ocr_line' id='line_1_3' title="bbox 168 1640 209 1671; baseline 0 0"><span class='ocrx_word' id='word_1_3' title='bbox 168 1640 209 1671; x_wconf 81' lang='lat'>20</span> 
     </span>
    </p>
   </div>
   <div class='ocr_carea' id='block_1_4' title="bbox 171 2010 213 2040">
    <p class='ocr_par' dir='ltr' id='par_1_4' title="bbox 171 2010 213 2040">
     <span class='ocr_line' id='line_1_4' title="bbox 171 2010 213 2040; baseline 0 0"><span class='ocrx_word' id='word_1_4' title='bbox 171 2010 213 2040; x_wconf 80' lang='lat'>25</span> 
     </span>
    </p>
   </div>
   <div class='ocr_carea' id='block_1_5' title="bbox 224 94 1415 136">
    <p class='ocr_par' dir='ltr' id='par_1_5' title="bbox 224 94 1415 136">
     <span class='ocr_line' id='line_1_5' title="bbox 224 94 1415 136; baseline -0.004 -1"><span class='ocrx_word' id='word_1_5' title='bbox 224 94 303 136; x_wconf 76' lang='lat'>546</span> <span class='ocrx_word' id='word_1_6' title='bbox 855 99 961 132; x_wconf 69' lang='lat' dir='ltr'>Aca.</span> <span class='ocrx_word' id='word_1_7' title='bbox 987 98 1047 132; x_wconf 82' lang='grc' dir='ltr'>ΕΤ</span> <span class='ocrx_word' id='word_1_8' title='bbox 1072 98 1241 132; x_wconf 80' lang='lat' dir='ltr'>PORPH.</span> <span class='ocrx_word' id='word_1_9' title='bbox 1266 97 1415 131; x_wconf 85' lang='lat' dir='ltr'>COMM.</span> 
     </span>
    </p>
   </div>
   <div class='ocr_carea' id='block_1_6' title="bbox 223 220 2107 709">
    <p class='ocr_par' dir='ltr' id='par_1_6' title="bbox 223 220 2107 428">
     <span class='ocr_line' id='line_1_6' title="bbox 336 220 2107 280; baseline -0.003 -12"><span class='ocrx_word' id='word_1_10' title='bbox 336 228 429 269; x_wconf 84' lang='grc'><strong>267.</strong></span> <span class='ocrx_word' id='word_1_11' title='bbox 462 228 555 268; x_wconf 84' lang='grc'><strong>268.</strong></span> <span class='ocrx_word' id='word_1_12' title='bbox 589 234 623 267; x_wconf 76' lang='lat' dir='ltr'>et</span> <span class='ocrx_word' id='word_1_13' title='bbox 653 238 738 267; x_wconf 80' lang='lat' dir='ltr'>una</span> <span class='ocrx_word' id='word_1_14' title='bbox 772 224 872 267; x_wconf 82' lang='lat' dir='ltr'>Cum</span> <span class='ocrx_word' id='word_1_15' title='bbox 900 223 1096 280; x_wconf 79' lang='lat' dir='ltr'><em>scriptore</em></span> <span class='ocrx_word' id='word_1_16' title='bbox 1126 238 1219 264; x_wconf 81' lang='lat' dir='ltr'>meo.</span> <span class='ocrx_word' id='word_1_17' title='bbox 1286 221 1400 272; x_wconf 90' lang='lat' dir='ltr'>Ideo,</span> <span class='ocrx_word' id='word_1_18' title='bbox 1432 221 1534 276; x_wconf 87' lang='lat' dir='ltr'>quia</span> <span class='ocrx_word' id='word_1_19' title='bbox 1578 221 1621 262; x_wconf 91' lang='lat' dir='ltr'>in</span> <span class='ocrx_word' id='word_1_20' title='bbox 1665 221 1813 264; x_wconf 88' lang='lat' dir='ltr'>eodem</span> <span class='ocrx_word' id='word_1_21' title='bbox 1856 220 1964 263; x_wconf 89' lang='lat' dir='ltr'>libro</span> <span class='ocrx_word' id='word_1_22' title='bbox 2008 228 2049 263; x_wconf 85' lang='lat' dir='ltr'>et</span> <span class='ocrx_word' id='word_1_23' title='bbox 2104 260 2107 261; x_wconf 19' lang='lat'><em>⁷</em></span> 
     </span>
     <span class='ocr_line' id='line_1_7' title="bbox 223 293 2049 355; baseline -0.004 -12"><span class='ocrx_word' id='word_1_24' title='bbox 223 299 440 355; x_wconf 84' lang='lat' dir='ltr'>scriptoris</span> <span class='ocrx_word' id='word_1_25' title='bbox 470 312 622 341; x_wconf 86' lang='lat' dir='ltr'>nomen</span> <span class='ocrx_word' id='word_1_26' title='bbox 653 306 715 340; x_wconf 85' lang='lat' dir='ltr'>est</span> <span class='ocrx_word' id='word_1_27' title='bbox 745 304 786 340; x_wconf 86' lang='lat' dir='ltr'>et</span> <span class='ocrx_word' id='word_1_28' title='bbox 815 297 916 348; x_wconf 88' lang='lat' dir='ltr'>eius,</span> <span class='ocrx_word' id='word_1_29' title='bbox 957 296 1009 338; x_wconf 89' lang='lat' dir='ltr'>de</span> <span class='ocrx_word' id='word_1_30' title='bbox 1040 310 1123 352; x_wconf 92' lang='lat' dir='ltr'>quo</span> <span class='ocrx_word' id='word_1_31' title='bbox 1154 295 1363 346; x_wconf 81' lang='lat' dir='ltr'>scribitur,</span> <span class='ocrx_word' id='word_1_32' title='bbox 1407 302 1453 338; x_wconf 90' lang='lat' dir='ltr'>ut</span> <span class='ocrx_word' id='word_1_33' title='bbox 1482 295 1667 350; x_wconf 82' lang='lat' dir='ltr'>Vergilii</span> <span class='ocrx_word' id='word_1_34' title='bbox 1698 295 1857 338; x_wconf 86' lang='lat' dir='ltr'>Aeneis</span> <span class='ocrx_word' id='word_1_35' title='bbox 1887 302 1927 336; x_wconf 88' lang='lat' dir='ltr'>et</span> <span class='ocrx_word' id='word_1_36' title='bbox 1956 293 2049 336; x_wconf 93' lang='lat' dir='ltr'>Ho-</span> 
     </span>
     <span class='ocr_line' id='line_1_8' title="bbox 225 372 568 428; baseline -0.006 -13"><span class='ocrx_word' id='word_1_37' title='bbox 225 373 329 416; x_wconf 85' lang='lat' dir='ltr'>meri</span> <span class='ocrx_word' id='word_1_38' title='bbox 361 372 568 428; x_wconf 83' lang='lat' dir='ltr'><strong>Odyssea.</strong></span> 
     </span>
    </p>

    <p class='ocr_par' dir='ltr' id='par_1_7' title="bbox 226 440 2050 563">
     <span class='ocr_line' id='line_1_9' title="bbox 338 440 2050 503; baseline -0.002 -15"><span class='ocrx_word' id='word_1_39' title='bbox 338 447 432 488; x_wconf 79' lang='lat'>268.</span> <span class='ocrx_word' id='word_1_40' title='bbox 465 461 586 503; x_wconf 78' lang='lat' dir='ltr'>capsa</span> <span class='ocrx_word' id='word_1_41' title='bbox 619 453 839 502; x_wconf 77' lang='lat' dir='ltr'>correptus.</span> <span class='ocrx_word' id='word_1_42' title='bbox 900 443 1018 486; x_wconf 89' lang='lat' dir='ltr'>Bene</span> <span class='ocrx_word' id='word_1_43' title='bbox 1048 451 1253 500; x_wconf 77' lang='lat' dir='ltr'>correptus</span> <span class='ocrx_word' id='word_1_44' title='bbox 1284 450 1321 484; x_wconf 92' lang='lat' dir='ltr'>et</span> <span class='ocrx_word' id='word_1_45' title='bbox 1353 443 1397 484; x_wconf 84' lang='lat' dir='ltr'>in</span> <span class='ocrx_word' id='word_1_46' title='bbox 1427 457 1546 498; x_wconf 78' lang='lat' dir='ltr'>capsa</span> <span class='ocrx_word' id='word_1_47' title='bbox 1577 449 1751 499; x_wconf 80' lang='lat' dir='ltr'>opertus,</span> <span class='ocrx_word' id='word_1_48' title='bbox 1788 440 1909 497; x_wconf 81' lang='lat' dir='ltr'>quasi</span> <span class='ocrx_word' id='word_1_49' title='bbox 1938 456 2050 484; x_wconf 87' lang='lat' dir='ltr'>mor-</span> 
     </span>
     <span class='ocr_line' id='line_1_10' title="bbox 226 519 589 563; baseline -0.003 -2"><span class='ocrx_word' id='word_1_50' title='bbox 226 527 321 563; x_wconf 86' lang='lat' dir='ltr'>tuus</span> <span class='ocrx_word' id='word_1_51' title='bbox 350 520 395 561; x_wconf 91' lang='lat' dir='ltr'>in</span> <span class='ocrx_word' id='word_1_52' title='bbox 423 519 589 562; x_wconf 85' lang='lat' dir='ltr'>feretro.</span> 
     </span>
    </p>

    <p class='ocr_par' dir='ltr' id='par_1_8' title="bbox 340 587 1598 648">
     <span class='ocr_line' id='line_1_11' title="bbox 340 587 1598 648; baseline -0.006 -12"><span class='ocrx_word' id='word_1_53' title='bbox 340 594 435 636; x_wconf 86' lang='grc'><strong>269.</strong></span> <span class='ocrx_word' id='word_1_54' title='bbox 469 594 643 648; x_wconf 81' lang='lat' dir='ltr'>Deferar</span> <span class='ocrx_word' id='word_1_55' title='bbox 674 594 718 635; x_wconf 85' lang='lat' dir='ltr'>in</span> <span class='ocrx_word' id='word_1_56' title='bbox 746 595 895 635; x_wconf 79' lang='lat' dir='ltr'>uicum.</span> <span class='ocrx_word' id='word_1_57' title='bbox 954 590 1183 633; x_wconf 85' lang='lat' dir='ltr'>Turarium</span> <span class='ocrx_word' id='word_1_58' title='bbox 1214 603 1291 646; x_wconf 88' lang='lat' dir='ltr'>pro</span> <span class='ocrx_word' id='word_1_59' title='bbox 1323 590 1468 631; x_wconf 87' lang='lat' dir='ltr'>charta</span> <span class='ocrx_word' id='word_1_60' title='bbox 1499 587 1598 631; x_wconf 85' lang='lat' dir='ltr'>sola.</span> 
     </span>
    </p>

    <p class='ocr_par' dir='ltr' id='par_1_9' title="bbox 341 665 974 709">
     <span class='ocr_line' id='line_1_12' title="bbox 341 665 974 709; baseline -0.003 -1"><span class='ocrx_word' id='word_1_61' title='bbox 341 668 435 709; x_wconf 85' lang='lat'>270.</span> <span class='ocrx_word' id='word_1_62' title='bbox 468 668 669 709; x_wconf 78' lang='lat' dir='ltr'>amicitur.</span> <span class='ocrx_word' id='word_1_63' title='bbox 727 665 974 708; x_wconf 87' lang='lat' dir='ltr'>Inuoluitur.</span> 
     </span>
    </p>
   </div>
   <div class='ocr_carea' id='block_1_7' title="bbox 852 896 1425 1053">
    <p class='ocr_par' dir='ltr' id='par_1_10' title="bbox 852 896 1425 1053">
     <span class='ocr_line' id='line_1_13' title="bbox 852 896 1425 965; baseline -0.003 -13"><span class='ocrx_word' id='word_1_64' title='bbox 852 896 1230 953; x_wconf 79' lang='lat' dir='ltr'><strong>EPISTVLA</strong></span> <span class='ocrx_word' id='word_1_65' title='bbox 1269 897 1337 965; x_wconf 86' lang='grc' dir='ltr'>Π,</span> <span class='ocrx_word' id='word_1_66' title='bbox 1380 901 1425 950; x_wconf 82' lang='lat'>2.</span> 
     </span>
     <span class='ocr_line' id='line_1_14' title="bbox 1048 1006 1238 1053; baseline -0.005 -1"><span class='ocrx_word' id='word_1_67' title='bbox 1048 1006 1238 1053; x_wconf 83' lang='lat' dir='ltr'>AGRON.</span> 
     </span>
    </p>
   </div>
   <div class='ocr_carea' id='block_1_8' title="bbox 343 1108 2061 1168">
    <p class='ocr_par' dir='ltr' id='par_1_11' title="bbox 343 1108 2061 1168">
     <span class='ocr_line' id='line_1_15' title="bbox 343 1108 2061 1168; baseline -0.002 -13"><span class='ocrx_word' id='word_1_68' title='bbox 343 1113 461 1155; x_wconf 83' lang='lat' dir='ltr'><em>Flore</em></span> <span class='ocrx_word' id='word_1_69' title='bbox 492 1114 604 1155; x_wconf 77' lang='lat' dir='ltr'>bono.</span> <span class='ocrx_word' id='word_1_70' title='bbox 663 1111 700 1153; x_wconf 87' lang='lat' dir='ltr'>F</span> <span class='ocrx_word' id='word_1_71' title='bbox 703 1108 908 1153; x_wconf 83' lang='lat' dir='ltr'>LORVS</span> <span class='ocrx_word' id='word_1_72' title='bbox 945 1109 1206 1153; x_wconf 81' lang='lat' dir='ltr'>irascebatur</span> <span class='ocrx_word' id='word_1_73' title='bbox 1234 1109 1428 1162; x_wconf 80' lang='lat' dir='ltr'>Horatio,</span> <span class='ocrx_word' id='word_1_74' title='bbox 1463 1109 1583 1168; x_wconf 90' lang='lat' dir='ltr'>[quia</span> <span class='ocrx_word' id='word_1_75' title='bbox 1614 1111 1702 1152; x_wconf 89' lang='lat' dir='ltr'>eius</span> <span class='ocrx_word' id='word_1_76' title='bbox 1733 1125 1818 1152; x_wconf 91' lang='lat' dir='ltr'>non</span> <span class='ocrx_word' id='word_1_77' title='bbox 1849 1110 2061 1166; x_wconf 84' lang='lat' dir='ltr'>acciperet</span> 
     </span>
    </p>
   </div>
   <div class='ocr_carea' id='block_1_9' title="bbox 230 1184 2064 1761">
    <p class='ocr_par' dir='ltr' id='par_1_12' title="bbox 230 1184 2062 1465">
     <span class='ocr_line' id='line_1_16' title="bbox 230 1184 2059 1244; baseline -0.002 -15"><span class='ocrx_word' id='word_1_78' title='bbox 230 1185 472 1244; x_wconf 81' lang='lat' dir='ltr'>epistulam]</span> <span class='ocrx_word' id='word_1_79' title='bbox 495 1185 608 1242; x_wconf 89' lang='lat' dir='ltr'>quod</span> <span class='ocrx_word' id='word_1_80' title='bbox 629 1185 719 1228; x_wconf 89' lang='lat' dir='ltr'>eius</span> <span class='ocrx_word' id='word_1_81' title='bbox 740 1184 1020 1241; x_wconf 75' lang='lat' dir='ltr'>epistulam,*)</span> <span class='ocrx_word' id='word_1_82' title='bbox 1052 1199 1178 1240; x_wconf 86' lang='lat' dir='ltr'>quam</span> <span class='ocrx_word' id='word_1_83' title='bbox 1199 1184 1462 1240; x_wconf 84' lang='lat' dir='ltr'>promiserat,</span> <span class='ocrx_word' id='word_1_84' title='bbox 1494 1184 1533 1226; x_wconf 91' lang='lat' dir='ltr'>ei</span> <span class='ocrx_word' id='word_1_85' title='bbox 1553 1199 1637 1226; x_wconf 89' lang='lat' dir='ltr'>non</span> <span class='ocrx_word' id='word_1_86' title='bbox 1667 1184 1852 1226; x_wconf 85' lang='lat' dir='ltr'>dederat.</span> <span class='ocrx_word' id='word_1_87' title='bbox 1912 1184 2059 1226; x_wconf 85' lang='lat' dir='ltr'>Excu-</span> 
     </span>
     <span class='ocr_line' id='line_1_17' title="bbox 231 1258 2062 1317; baseline -0.002 -15"><span class='ocrx_word' id='word_1_88' title='bbox 231 1268 291 1303; x_wconf 87' lang='lat' dir='ltr'>sat</span> <span class='ocrx_word' id='word_1_89' title='bbox 325 1259 502 1317; x_wconf 85' lang='lat' dir='ltr'>[autem]</span> <span class='ocrx_word' id='word_1_90' title='bbox 536 1274 579 1302; x_wconf 90' lang='lat' dir='ltr'>se</span> <span class='ocrx_word' id='word_1_91' title='bbox 610 1259 725 1315; x_wconf 83' lang='lat' dir='ltr'>apud</span> <span class='ocrx_word' id='word_1_92' title='bbox 756 1274 851 1301; x_wconf 88' lang='lat' dir='ltr'>eum</span> <span class='ocrx_word' id='word_1_93' title='bbox 880 1258 1098 1308; x_wconf 82' lang='lat' dir='ltr'>Horatius,</span> <span class='ocrx_word' id='word_1_94' title='bbox 1131 1258 1330 1313; x_wconf 88' lang='lat' dir='ltr'>quoniam</span> <span class='ocrx_word' id='word_1_95' title='bbox 1360 1273 1443 1301; x_wconf 86' lang='lat' dir='ltr'>non</span> <span class='ocrx_word' id='word_1_96' title='bbox 1474 1258 1736 1315; x_wconf 82' lang='lat' dir='ltr'>promiserit3</span> <span class='ocrx_word' id='word_1_97' title='bbox 1783 1264 1824 1299; x_wconf 84' lang='lat' dir='ltr'>et</span> <span class='ocrx_word' id='word_1_98' title='bbox 1855 1258 1925 1309; x_wconf 86' lang='lat' dir='ltr'>ait,</span> <span class='ocrx_word' id='word_1_99' title='bbox 1967 1272 2062 1300; x_wconf 90' lang='lat' dir='ltr'>eum</span> 
     </span>
     <span class='ocr_line' id='line_1_18' title="bbox 231 1331 2061 1394; baseline -0.002 -18"><span class='ocrx_word' id='word_1_100' title='bbox 231 1335 385 1377; x_wconf 89' lang='lat' dir='ltr'>iniuste</span> <span class='ocrx_word' id='word_1_101' title='bbox 415 1333 554 1384; x_wconf 86' lang='lat' dir='ltr'>irasci,</span> <span class='ocrx_word' id='word_1_102' title='bbox 591 1334 664 1388; x_wconf 92' lang='lat' dir='ltr'>qui</span> <span class='ocrx_word' id='word_1_103' title='bbox 683 1334 839 1390; x_wconf 51' lang='lat' dir='ltr'>‚exigat</span> <span class='ocrx_word' id='word_1_104' title='bbox 868 1348 953 1375; x_wconf 90' lang='lat' dir='ltr'>non</span> <span class='ocrx_word' id='word_1_105' title='bbox 982 1332 1191 1389; x_wconf 89' lang='lat' dir='ltr'>promissa</span> <span class='ocrx_word' id='word_1_106' title='bbox 1222 1332 1423 1383; x_wconf 87' lang='lat' dir='ltr'>carmina,</span> <span class='ocrx_word' id='word_1_107' title='bbox 1469 1338 1539 1374; x_wconf 83' lang='lat' dir='ltr'>aut</span> <span class='ocrx_word' id='word_1_108' title='bbox 1569 1331 1664 1394; x_wconf 83' lang='lat' dir='ltr'>ideo</span> <span class='ocrx_word' id='word_1_109' title='bbox 1696 1346 1740 1374; x_wconf 89' lang='lat' dir='ltr'>se</span> <span class='ocrx_word' id='word_1_110' title='bbox 1769 1346 1855 1374; x_wconf 89' lang='lat' dir='ltr'>non</span> <span class='ocrx_word' id='word_1_111' title='bbox 1883 1332 2061 1383; x_wconf 87' lang='lat' dir='ltr'>mittere,</span> 
     </span>
     <span class='ocr_line' id='line_1_19' title="bbox 234 1407 882 1465; baseline -0.003 -14"><span class='ocrx_word' id='word_1_112' title='bbox 234 1408 334 1465; x_wconf 87' lang='lat' dir='ltr'>quia</span> <span class='ocrx_word' id='word_1_113' title='bbox 362 1407 653 1464; x_wconf 84' lang='lat' dir='ltr'>philosophari</span> <span class='ocrx_word' id='word_1_114' title='bbox 685 1407 882 1463; x_wconf 86' lang='lat' dir='ltr'>coeperit.</span> 
     </span>
    </p>

    <p class='ocr_par' dir='ltr' id='par_1_13' title="bbox 233 1478 2064 1761">
     <span class='ocr_line' id='line_1_20' title="bbox 347 1478 2063 1537; baseline -0.003 -12"><span class='ocrx_word' id='word_1_115' title='bbox 347 1484 384 1525; x_wconf 82' lang='lat'>8.</span> <span class='ocrx_word' id='word_1_116' title='bbox 413 1482 645 1524; x_wconf 73' lang='lat' dir='ltr'>imitaberis.</span> <span class='ocrx_word' id='word_1_117' title='bbox 707 1480 894 1534; x_wconf 79' lang='lat' dir='ltr'>Quidam</span> <span class='ocrx_word' id='word_1_118' title='bbox 935 1482 1156 1524; x_wconf 75' lang='lat' dir='ltr'>imitabitur</span> <span class='ocrx_word' id='word_1_119' title='bbox 1199 1481 1359 1537; x_wconf 79' lang='lat' dir='ltr'>legunt,</span> <span class='ocrx_word' id='word_1_120' title='bbox 1405 1479 1518 1534; x_wconf 89' lang='lat' dir='ltr'>quod</span> <span class='ocrx_word' id='word_1_121' title='bbox 1549 1486 1610 1521; x_wconf 85' lang='lat' dir='ltr'>est</span> <span class='ocrx_word' id='word_1_122' title='bbox 1639 1494 1664 1521; x_wconf 85' lang='lat' dir='ltr'>a</span> <span class='ocrx_word' id='word_1_123' title='bbox 1694 1493 1824 1535; x_wconf 88' lang='lat' dir='ltr'>puero</span> <span class='ocrx_word' id='word_1_124' title='bbox 1869 1478 2063 1520; x_wconf 87' lang='lat' dir='ltr'>alienum.</span> 
     </span>
     <span class='ocr_line' id='line_1_21' title="bbox 233 1553 2063 1612; baseline -0.002 -14"><span class='ocrx_word' id='word_1_125' title='bbox 233 1556 391 1598; x_wconf 87' lang='lat' dir='ltr'>Melius</span> <span class='ocrx_word' id='word_1_126' title='bbox 421 1570 523 1612; x_wconf 85' lang='lat' dir='ltr'>ergo</span> <span class='ocrx_word' id='word_1_127' title='bbox 553 1555 734 1611; x_wconf 84' lang='lat' dir='ltr'>legimus</span> <span class='ocrx_word' id='word_1_128' title='bbox 763 1556 996 1606; x_wconf 68' lang='lat' dir='ltr'>imitaberis,</span> <span class='ocrx_word' id='word_1_129' title='bbox 1042 1555 1087 1596; x_wconf 91' lang='lat' dir='ltr'>id</span> <span class='ocrx_word' id='word_1_130' title='bbox 1124 1561 1206 1597; x_wconf 86' lang='lat' dir='ltr'>est:</span> <span class='ocrx_word' id='word_1_131' title='bbox 1253 1553 1349 1595; x_wconf 82' lang='lat' dir='ltr'>talis</span> <span class='ocrx_word' id='word_1_132' title='bbox 1378 1553 1541 1610; x_wconf 84' lang='lat' dir='ltr'>ingenii</span> <span class='ocrx_word' id='word_1_133' title='bbox 1571 1559 1646 1604; x_wconf 88' lang='lat' dir='ltr'>est,</span> <span class='ocrx_word' id='word_1_134' title='bbox 1676 1560 1723 1594; x_wconf 90' lang='lat' dir='ltr'>ut</span> <span class='ocrx_word' id='word_1_135' title='bbox 1766 1553 1909 1595; x_wconf 89' lang='lat' dir='ltr'>flectas</span> <span class='ocrx_word' id='word_1_136' title='bbox 1954 1567 2063 1603; x_wconf 88' lang='lat' dir='ltr'>eum,</span> 
     </span>
     <span class='ocr_line' id='line_1_22' title="bbox 235 1626 2064 1686; baseline -0.002 -14"><span class='ocrx_word' id='word_1_137' title='bbox 235 1645 317 1686; x_wconf 89' lang='lat' dir='ltr'>quo</span> <span class='ocrx_word' id='word_1_138' title='bbox 347 1629 466 1681; x_wconf 90' lang='lat' dir='ltr'>uelis,</span> <span class='ocrx_word' id='word_1_139' title='bbox 497 1636 713 1684; x_wconf 83' lang='lat' dir='ltr'>tamquam</span> <span class='ocrx_word' id='word_1_140' title='bbox 743 1629 939 1685; x_wconf 81' lang='lat' dir='ltr'>argillam</span> <span class='ocrx_word' id='word_1_141' title='bbox 969 1628 1110 1671; x_wconf 88' lang='lat' dir='ltr'>udam.</span> <span class='ocrx_word' id='word_1_142' title='bbox 1169 1627 1227 1669; x_wconf 75' lang='lat' dir='ltr'>Et</span> <span class='ocrx_word' id='word_1_143' title='bbox 1256 1627 1300 1669; x_wconf 88' lang='lat' dir='ltr'>in</span> <span class='ocrx_word' id='word_1_144' title='bbox 1329 1627 1543 1670; x_wconf 89' lang='lat' dir='ltr'>ueteribus</span> <span class='ocrx_word' id='word_1_145' title='bbox 1577 1626 1716 1684; x_wconf 90' lang='lat' dir='ltr'>[libris</span> <span class='ocrx_word' id='word_1_146' title='bbox 1747 1634 1787 1669; x_wconf 87' lang='lat' dir='ltr'>et</span> <span class='ocrx_word' id='word_1_147' title='bbox 1815 1626 1879 1684; x_wconf 90' lang='lat' dir='ltr'>in]</span> <span class='ocrx_word' id='word_1_148' title='bbox 1913 1641 2064 1668; x_wconf 85' lang='lat' dir='ltr'>exem—</span> 
     </span>
     <span class='ocr_line' id='line_1_23' title="bbox 234 1703 972 1761; baseline -0.003 -15"><span class='ocrx_word' id='word_1_149' title='bbox 234 1704 425 1761; x_wconf 87' lang='lat' dir='ltr'>plaribus</span> <span class='ocrx_word' id='word_1_150' title='bbox 456 1704 674 1746; x_wconf 70' lang='lat' dir='ltr'>imitaberis</span> <span class='ocrx_word' id='word_1_151' title='bbox 703 1703 972 1759; x_wconf 85' lang='lat' dir='ltr'>inuenitur.†)</span> 
     </span>
    </p>
   </div>
   <div class='ocr_carea' id='block_1_10' title="bbox 235 1774 2066 1908">
    <p class='ocr_par' dir='ltr' id='par_1_14' title="bbox 235 1774 2066 1908">
     <span class='ocr_line' id='line_1_24' title="bbox 350 1774 2066 1833; baseline -0.001 -13"><span class='ocrx_word' id='word_1_152' title='bbox 350 1780 415 1820; x_wconf 82' lang='grc'><strong>12.</strong></span> <span class='ocrx_word' id='word_1_153' title='bbox 446 1778 526 1820; x_wconf 81' lang='lat' dir='ltr'>Res</span> <span class='ocrx_word' id='word_1_154' title='bbox 556 1785 670 1833; x_wconf 60' lang='grc' dir='ltr'><em>αγρεε</em></span> <span class='ocrx_word' id='word_1_155' title='bbox 688 1791 749 1819; x_wconf 84' lang='lat' dir='ltr'>me</span> <span class='ocrx_word' id='word_1_156' title='bbox 769 1777 897 1819; x_wconf 74' lang='lat' dir='ltr'>milla.</span> <span class='ocrx_word' id='word_1_157' title='bbox 973 1774 1227 1833; x_wconf 87' lang='lat' dir='ltr'>Conpetenti</span> <span class='ocrx_word' id='word_1_158' title='bbox 1258 1775 1420 1819; x_wconf 82' lang='lat' dir='ltr'>iocatur</span> <span class='ocrx_word' id='word_1_159' title='bbox 1450 1775 1657 1831; x_wconf 83' lang='lat' dir='ltr'>exemplo,</span> <span class='ocrx_word' id='word_1_160' title='bbox 1689 1775 1810 1831; x_wconf 86' lang='lat' dir='ltr'>quasi</span> <span class='ocrx_word' id='word_1_161' title='bbox 1840 1775 1932 1832; x_wconf 88' lang='lat' dir='ltr'>ipse</span> <span class='ocrx_word' id='word_1_162' title='bbox 1961 1790 2066 1832; x_wconf 84' lang='lat' dir='ltr'>pau-</span> 
     </span>
     <span class='ocr_line' id='line_1_25' title="bbox 235 1850 1133 1908; baseline -0.003 -14"><span class='ocrx_word' id='word_1_163' title='bbox 235 1858 397 1908; x_wconf 87' lang='lat' dir='ltr'>pertate</span> <span class='ocrx_word' id='word_1_164' title='bbox 428 1850 655 1907; x_wconf 86' lang='lat' dir='ltr'>conpulsus</span> <span class='ocrx_word' id='word_1_165' title='bbox 686 1851 903 1907; x_wconf 84' lang='lat' dir='ltr'>scripserit</span> <span class='ocrx_word' id='word_1_166' title='bbox 933 1850 1133 1893; x_wconf 87' lang='lat' dir='ltr'>carmina.</span> 
     </span>
    </p>
   </div>
   <div class='ocr_carea' id='block_1_11' title="bbox 351 1912 1573 1982">
    <p class='ocr_par' dir='ltr' id='par_1_15' title="bbox 351 1912 1573 1982">
     <span class='ocr_line' id='line_1_26' title="bbox 351 1912 1573 1982; baseline -0.002 -15"><span class='ocrx_word' id='word_1_167' title='bbox 351 1941 414 1967; x_wconf 84' lang='lat' dir='ltr'>res</span> <span class='ocrx_word' id='word_1_168' title='bbox 442 1933 570 1982; x_wconf 76' lang='lat' dir='ltr'>urqet.</span> <span class='ocrx_word' id='word_1_169' title='bbox 631 1924 778 1967; x_wconf 87' lang='lat' dir='ltr'>Verba</span> <span class='ocrx_word' id='word_1_170' title='bbox 807 1925 959 1967; x_wconf 88' lang='lat' dir='ltr'>iterum</span> <span class='ocrx_word' id='word_1_171' title='bbox 990 1925 1095 1966; x_wconf 87' lang='lat' dir='ltr'>haec</span> <span class='ocrx_word' id='word_1_172' title='bbox 1128 1923 1260 1981; x_wconf 91' lang='lat' dir='ltr'>[sunt]</span> <span class='ocrx_word' id='word_1_173' title='bbox 1293 1912 1573 1966; x_wconf 84' lang='lat' dir='ltr'>uenditorum.</span> 
     </span>
    </p>
   </div>
   <div class='ocr_carea' id='block_1_12' title="bbox 238 1996 2067 2117">
    <p class='ocr_par' dir='ltr' id='par_1_16' title="bbox 238 1996 2067 2117">
     <span class='ocr_line' id='line_1_27' title="bbox 352 1996 2067 2056; baseline -0.001 -14"><span class='ocrx_word' id='word_1_174' title='bbox 352 2015 436 2042; x_wconf 86' lang='lat' dir='ltr'>meo</span> <span class='ocrx_word' id='word_1_175' title='bbox 457 2014 546 2042; x_wconf 84' lang='lat' dir='ltr'>sum</span> <span class='ocrx_word' id='word_1_176' title='bbox 563 2013 723 2056; x_wconf 77' lang='lat' dir='ltr'>pauper</span> <span class='ocrx_word' id='word_1_177' title='bbox 740 2001 780 2041; x_wconf 77' lang='lat' dir='ltr'>in</span> <span class='ocrx_word' id='word_1_178' title='bbox 803 2014 907 2042; x_wconf 82' lang='lat' dir='ltr'>aere.</span> <span class='ocrx_word' id='word_1_179' title='bbox 969 1998 1039 2055; x_wconf 84' lang='lat' dir='ltr'>[Id</span> <span class='ocrx_word' id='word_1_180' title='bbox 1069 2005 1149 2040; x_wconf 88' lang='lat' dir='ltr'>est:</span> <span class='ocrx_word' id='word_1_181' title='bbox 1181 1997 1287 2039; x_wconf 89' lang='lat' dir='ltr'>nihil</span> <span class='ocrx_word' id='word_1_182' title='bbox 1316 1996 1452 2040; x_wconf 88' lang='lat' dir='ltr'>habeo</span> <span class='ocrx_word' id='word_1_183' title='bbox 1483 1997 1609 2039; x_wconf 86' lang='lat' dir='ltr'>alicui</span> <span class='ocrx_word' id='word_1_184' title='bbox 1639 1997 1740 2039; x_wconf 84' lang='lat' dir='ltr'>dare</span> <span class='ocrx_word' id='word_1_185' title='bbox 1771 2012 1847 2053; x_wconf 89' lang='lat' dir='ltr'>pro</span> <span class='ocrx_word' id='word_1_186' title='bbox 1876 1997 2067 2055; x_wconf 84' lang='lat' dir='ltr'>foenore]</span> 
     </span>
     <span class='ocr_line' id='line_1_28' title="bbox 238 2072 760 2117; baseline -0.006 0"><span class='ocrx_word' id='word_1_187' title='bbox 238 2073 335 2117; x_wconf 93' lang='lat' dir='ltr'>Hoc</span> <span class='ocrx_word' id='word_1_188' title='bbox 366 2079 444 2116; x_wconf 86' lang='lat' dir='ltr'>est:</span> <span class='ocrx_word' id='word_1_189' title='bbox 478 2073 584 2114; x_wconf 88' lang='lat' dir='ltr'>nihil</span> <span class='ocrx_word' id='word_1_190' title='bbox 615 2072 760 2115; x_wconf 88' lang='lat' dir='ltr'>debeo.</span> 
     </span>
    </p>
   </div>
   <div class='ocr_carea' id='block_1_13' title="bbox 239 2192 2125 3163">
    <p class='ocr_par' dir='ltr' id='par_1_17' title="bbox 239 2192 2071 2538">
     <span class='ocr_line' id='line_1_29' title="bbox 376 2192 2069 2252; baseline -0.002 -8"><span class='ocrx_word' id='word_1_191' title='bbox 376 2213 411 2251; x_wconf 83' lang='lat'>2)</span> <span class='ocrx_word' id='word_1_192' title='bbox 437 2212 562 2244; x_wconf 78' lang='lat' dir='ltr'>nomine</span> <span class='ocrx_word' id='word_1_193' title='bbox 587 2216 636 2243; x_wconf 79' lang='lat' dir='ltr'>est</span> <span class='ocrx_word' id='word_1_194' title='bbox 658 2212 702 2242; x_wconf 83' lang='lat' dir='ltr'>M.</span> <span class='ocrx_word' id='word_1_195' title='bbox 740 2216 772 2243; x_wconf 84' lang='lat' dir='ltr'>et</span> <span class='ocrx_word' id='word_1_196' title='bbox 797 2212 867 2243; x_wconf 84' lang='lat' dir='ltr'>eius</span> <span class='ocrx_word' id='word_1_197' title='bbox 893 2221 952 2242; x_wconf 91' lang='lat' dir='ltr'>om.</span> <span class='ocrx_word' id='word_1_198' title='bbox 979 2212 1008 2241; x_wconf 82' lang='lat'>2.</span> <span class='ocrx_word' id='word_1_199' title='bbox 1034 2228 1078 2232; x_wconf 81' lang='lat'>-——</span> <span class='ocrx_word' id='word_1_200' title='bbox 1104 2211 1214 2241; x_wconf 84' lang='lat' dir='ltr'>aeneis</span> <span class='ocrx_word' id='word_1_201' title='bbox 1241 2210 1317 2250; x_wconf 87' lang='lat' dir='ltr'>(om.</span> <span class='ocrx_word' id='word_1_202' title='bbox 1345 2211 1379 2250; x_wconf 80' lang='lat'>2)</span> <span class='ocrx_word' id='word_1_203' title='bbox 1404 2210 1525 2241; x_wconf 81' lang='lat' dir='ltr'>homeri</span> <span class='ocrx_word' id='word_1_204' title='bbox 1551 2210 1682 2251; x_wconf 79' lang='lat' dir='ltr'>odyssia</span> <span class='ocrx_word' id='word_1_205' title='bbox 1706 2210 1780 2247; x_wconf 88' lang='lat' dir='ltr'>MG,</span> <span class='ocrx_word' id='word_1_206' title='bbox 1817 2192 1854 2241; x_wconf 51' lang='lat' dir='ltr'>u‘t</span> <span class='ocrx_word' id='word_1_207' title='bbox 1879 2219 1986 2250; x_wconf 86' lang='lat' dir='ltr'>supra.</span> <span class='ocrx_word' id='word_1_208' title='bbox 2034 2211 2069 2252; x_wconf 87' lang='lat'>4)</span> 
     </span>
     <span class='ocr_line' id='line_1_30' title="bbox 239 2266 2069 2310; baseline -0.002 -8"><span class='ocrx_word' id='word_1_209' title='bbox 239 2275 404 2310; x_wconf 82' lang='lat' dir='ltr'>correptus</span> <span class='ocrx_word' id='word_1_210' title='bbox 426 2272 461 2301; x_wconf 87' lang='lat' dir='ltr'>in</span> <span class='ocrx_word' id='word_1_211' title='bbox 485 2271 558 2301; x_wconf 84' lang='lat' dir='ltr'>lem.</span> <span class='ocrx_word' id='word_1_212' title='bbox 584 2274 615 2300; x_wconf 87' lang='lat' dir='ltr'>et</span> <span class='ocrx_word' id='word_1_213' title='bbox 640 2271 673 2300; x_wconf 86' lang='lat' dir='ltr'>in</span> <span class='ocrx_word' id='word_1_214' title='bbox 698 2269 818 2300; x_wconf 83' lang='lat' dir='ltr'>scholio</span> <span class='ocrx_word' id='word_1_215' title='bbox 842 2267 942 2307; x_wconf 84' lang='lat' dir='ltr'>M2G,</span> <span class='ocrx_word' id='word_1_216' title='bbox 967 2272 1005 2300; x_wconf 88' lang='lat' dir='ltr'>ut</span> <span class='ocrx_word' id='word_1_217' title='bbox 1028 2266 1137 2308; x_wconf 85' lang='lat' dir='ltr'>plures</span> <span class='ocrx_word' id='word_1_218' title='bbox 1163 2267 1253 2298; x_wconf 82' lang='lat' dir='ltr'>codd.</span> <span class='ocrx_word' id='word_1_219' title='bbox 1286 2267 1425 2297; x_wconf 83' lang='lat' dir='ltr'>Romani</span> <span class='ocrx_word' id='word_1_220' title='bbox 1461 2277 1511 2306; x_wconf 83' lang='lat' dir='ltr'>ap.</span> <span class='ocrx_word' id='word_1_221' title='bbox 1548 2267 1657 2298; x_wconf 85' lang='lat' dir='ltr'>Feam.</span> <span class='ocrx_word' id='word_1_222' title='bbox 1698 2266 1796 2307; x_wconf 79' lang='lat' dir='ltr'>Capsa</span> <span class='ocrx_word' id='word_1_223' title='bbox 1824 2271 1986 2307; x_wconf 75' lang='lat' dir='ltr'>porrectus</span> <span class='ocrx_word' id='word_1_224' title='bbox 2020 2278 2069 2308; x_wconf 79' lang='lat' dir='ltr'>op.</span> 
     </span>
     <span class='ocr_line' id='line_1_31' title="bbox 241 2323 2071 2369; baseline -0.002 -10"><span class='ocrx_word' id='word_1_225' title='bbox 241 2328 313 2369; x_wconf 72' lang='lat' dir='ltr'>Des.</span> <span class='ocrx_word' id='word_1_226' title='bbox 337 2328 370 2358; x_wconf 79' lang='lat' dir='ltr'>in</span> <span class='ocrx_word' id='word_1_227' title='bbox 391 2326 469 2367; x_wconf 62' lang='lat' dir='ltr'>uia]</span> <span class='ocrx_word' id='word_1_228' title='bbox 497 2327 585 2357; x_wconf 88' lang='lat' dir='ltr'>Bene</span> <span class='ocrx_word' id='word_1_229' title='bbox 610 2336 692 2366; x_wconf 85' lang='lat' dir='ltr'>porr.</span> <span class='ocrx_word' id='word_1_230' title='bbox 719 2330 752 2356; x_wconf 84' lang='lat' dir='ltr'>et</span> <span class='ocrx_word' id='word_1_231' title='bbox 775 2327 809 2356; x_wconf 84' lang='lat' dir='ltr'>in</span> <span class='ocrx_word' id='word_1_232' title='bbox 833 2335 880 2356; x_wconf 86' lang='lat' dir='ltr'>ca.</span> <span class='ocrx_word' id='word_1_233' title='bbox 907 2335 957 2364; x_wconf 89' lang='lat' dir='ltr'>op.</span> <span class='ocrx_word' id='word_1_234' title='bbox 985 2335 1014 2365; x_wconf 88' lang='lat' dir='ltr'>q.</span> <span class='ocrx_word' id='word_1_235' title='bbox 1040 2335 1082 2355; x_wconf 89' lang='lat' dir='ltr'>m.</span> <span class='ocrx_word' id='word_1_236' title='bbox 1108 2325 1143 2355; x_wconf 87' lang='lat' dir='ltr'>in</span> <span class='ocrx_word' id='word_1_237' title='bbox 1166 2323 1285 2355; x_wconf 78' lang='lat' dir='ltr'>feretro</span> <span class='ocrx_word' id='word_1_238' title='bbox 1310 2323 1435 2354; x_wconf 81' lang='lat' dir='ltr'>deferar</span> <span class='ocrx_word' id='word_1_239' title='bbox 1460 2325 1494 2354; x_wconf 91' lang='lat' dir='ltr'>in</span> <span class='ocrx_word' id='word_1_240' title='bbox 1518 2324 1625 2354; x_wconf 87' lang='lat' dir='ltr'>uicum</span> <span class='ocrx_word' id='word_1_241' title='bbox 1649 2323 1842 2354; x_wconf 87' lang='lat' dir='ltr'>Thurarium</span> <span class='ocrx_word' id='word_1_242' title='bbox 1869 2324 1945 2366; x_wconf 82' lang='lat' dir='ltr'>(sic)</span> <span class='ocrx_word' id='word_1_243' title='bbox 1968 2324 2071 2363; x_wconf 84' lang='lat' dir='ltr'>fheta,</span> 
     </span>
     <span class='ocr_line' id='line_1_32' title="bbox 242 2381 2071 2425; baseline -0.002 -9"><span class='ocrx_word' id='word_1_244' title='bbox 242 2386 296 2425; x_wconf 86' lang='lat' dir='ltr'>qui</span> <span class='ocrx_word' id='word_1_245' title='bbox 321 2389 428 2416; x_wconf 85' lang='lat' dir='ltr'>tamen</span> <span class='ocrx_word' id='word_1_246' title='bbox 453 2386 486 2415; x_wconf 88' lang='lat' dir='ltr'>in</span> <span class='ocrx_word' id='word_1_247' title='bbox 511 2385 584 2414; x_wconf 90' lang='lat' dir='ltr'>lem.</span> <span class='ocrx_word' id='word_1_248' title='bbox 610 2393 675 2414; x_wconf 88' lang='lat' dir='ltr'>non</span> <span class='ocrx_word' id='word_1_249' title='bbox 699 2384 796 2414; x_wconf 84' lang='lat' dir='ltr'>habet</span> <span class='ocrx_word' id='word_1_250' title='bbox 821 2384 920 2413; x_wconf 87' lang='lat' dir='ltr'>uerba</span> <span class='ocrx_word' id='word_1_251' title='bbox 942 2382 1078 2422; x_wconf 69' lang='lat' dir='ltr'>Deferat·</span> <span class='ocrx_word' id='word_1_252' title='bbox 1100 2382 1133 2412; x_wconf 76' lang='lat' dir='ltr'>in</span> <span class='ocrx_word' id='word_1_253' title='bbox 1155 2382 1265 2413; x_wconf 75' lang='lat' dir='ltr'>uicum.</span> <span class='ocrx_word' id='word_1_254' title='bbox 1289 2381 1367 2412; x_wconf 80' lang='lat' dir='ltr'>Post</span> <span class='ocrx_word' id='word_1_255' title='bbox 1390 2391 1420 2410; x_wconf 88' lang='lat' dir='ltr'>u.</span> <span class='ocrx_word' id='word_1_256' title='bbox 1451 2381 1637 2411; x_wconf 74' lang='lat' dir='ltr'>Thurarium</span> <span class='ocrx_word' id='word_1_257' title='bbox 1652 2384 1827 2412; x_wconf 79' lang='lat' dir='ltr'>transeunt</span> <span class='ocrx_word' id='word_1_258' title='bbox 1853 2382 1895 2411; x_wconf 86' lang='lat' dir='ltr'>ad</span> <span class='ocrx_word' id='word_1_259' title='bbox 1922 2382 2071 2413; x_wconf 87' lang='lat' dir='ltr'>ultimum</span> 
     </span>
     <span class='ocr_line' id='line_1_33' title="bbox 240 2435 2070 2479; baseline -0.003 -6"><span class='ocrx_word' id='word_1_260' title='bbox 240 2443 339 2473; x_wconf 87' lang='lat' dir='ltr'>schol.</span> <span class='ocrx_word' id='word_1_261' title='bbox 365 2441 515 2472; x_wconf 69' lang='lat' dir='ltr'>amicitur.</span> <span class='ocrx_word' id='word_1_262' title='bbox 542 2441 695 2477; x_wconf 73' lang='lat' dir='ltr'>induitur,</span> <span class='ocrx_word' id='word_1_263' title='bbox 728 2450 788 2471; x_wconf 90' lang='lat' dir='ltr'>om.</span> <span class='ocrx_word' id='word_1_264' title='bbox 831 2440 1001 2470; x_wconf 86' lang='lat' dir='ltr'>Turarium</span> <span class='ocrx_word' id='word_1_265' title='bbox 1026 2449 1082 2479; x_wconf 88' lang='lat' dir='ltr'>pro</span> <span class='ocrx_word' id='word_1_266' title='bbox 1107 2439 1219 2469; x_wconf 85' lang='lat' dir='ltr'>charta</span> <span class='ocrx_word' id='word_1_267' title='bbox 1244 2437 1320 2468; x_wconf 81' lang='lat' dir='ltr'>sola.</span> <span class='ocrx_word' id='word_1_268' title='bbox 1386 2435 1419 2477; x_wconf 89' lang='grc'>6)</span> <span class='ocrx_word' id='word_1_269' title='bbox 1444 2436 1519 2467; x_wconf 83' lang='lat' dir='ltr'>Def.</span> <span class='ocrx_word' id='word_1_270' title='bbox 1545 2438 1580 2467; x_wconf 87' lang='lat' dir='ltr'>in</span> <span class='ocrx_word' id='word_1_271' title='bbox 1604 2438 1666 2468; x_wconf 83' lang='lat' dir='ltr'>uic.</span> <span class='ocrx_word' id='word_1_272' title='bbox 1691 2437 1847 2468; x_wconf 68' lang='lat' dir='ltr'>hieracium</span> <span class='ocrx_word' id='word_1_273' title='bbox 1883 2436 1972 2479; x_wconf 82' lang='lat' dir='ltr'>(sic),</span> <span class='ocrx_word' id='word_1_274' title='bbox 2009 2448 2070 2469; x_wconf 90' lang='lat' dir='ltr'>om.</span> 
     </span>
     <span class='ocr_line' id='line_1_34' title="bbox 241 2493 1547 2538; baseline -0.005 -9"><span class='ocrx_word' id='word_1_275' title='bbox 241 2509 299 2538; x_wconf 84' lang='lat' dir='ltr'>pro</span> <span class='ocrx_word' id='word_1_276' title='bbox 325 2500 394 2529; x_wconf 80' lang='lat' dir='ltr'>cha.</span> <span class='ocrx_word' id='word_1_277' title='bbox 423 2500 498 2529; x_wconf 84' lang='lat' dir='ltr'>sola.</span> <span class='ocrx_word' id='word_1_278' title='bbox 525 2509 554 2528; x_wconf 75' lang='lat' dir='ltr'>v.</span> <span class='ocrx_word' id='word_1_279' title='bbox 607 2499 640 2538; x_wconf 84' lang='lat'>7)</span> <span class='ocrx_word' id='word_1_280' title='bbox 666 2497 839 2527; x_wconf 78' lang='lat' dir='ltr'>inuoluitur</span> <span class='ocrx_word' id='word_1_281' title='bbox 863 2496 1032 2535; x_wconf 71' lang='lat' dir='ltr'>MeG(Q):</span> <span class='ocrx_word' id='word_1_282' title='bbox 1058 2495 1221 2526; x_wconf 84' lang='lat' dir='ltr'>inducitur</span> <span class='ocrx_word' id='word_1_283' title='bbox 1243 2505 1275 2525; x_wconf 87' lang='lat' dir='ltr'>v.</span> <span class='ocrx_word' id='word_1_284' title='bbox 1301 2495 1371 2524; x_wconf 90' lang='lat' dir='ltr'>rell.</span> <span class='ocrx_word' id='word_1_285' title='bbox 1399 2493 1547 2524; x_wconf 75' lang='lat' dir='ltr'>indicitur.</span> 
     </span>
    </p>

    <p class='ocr_par' dir='ltr' id='par_1_18' title="bbox 244 2551 2071 2653">
     <span class='ocr_line' id='line_1_35' title="bbox 356 2551 2071 2593; baseline -0.002 -7"><span class='ocrx_word' id='word_1_286' title='bbox 356 2555 519 2586; x_wconf 80' lang='lat' dir='ltr'>ACRON.</span> <span class='ocrx_word' id='word_1_287' title='bbox 566 2555 740 2593; x_wconf 84' lang='lat' dir='ltr'>Inscriptio</span> <span class='ocrx_word' id='word_1_288' title='bbox 767 2564 850 2585; x_wconf 87' lang='lat' dir='ltr'>omn.</span> <span class='ocrx_word' id='word_1_289' title='bbox 878 2553 944 2583; x_wconf 76' lang='lat' dir='ltr'>fere</span> <span class='ocrx_word' id='word_1_290' title='bbox 970 2554 1114 2584; x_wconf 88' lang='lat' dir='ltr'>codicum</span> <span class='ocrx_word' id='word_1_291' title='bbox 1137 2552 1268 2583; x_wconf 85' lang='lat' dir='ltr'>Horatii</span> <span class='ocrx_word' id='word_1_292' title='bbox 1292 2555 1362 2582; x_wconf 81' lang='lat' dir='ltr'>est:</span> <span class='ocrx_word' id='word_1_293' title='bbox 1387 2551 1446 2581; x_wconf 92' lang='lat' dir='ltr'>AD</span> <span class='ocrx_word' id='word_1_294' title='bbox 1465 2551 1654 2589; x_wconf 84' lang='lat' dir='ltr'>FLORVM,</span> <span class='ocrx_word' id='word_1_295' title='bbox 1681 2561 1740 2582; x_wconf 91' lang='lat' dir='ltr'>om.</span> <span class='ocrx_word' id='word_1_296' title='bbox 1766 2551 1919 2582; x_wconf 85' lang='lat' dir='ltr'>IVLIVM</span> <span class='ocrx_word' id='word_1_297' title='bbox 1943 2561 2071 2590; x_wconf 83' lang='lat' dir='ltr'>nomen,</span> 
     </span>
     <span class='ocr_line' id='line_1_36' title="bbox 244 2608 1655 2653; baseline -0.004 -11"><span class='ocrx_word' id='word_1_298' title='bbox 244 2614 330 2653; x_wconf 81' lang='lat' dir='ltr'>quod</span> <span class='ocrx_word' id='word_1_299' title='bbox 356 2614 389 2644; x_wconf 92' lang='lat' dir='ltr'>in</span> <span class='ocrx_word' id='word_1_300' title='bbox 414 2623 477 2643; x_wconf 91' lang='lat' dir='ltr'>uno</span> <span class='ocrx_word' id='word_1_301' title='bbox 502 2616 628 2643; x_wconf 84' lang='lat' dir='ltr'>tantum</span> <span class='ocrx_word' id='word_1_302' title='bbox 654 2611 756 2650; x_wconf 88' lang='lat' dir='ltr'>(Bibl.</span> <span class='ocrx_word' id='word_1_303' title='bbox 783 2612 823 2641; x_wconf 88' lang='lat' dir='ltr'>de</span> <span class='ocrx_word' id='word_1_304' title='bbox 848 2610 999 2641; x_wconf 80' lang='lat' dir='ltr'>l&#39;arsenal</span> <span class='ocrx_word' id='word_1_305' title='bbox 1023 2620 1054 2640; x_wconf 88' lang='lat' dir='ltr'>n.</span> <span class='ocrx_word' id='word_1_306' title='bbox 1083 2611 1123 2641; x_wconf 81' lang='lat'>33</span> <span class='ocrx_word' id='word_1_307' title='bbox 1150 2611 1262 2648; x_wconf 82' lang='lat' dir='ltr'>script.</span> <span class='ocrx_word' id='word_1_308' title='bbox 1288 2617 1370 2639; x_wconf 86' lang='lat' dir='ltr'>anno</span> <span class='ocrx_word' id='word_1_309' title='bbox 1397 2610 1498 2649; x_wconf 83' lang='lat'>1218)</span> <span class='ocrx_word' id='word_1_310' title='bbox 1524 2608 1655 2640; x_wconf 85' lang='lat' dir='ltr'>offendi.</span> 
     </span>
    </p>

    <p class='ocr_par' dir='ltr' id='par_1_19' title="bbox 246 2666 2125 3163">
     <span class='ocr_line' id='line_1_37' title="bbox 359 2666 2125 2710; baseline -0.001 -10"><span class='ocrx_word' id='word_1_311' title='bbox 359 2668 416 2709; x_wconf 83' lang='lat'>14)</span> <span class='ocrx_word' id='word_1_312' title='bbox 440 2670 518 2710; x_wconf 74' lang='lat' dir='ltr'>quod</span> <span class='ocrx_word' id='word_1_313' title='bbox 535 2687 571 2690; x_wconf 64' lang='lat'><em>-</em></span> <span class='ocrx_word' id='word_1_314' title='bbox 589 2669 722 2699; x_wconf 80' lang='lat' dir='ltr'>dederat</span> <span class='ocrx_word' id='word_1_315' title='bbox 745 2669 776 2698; x_wconf 91' lang='lat' dir='ltr'>b.</span> <span class='ocrx_word' id='word_1_316' title='bbox 803 2667 854 2707; x_wconf 78' lang='lat' dir='ltr'>qui</span> <span class='ocrx_word' id='word_1_317' title='bbox 876 2679 906 2697; x_wconf 87' lang='lat' dir='ltr'>v.</span> <span class='ocrx_word' id='word_1_318' title='bbox 932 2668 1000 2698; x_wconf 86' lang='lat' dir='ltr'>rell.</span> <span class='ocrx_word' id='word_1_319' title='bbox 1026 2667 1110 2706; x_wconf 85' lang='lat' dir='ltr'>quia.</span> <span class='ocrx_word' id='word_1_320' title='bbox 1161 2666 1216 2707; x_wconf 84' lang='lat'>15)</span> <span class='ocrx_word' id='word_1_321' title='bbox 1242 2671 1348 2697; x_wconf 81' lang='lat' dir='ltr'>autem</span> <span class='ocrx_word' id='word_1_322' title='bbox 1372 2666 1435 2702; x_wconf 81' lang='lat' dir='ltr'>CQ.</span> <span class='ocrx_word' id='word_1_323' title='bbox 1462 2667 1531 2697; x_wconf 91' lang='lat' dir='ltr'>rell.</span> <span class='ocrx_word' id='word_1_324' title='bbox 1558 2677 1618 2697; x_wconf 90' lang='lat' dir='ltr'>om.</span> <span class='ocrx_word' id='word_1_325' title='bbox 1637 2685 1670 2689; x_wconf 57' lang='grc'>»-</span> <span class='ocrx_word' id='word_1_326' title='bbox 1696 2667 1834 2707; x_wconf 72' lang='lat' dir='ltr'>promisit</span> <span class='ocrx_word' id='word_1_327' title='bbox 1858 2670 1889 2698; x_wconf 81' lang='lat' dir='ltr'>et</span> <span class='ocrx_word' id='word_1_328' title='bbox 1915 2668 1993 2707; x_wconf 89' lang='lat' dir='ltr'>(om.</span> <span class='ocrx_word' id='word_1_329' title='bbox 2011 2668 2072 2708; x_wconf 83' lang='lat' dir='ltr'>ait)</span> <span class='ocrx_word' id='word_1_330' title='bbox 2124 2670 2125 2673; x_wconf 75' lang='grc'>’</span> 
     </span>
     <span class='ocr_line' id='line_1_38' title="bbox 246 2722 2071 2765; baseline -0.002 -8"><span class='ocrx_word' id='word_1_331' title='bbox 246 2728 366 2757; x_wconf 79' lang='lat' dir='ltr'>iniuste</span> <span class='ocrx_word' id='word_1_332' title='bbox 383 2726 468 2757; x_wconf 79' lang='lat' dir='ltr'>cafh.</span> <span class='ocrx_word' id='word_1_333' title='bbox 498 2725 642 2765; x_wconf 64' lang='lat' dir='ltr'>promisit</span> <span class='ocrx_word' id='word_1_334' title='bbox 665 2729 716 2756; x_wconf 77' lang='lat' dir='ltr'>auc</span> <span class='ocrx_word' id='word_1_335' title='bbox 741 2726 798 2755; x_wconf 90' lang='lat' dir='ltr'>ini.</span> <span class='ocrx_word' id='word_1_336' title='bbox 824 2735 854 2754; x_wconf 90' lang='lat' dir='ltr'>v.</span> <span class='ocrx_word' id='word_1_337' title='bbox 881 2724 1064 2763; x_wconf 75' lang='lat' dir='ltr'>promiserit</span> <span class='ocrx_word' id='word_1_338' title='bbox 1085 2723 1209 2763; x_wconf 80' lang='lat' dir='ltr'>hc(Q).</span> <span class='ocrx_word' id='word_1_339' title='bbox 1236 2741 1277 2745; x_wconf 47' lang='grc' dir='ltr'><strong><em>ψ</em></strong></span> <span class='ocrx_word' id='word_1_340' title='bbox 1302 2724 1347 2754; x_wconf 80' lang='lat' dir='ltr'>ait</span> <span class='ocrx_word' id='word_1_341' title='bbox 1369 2733 1439 2754; x_wconf 88' lang='lat' dir='ltr'>eum</span> <span class='ocrx_word' id='word_1_342' title='bbox 1464 2724 1520 2754; x_wconf 88' lang='lat' dir='ltr'>ini.</span> <span class='ocrx_word' id='word_1_343' title='bbox 1547 2725 1584 2754; x_wconf 86' lang='lat' dir='ltr'>ir.</span> <span class='ocrx_word' id='word_1_344' title='bbox 1612 2725 1641 2754; x_wconf 87' lang='lat'>2.</span> <span class='ocrx_word' id='word_1_345' title='bbox 1669 2727 1699 2754; x_wconf 86' lang='lat' dir='ltr'>et</span> <span class='ocrx_word' id='word_1_346' title='bbox 1722 2725 1769 2755; x_wconf 85' lang='lat' dir='ltr'>ait</span> <span class='ocrx_word' id='word_1_347' title='bbox 1793 2725 1852 2755; x_wconf 88' lang='lat' dir='ltr'>ini.</span> <span class='ocrx_word' id='word_1_348' title='bbox 1880 2734 1950 2755; x_wconf 88' lang='lat' dir='ltr'>eum</span> <span class='ocrx_word' id='word_1_349' title='bbox 1969 2722 2071 2764; x_wconf 83' lang='lat' dir='ltr'>C(Q).</span> 
     </span>
     <span class='ocr_line' id='line_1_39' title="bbox 246 2780 2071 2828; baseline -0.002 -14"><span class='ocrx_word' id='word_1_350' title='bbox 246 2785 369 2823; x_wconf 80' lang='lat' dir='ltr'>exigat,</span> <span class='ocrx_word' id='word_1_351' title='bbox 397 2793 556 2828; x_wconf 71' lang='lat' dir='ltr'>super-scr.</span> <span class='ocrx_word' id='word_1_352' title='bbox 583 2784 726 2822; x_wconf 87' lang='lat' dir='ltr'>requirat</span> <span class='ocrx_word' id='word_1_353' title='bbox 745 2783 772 2812; x_wconf 88' lang='grc'><strong>2.</strong></span> <span class='ocrx_word' id='word_1_354' title='bbox 826 2784 880 2822; x_wconf 75' lang='grc'>16)</span> <span class='ocrx_word' id='word_1_355' title='bbox 905 2791 967 2812; x_wconf 86' lang='lat' dir='ltr'>non</span> <span class='ocrx_word' id='word_1_356' title='bbox 991 2790 1070 2811; x_wconf 77' lang='lat' dir='ltr'>nunc</span> <span class='ocrx_word' id='word_1_357' title='bbox 1094 2791 1193 2819; x_wconf 85' lang='lat' dir='ltr'>prom.</span> <span class='ocrx_word' id='word_1_358' title='bbox 1213 2782 1243 2810; x_wconf 93' lang='lat' dir='ltr'>b.</span> <span class='ocrx_word' id='word_1_359' title='bbox 1268 2782 1400 2811; x_wconf 84' lang='lat' dir='ltr'>mittere</span> <span class='ocrx_word' id='word_1_360' title='bbox 1424 2781 1475 2820; x_wconf 77' lang='lat' dir='ltr'>qui</span> <span class='ocrx_word' id='word_1_361' title='bbox 1498 2780 1616 2820; x_wconf 77' lang='lat' dir='ltr'>accepit</span> <span class='ocrx_word' id='word_1_362' title='bbox 1631 2781 1676 2811; x_wconf 87' lang='lat' dir='ltr'>fh.</span> <span class='ocrx_word' id='word_1_363' title='bbox 1703 2782 1825 2812; x_wconf 84' lang='lat' dir='ltr'>oratius</span> <span class='ocrx_word' id='word_1_364' title='bbox 1842 2782 1872 2811; x_wconf 94' lang='lat' dir='ltr'>b.</span> <span class='ocrx_word' id='word_1_365' title='bbox 1898 2782 2071 2820; x_wconf 80' lang='lat' dir='ltr'>promissa:</span> 
     </span>
     <span class='ocr_line' id='line_1_40' title="bbox 247 2836 2073 2878; baseline -0.002 -7"><span class='ocrx_word' id='word_1_366' title='bbox 247 2850 340 2871; x_wconf 87' lang='lat' dir='ltr'>carm.</span> <span class='ocrx_word' id='word_1_367' title='bbox 368 2845 465 2871; x_wconf 78' lang='lat' dir='ltr'>autem</span> <span class='ocrx_word' id='word_1_368' title='bbox 490 2841 562 2871; x_wconf 84' lang='lat' dir='ltr'>ideo</span> <span class='ocrx_word' id='word_1_369' title='bbox 589 2849 623 2870; x_wconf 84' lang='lat' dir='ltr'>se</span> <span class='ocrx_word' id='word_1_370' title='bbox 648 2849 679 2869; x_wconf 90' lang='lat' dir='ltr'>n.</span> <span class='ocrx_word' id='word_1_371' title='bbox 706 2840 774 2869; x_wconf 84' lang='lat' dir='ltr'>mit.</span> <span class='ocrx_word' id='word_1_372' title='bbox 793 2837 892 2878; x_wconf 60' lang='grc' dir='ltr'><strong>(ΧΩ).</strong></span> <span class='ocrx_word' id='word_1_373' title='bbox 910 2837 1106 2877; x_wconf 76' lang='lat' dir='ltr'>coeperatC.</span> <span class='ocrx_word' id='word_1_374' title='bbox 1134 2837 1282 2876; x_wconf 76' lang='lat' dir='ltr'>coeperit.</span> <span class='ocrx_word' id='word_1_375' title='bbox 1308 2837 1345 2873; x_wconf 90' lang='lat' dir='ltr'>Q.</span> <span class='ocrx_word' id='word_1_376' title='bbox 1370 2838 1439 2868; x_wconf 84' lang='lat' dir='ltr'>rell.</span> <span class='ocrx_word' id='word_1_377' title='bbox 1466 2837 1573 2877; x_wconf 75' lang='lat' dir='ltr'>coepit.</span> <span class='ocrx_word' id='word_1_378' title='bbox 1626 2836 1681 2878; x_wconf 89' lang='lat'>18)</span> <span class='ocrx_word' id='word_1_379' title='bbox 1707 2838 1897 2868; x_wconf 80' lang='lat' dir='ltr'>imitabatur</span> <span class='ocrx_word' id='word_1_380' title='bbox 1921 2847 2073 2876; x_wconf 68' lang='grc' dir='ltr'><strong>3.-ρο-</strong></span> 
     </span>
     <span class='ocr_line' id='line_1_41' title="bbox 248 2893 2076 2937; baseline -0.002 -10"><span class='ocrx_word' id='word_1_381' title='bbox 248 2899 300 2928; x_wconf 83' lang='lat' dir='ltr'>sui</span> <span class='ocrx_word' id='word_1_382' title='bbox 318 2898 404 2937; x_wconf 76' lang='lat' dir='ltr'>quod.</span> <span class='ocrx_word' id='word_1_383' title='bbox 424 2898 479 2936; x_wconf 85' lang='lat' dir='ltr'>qui</span> <span class='ocrx_word' id='word_1_384' title='bbox 493 2899 524 2927; x_wconf 89' lang='lat' dir='ltr'>b.</span> <span class='ocrx_word' id='word_1_385' title='bbox 551 2897 640 2927; x_wconf 76' lang='lat' dir='ltr'>deest</span> <span class='ocrx_word' id='word_1_386' title='bbox 656 2907 685 2927; x_wconf 91' lang='lat' dir='ltr'>v.</span> <span class='ocrx_word' id='word_1_387' title='bbox 707 2897 763 2927; x_wconf 83' lang='lat' dir='ltr'>scd</span> <span class='ocrx_word' id='word_1_388' title='bbox 781 2896 834 2926; x_wconf 76' lang='lat' dir='ltr'>hoc</span> <span class='ocrx_word' id='word_1_389' title='bbox 851 2900 901 2926; x_wconf 83' lang='lat' dir='ltr'>est</span> <span class='ocrx_word' id='word_1_390' title='bbox 919 2894 958 2930; x_wconf 82' lang='lat' dir='ltr'>Q.</span> <span class='ocrx_word' id='word_1_391' title='bbox 977 2895 1048 2924; x_wconf 87' lang='lat' dir='ltr'>rell.</span> <span class='ocrx_word' id='word_1_392' title='bbox 1066 2895 1123 2925; x_wconf 89' lang='lat' dir='ltr'>sed</span> <span class='ocrx_word' id='word_1_393' title='bbox 1142 2897 1202 2925; x_wconf 85' lang='lat' dir='ltr'>est.</span> <span class='ocrx_word' id='word_1_394' title='bbox 1229 2894 1325 2925; x_wconf 85' lang='lat' dir='ltr'>schol.</span> <span class='ocrx_word' id='word_1_395' title='bbox 1346 2904 1407 2925; x_wconf 86' lang='lat' dir='ltr'>om.</span> <span class='ocrx_word' id='word_1_396' title='bbox 1427 2893 1463 2925; x_wconf 88' lang='lat' dir='ltr'>C.</span> <span class='ocrx_word' id='word_1_397' title='bbox 1525 2894 1581 2933; x_wconf 84' lang='lat'>19)</span> <span class='ocrx_word' id='word_1_398' title='bbox 1608 2895 1657 2925; x_wconf 67' lang='lat' dir='ltr'>tar</span> <span class='ocrx_word' id='word_1_399' title='bbox 1678 2895 1744 2934; x_wconf 85' lang='lat' dir='ltr'>ing.</span> <span class='ocrx_word' id='word_1_400' title='bbox 1771 2897 1828 2925; x_wconf 83' lang='lat' dir='ltr'>est.</span> <span class='ocrx_word' id='word_1_401' title='bbox 1856 2895 1885 2924; x_wconf 88' lang='lat'>2.</span> <span class='ocrx_word' id='word_1_402' title='bbox 1911 2895 1981 2925; x_wconf 85' lang='lat' dir='ltr'>rell.</span> <span class='ocrx_word' id='word_1_403' title='bbox 2001 2893 2076 2925; x_wconf 69' lang='lat' dir='ltr'>tanti</span> 
     </span>
     <span class='ocr_line' id='line_1_42' title="bbox 249 2952 2073 2993; baseline -0.002 -9"><span class='ocrx_word' id='word_1_404' title='bbox 249 2955 313 2993; x_wconf 82' lang='lat' dir='ltr'>ing.</span> <span class='ocrx_word' id='word_1_405' title='bbox 333 2964 376 2984; x_wconf 84' lang='lat' dir='ltr'>es.</span> <span class='ocrx_word' id='word_1_406' title='bbox 427 2956 483 2993; x_wconf 81' lang='lat'>20)</span> <span class='ocrx_word' id='word_1_407' title='bbox 509 2955 600 2984; x_wconf 79' lang='lat' dir='ltr'>libris</span> <span class='ocrx_word' id='word_1_408' title='bbox 619 2958 650 2984; x_wconf 87' lang='lat' dir='ltr'>et</span> <span class='ocrx_word' id='word_1_409' title='bbox 677 2955 708 2984; x_wconf 88' lang='lat' dir='ltr'>in</span> <span class='ocrx_word' id='word_1_410' title='bbox 727 2964 787 2985; x_wconf 86' lang='lat' dir='ltr'>om.</span> <span class='ocrx_word' id='word_1_411' title='bbox 808 2954 838 2983; x_wconf 93' lang='lat' dir='ltr'>b.</span> <span class='ocrx_word' id='word_1_412' title='bbox 885 2952 916 2992; x_wconf 72' lang='lat'>†)</span> <span class='ocrx_word' id='word_1_413' title='bbox 942 2953 962 2982; x_wconf 87' lang='lat' dir='ltr'>b</span> <span class='ocrx_word' id='word_1_414' title='bbox 987 2952 1084 2982; x_wconf 85' lang='lat' dir='ltr'>habet</span> <span class='ocrx_word' id='word_1_415' title='bbox 1102 2953 1162 2982; x_wconf 87' lang='lat' dir='ltr'>hoc</span> <span class='ocrx_word' id='word_1_416' title='bbox 1180 2952 1341 2982; x_wconf 82' lang='lat' dir='ltr'>scholion:</span> <span class='ocrx_word' id='word_1_417' title='bbox 1369 2952 1428 2982; x_wconf 82' lang='lat' dir='ltr'>‘Ita</span> <span class='ocrx_word' id='word_1_418' title='bbox 1447 2955 1482 2982; x_wconf 88' lang='lat' dir='ltr'>ut</span> <span class='ocrx_word' id='word_1_419' title='bbox 1498 2952 1646 2991; x_wconf 82' lang='lat' dir='ltr'>argillam</span> <span class='ocrx_word' id='word_1_420' title='bbox 1665 2952 1697 2981; x_wconf 87' lang='lat' dir='ltr'>in</span> <span class='ocrx_word' id='word_1_421' title='bbox 1716 2952 1980 2990; x_wconf 85' lang='lat' dir='ltr'>qualemcumque</span> <span class='ocrx_word' id='word_1_422' title='bbox 1995 2952 2073 2982; x_wconf 81' lang='lat' dir='ltr'>ima-</span> 
     </span>
     <span class='ocr_line' id='line_1_43' title="bbox 250 3007 2074 3049; baseline -0.001 -9"><span class='ocrx_word' id='word_1_423' title='bbox 250 3012 356 3049; x_wconf 84' lang='lat' dir='ltr'>ginem</span> <span class='ocrx_word' id='word_1_424' title='bbox 391 3016 515 3042; x_wconf 85' lang='lat' dir='ltr'>uertere</span> <span class='ocrx_word' id='word_1_425' title='bbox 551 3016 652 3049; x_wconf 79' lang='lat' dir='ltr'>potes,</span> <span class='ocrx_word' id='word_1_426' title='bbox 690 3011 737 3041; x_wconf 77' lang='lat' dir='ltr'>sic</span> <span class='ocrx_word' id='word_1_427' title='bbox 761 3020 830 3041; x_wconf 87' lang='lat' dir='ltr'>eum</span> <span class='ocrx_word' id='word_1_428' title='bbox 856 3012 959 3040; x_wconf 84' lang='lat' dir='ltr'>artem</span> <span class='ocrx_word' id='word_1_429' title='bbox 984 3010 1246 3049; x_wconf 85' lang='lat' dir='ltr'>qualemcumque</span> <span class='ocrx_word' id='word_1_430' title='bbox 1269 3010 1409 3040; x_wconf 88' lang='lat' dir='ltr'>uolueris</span> <span class='ocrx_word' id='word_1_431' title='bbox 1435 3009 1595 3039; x_wconf 81' lang='lat' dir='ltr'>indicabis</span> <span class='ocrx_word' id='word_1_432' title='bbox 1622 3012 1653 3038; x_wconf 89' lang='lat' dir='ltr'>et</span> <span class='ocrx_word' id='word_1_433' title='bbox 1678 3009 1717 3039; x_wconf 83' lang='lat' dir='ltr'>ab</span> <span class='ocrx_word' id='word_1_434' title='bbox 1743 3017 1779 3038; x_wconf 86' lang='lat' dir='ltr'>eo</span> <span class='ocrx_word' id='word_1_435' title='bbox 1803 3008 1966 3047; x_wconf 77' lang='lat' dir='ltr'>requires.’</span> <span class='ocrx_word' id='word_1_436' title='bbox 2016 3007 2074 3048; x_wconf 89' lang='lat'>22)</span> 
     </span>
     <span class='ocr_line' id='line_1_44' title="bbox 251 3064 2114 3107; baseline -0.002 -10"><span class='ocrx_word' id='word_1_437' title='bbox 251 3068 445 3106; x_wconf 85' lang='lat' dir='ltr'>competenti</span> <span class='ocrx_word' id='word_1_438' title='bbox 461 3071 589 3098; x_wconf 85' lang='lat' dir='ltr'>uocatur</span> <span class='ocrx_word' id='word_1_439' title='bbox 615 3067 791 3107; x_wconf 77' lang='lat' dir='ltr'>exemplum</span> <span class='ocrx_word' id='word_1_440' title='bbox 817 3068 846 3097; x_wconf 91' lang='lat'>2.</span> <span class='ocrx_word' id='word_1_441' title='bbox 907 3067 965 3107; x_wconf 81' lang='lat'>24)</span> <span class='ocrx_word' id='word_1_442' title='bbox 991 3070 1067 3097; x_wconf 85' lang='lat' dir='ltr'>sunt</span> <span class='ocrx_word' id='word_1_443' title='bbox 1093 3076 1153 3097; x_wconf 91' lang='lat' dir='ltr'>om.</span> <span class='ocrx_word' id='word_1_444' title='bbox 1213 3066 1271 3106; x_wconf 86' lang='grc'>26)</span> <span class='ocrx_word' id='word_1_445' title='bbox 1298 3066 1367 3097; x_wconf 82' lang='lat' dir='ltr'>Hoc</span> <span class='ocrx_word' id='word_1_446' title='bbox 1393 3069 1442 3096; x_wconf 82' lang='lat' dir='ltr'>est</span> <span class='ocrx_word' id='word_1_447' title='bbox 1465 3065 1549 3095; x_wconf 89' lang='lat' dir='ltr'>nihil</span> <span class='ocrx_word' id='word_1_448' title='bbox 1574 3065 1673 3095; x_wconf 89' lang='lat' dir='ltr'>debeo</span> <span class='ocrx_word' id='word_1_449' title='bbox 1700 3065 1728 3094; x_wconf 84' lang='lat'>2.</span> <span class='ocrx_word' id='word_1_450' title='bbox 1754 3065 1838 3095; x_wconf 90' lang='lat' dir='ltr'>nihil</span> <span class='ocrx_word' id='word_1_451' title='bbox 1862 3065 1960 3095; x_wconf 88' lang='lat' dir='ltr'>alicui</span> <span class='ocrx_word' id='word_1_452' title='bbox 1984 3064 2074 3104; x_wconf 86' lang='lat' dir='ltr'>quid.-</span> <span class='ocrx_word' id='word_1_453' title='bbox 2113 3076 2114 3092; x_wconf 63' lang='lat'>2</span> 
     </span>
     <span class='ocr_line' id='line_1_45' title="bbox 252 3120 1973 3163; baseline -0.002 -9"><span class='ocrx_word' id='word_1_454' title='bbox 252 3134 346 3163; x_wconf 85' lang='lat' dir='ltr'>quam</span> <span class='ocrx_word' id='word_1_455' title='bbox 371 3125 471 3154; x_wconf 84' lang='lat' dir='ltr'>debeo</span> <span class='ocrx_word' id='word_1_456' title='bbox 497 3123 533 3155; x_wconf 92' lang='lat' dir='ltr'>C.</span> <span class='ocrx_word' id='word_1_457' title='bbox 559 3125 626 3159; x_wconf 76' lang='lat' dir='ltr'>rell,</span> <span class='ocrx_word' id='word_1_458' title='bbox 652 3124 689 3154; x_wconf 85' lang='lat' dir='ltr'>Id</span> <span class='ocrx_word' id='word_1_459' title='bbox 714 3128 763 3155; x_wconf 85' lang='lat' dir='ltr'>est</span> <span class='ocrx_word' id='word_1_460' title='bbox 789 3141 830 3146; x_wconf 81' lang='lat'>——-</span> <span class='ocrx_word' id='word_1_461' title='bbox 855 3123 997 3155; x_wconf 75' lang='lat' dir='ltr'>foenore.</span> <span class='ocrx_word' id='word_1_462' title='bbox 1046 3122 1080 3163; x_wconf 81' lang='lat'>*)</span> <span class='ocrx_word' id='word_1_463' title='bbox 1106 3141 1147 3145; x_wconf 71' lang='lat'>-</span> <span class='ocrx_word' id='word_1_464' title='bbox 1175 3132 1222 3162; x_wconf 90' lang='lat' dir='ltr'>ep.</span> <span class='ocrx_word' id='word_1_465' title='bbox 1248 3132 1312 3155; x_wconf 89' lang='lat' dir='ltr'>non</span> <span class='ocrx_word' id='word_1_466' title='bbox 1337 3123 1496 3162; x_wconf 80' lang='lat' dir='ltr'>acciperet</span> <span class='ocrx_word' id='word_1_467' title='bbox 1520 3125 1553 3153; x_wconf 82' lang='lat' dir='ltr'>et</span> <span class='ocrx_word' id='word_1_468' title='bbox 1579 3123 1713 3152; x_wconf 80' lang='lat' dir='ltr'>excusat</span> <span class='ocrx_word' id='word_1_469' title='bbox 1739 3130 1772 3152; x_wconf 84' lang='lat' dir='ltr'>se</span> <span class='ocrx_word' id='word_1_470' title='bbox 1800 3138 1838 3144; x_wconf 90' lang='lat'>—</span> <span class='ocrx_word' id='word_1_471' title='bbox 1864 3120 1973 3151; x_wconf 85' lang='lat' dir='ltr'>Ambr.</span> 
     </span>
    </p>
   </div>
   <div class='ocr_carea' id='block_1_14' title="bbox 2083 0 2148 3412">
    <p class='ocr_par' dir='ltr' id='par_1_20' title="bbox 2083 0 2148 3412">
     <span class='ocr_line' id='line_1_46' title="bbox 2083 0 2148 3412; baseline 0 0"><span class='ocrx_word' id='word_1_472' title='bbox 2083 0 2148 3412; x_wconf 95' lang='lat' dir='ltr'> </span> 
     </span>
    </p>
   </div>
  </div>
 </body>
</html>
