2148 3412
153 962 192 993 10

153 1332 190 1363 15

216 158 297 198 316
856 168 961 201 Acu.
987 167 1047 198 ET
1073 168 1240 199 PoRPH.
1267 167 1414 199 COMM.

329 293 394 333 53.
425 292 529 333 Num
553 292 649 344 quid
671 292 707 332 d.
732 292 781 332 Ι).
804 291 978 332 reticuisti?
1005 289 1300 345 Interrogatio.
1362 291 1430 332 Nil
1450 292 1638 347 equidem.
1668 289 1917 345 Responsio.

329 366 394 407 53.
427 367 492 407 54.
529 365 577 406 Is!
607 373 649 406 tu
681 366 843 421 Semper
874 380 913 406 es
945 365 1109 405 derisor.
1169 363 1325 419 Negas,
1372 364 1520 418 inquit,
1553 373 1597 405 ut
1628 379 1794 420 semper
1826 364 1964 404 rideas
1994 364 2046 404 de

216 438 468 480 hominibus

331 514 395 554 54.
430 513 520 553 eris.
578 511 665 553 Pro
696 513 763 553 sis.

330 587 374 628 di
414 588 615 642 exaqitent
659 601 729 627 me.
803 585 853 626 Id
898 592 961 627 est
1005 592 1323 639 persequantur.
1387 585 1612 642 [Horatius
1658 593 1802 626 contra
1850 585 1950 627 alibi
1983 584 2048 635 (S.

214 660 248 710 I,
282 663 319 711 5,
355 662 475 716 101):
523 661 703 717 Namque
749 661 841 702 deos
889 661 1016 701 didici
1044 674 1231 701 securum
1273 673 1387 714 ayere
1425 674 1584 709 aeuum,
1617 668 1657 700 et
1687 659 1790 700 alibi
1822 659 1961 714 (Very.
1994 658 2048 700 A.

215 734 293 784 IV,
325 735 406 776 379
439 736 540 790 sq.):
576 736 733 777 Scilicet
764 736 796 776 is
827 736 984 790 superis
1016 735 1131 775 labor
1163 743 1219 775 est
1249 749 1293 774 ea
1328 747 1427 773 cura
1460 734 1613 789 quietos
1645 732 1877 788 Sollicitat]

330 810 395 850 55.
432 810 656 864 Triquetra.
699 806 848 850 Sicilia
875 809 1088 864 Triquetra
1107 807 1277 857 Latine,
1315 821 1421 861 quae
1465 805 1631 847 Graece
1653 804 1873 861 Τρινακρία
1897 806 2050 861 (Thuc.

216 881 293 933 VI,
327 884 363 923 2.
398 880 567 924 Gallim.
600 881 659 923 H.
690 881 734 923 in
767 881 893 922 Dian.
928 883 993 923 57.
1027 879 1225 936 Τρινακία
1258 879 1387 921 Dion.
1420 879 1515 921 Per.
1547 881 1643 922 434.
1675 882 1756 922 467
1789 887 1829 921 et
1859 895 1926 935 ap.
1957 880 2050 922 Ho-

218 957 401 1010 merum)
431 956 651 997 uocitatur.

332 1032 396 1072 59.
431 1030 634 1072 Perditur.
667 1027 952 1071 Consumitur.

331 1105 396 1144 61.
427 1104 621 1145 iizertibus
653 1103 774 1144 horis.
837 1101 1006 1154 Quibus
1036 1102 1142 1143 nihil
1173 1103 1324 1158 agitur.

330 1179 394 1219 62.
431 1178 587 1218 Ducere
607 1177 696 1218 soll.
718 1178 792 1218 inc.
816 1177 890 1218 obl.
915 1177 1029 1217 uitae.
1093 1174 1261 1233 [Otiose
1282 1175 1445 1232 uiuere]
1470 1174 1629 1216 Viuere
1659 1175 1702 1215 in
1734 1175 1919 1216 iucundo
1950 1175 2047 1217 otio.

332 1252 394 1292 63.
427 1252 524 1305 saba.
559 1251 826 1306 Pythuyorae.
886 1250 1154 1306 Pythagoras
1185 1249 1474 1305 philosophus,
1507 1248 1560 1289 ab
1582 1248 1777 1290 omnibus
1799 1248 2051 1291 animalibus

217 1325 443 1374 abstinens,
475 1324 600 1365 etiam
634 1323 696 1380 [a]
729 1323 828 1365 faba
858 1323 1073 1373 abstinuit,
1106 1324 1218 1378 quod
1249 1323 1398 1364 uiridis
1429 1323 1471 1363 in
1517 1323 1672 1378 pyxide
1718 1335 1842 1365 aerea
1886 1331 2052 1365 seruata

218 1406 404 1441 uertatur
435 1399 478 1439 in
510 1398 771 1454 sanguinem.
848 1397 977 1439 Unde
1008 1398 1139 1439 fertur
1170 1397 1366 1439 maluisse
1398 1412 1493 1438 eum
1523 1397 1567 1438 in
1607 1397 1790 1439 latrones
1820 1398 2051 1449 incurrere,

218 1488 344 1528 quam
367 1488 443 1527 per
465 1481 649 1527 segetem
670 1471 792 1513 fabae
824 1471 1015 1521 transi1·e‚
1054 1487 1149 1513 cum
1181 1472 1351 1512 aliunde
1382 1471 1593 1527 refugium
1615 1487 1699 1513 non
1720 1471 1904 1513 haberet.
1966 1471 2052 1513 Fa-

218 1548 315 1589 bam
361 1561 530 1601 quoque
575 1546 732 1586 animal
778 1560 867 1587 esse
899 1545 1078 1594 dicebat,
1125 1545 1237 1600 quod
1269 1552 1386 1586 cocta
1417 1545 1639 1601 sanguinis
1679 1545 1896 1587 humorem
1928 1560 1979 1587 ex
2010 1560 2052 1587 se

219 1622 435 1662 emitteret.
471 1620 575 1677 [Ali
589 1620 680 1676 asz]
699 1619 966 1675 Pythagoras
986 1620 1183 1675 legumen
1201 1634 1323 1660 omne
1341 1626 1569 1675 negauerat
1587 1619 1905 1670 comedendum,
1929 1634 2052 1674 prae—

151 1706 158 1716 *
218 1696 340 1752 cipue
357 1695 498 1737 fabam
515 1694 645 1736 ueluti
663 1701 880 1749 parentem
899 1693 1102 1742 coluerat3
1120 1709 1215 1734 nam
1236 1693 1418 1734 colorem
1435 1692 1523 1733 eius
1542 1692 1707 1734 dicebat
1724 1693 1854 1734 ueluti
1870 1693 2052 1735 humano

219 1770 425 1826 sanguine
456 1769 669 1811 infectum.
736 1768 932 1823 Coqnala:
966 1782 989 1808 a
1012 1782 1095 1822 qua
1117 1766 1177 1808 sic
1199 1766 1412 1816 abstinuit,
1446 1766 1567 1820 quasi
1590 1774 1771 1822 cognata
1793 1782 1868 1808 sna
1891 1767 2050 1823 [esset]

333 1845 398 1886 65.
430 1858 651 1898 caenaeqiie
674 1844 802 1884 deum.
862 1840 986 1883 Adeo
1018 1855 1201 1882 securae.
1262 1839 1382 1882 Alibi
1415 1839 1530 1896 (SI,
1551 1842 1735 1895 5,101):
1768 1856 1938 1897 namque
1961 1842 2051 1883 deos

219 1919 346 1960 didici
371 1931 560 1959 securum.
590 1932 705 1971 affere
736 1931 894 1964 aeuum,
941 1922 979 1956 et
1026 1915 1147 1966 (alibi
1188 1917 1298 1971 Verq.
1331 1915 1384 1956 A.
1416 1914 1494 1965 IV,
1527 1916 1620 1956 379.
1653 1917 1775 1968 38015:
1823 1916 1985 1957 Scilicet
2019 1916 2052 1957 is

219 1994 375 2049 superis
406 1991 519 2032 labor
550 1999 604 2032 est
635 2006 680 2031 ea
713 2005 813 2031 cura
843 1991 991 2045 quietos
1023 1990 1230 2031 Sollicitat.
1293 1988 1460 2030 Caenas
1491 1988 1597 2029 dixit
1628 1989 1801 2031 deorum
1825 2003 1931 2044 quae
1963 1989 2052 2030 sine

178 2073 189 2080 '
221 2065 503 2109 sollicitudine
535 2071 643 2105 sunt.

336 2165 368 2203 1)
393 2165 609 2202 Interrogatio
629 2181 663 2183 Ι
684 2163 871 2192 hominibus
896 2173 922 2204 γ.
944 2163 1013 2193 rell.
1033 2174 1094 2193 om.
1152 2164 1187 2201 4)
1217 2165 1275 2193 Pro
1302 2165 1347 2192 sis
1373 2173 1397 2204 γ.
1417 2164 1485 2192 rell.
1505 2173 1565 2192 om.
1616 2163 1650 2201 5)
1678 2162 1831 2192 Horatius
1857 2171 1883 2203 γ.
1903 2162 1971 2191 rell.
1990 2172 2050 2192 om.

220 2222 254 2261 6)
282 2222 400 2251 Locum
424 2221 519 2259 Verg.
547 2230 607 2249 om.
633 2229 659 2260 γ.
697 2219 825 2248 laudan.
851 2219 926 2248 Aer.
955 2220 995 2248 ad
1021 2219 1057 2249 C.
1084 2220 1110 2258 I,
1137 2222 1189 2255 34,
1219 2222 1236 2249 2
1263 2224 1294 2249 ot
1319 2220 1376 2257 III,
1404 2221 1434 2255 3,
1463 2220 1514 2248 36.
1553 2218 1641 2249 Seru.
1670 2219 1705 2247 A.
1733 2219 1787 2255 IV,
1814 2219 1889 2249 314.
1928 2218 2051 2248 Seneca

218 2278 310 2309 Suas.
336 2278 390 2314 IV,
416 2279 447 2307 4.
476 2277 612 2313 Quintil.
638 2276 693 2314 IX,
721 2277 751 2313 2,
779 2276 819 2305 50
847 2277 1017 2315 pluresque
1044 2276 1254 2306 Grammatici
1281 2286 1329 2315 ap.
1357 2277 1512 2306 Ribbeck.
1576 2277 1610 2316 8)
1638 2276 1700 2306 Sic.
1727 2276 1902 2314 Triquetra
1926 2285 1952 2318 γ.
1979 2276 2050 2306 rell.

219 2345 279 2365 om.
312 2336 344 2364 h.
378 2335 399 2363 I.
432 2333 612 2372 Triquetra.
640 2350 679 2353 -—
706 2333 882 2361 trinacaria
910 2343 937 2374 γ.
964 2334 1033 2363 rell.
1070 2334 1247 2363 Trinacria.
1281 2335 1443 2363 uocitatur
1472 2343 1499 2375 γ.
1526 2334 1595 2362 rell.
1623 2333 1752 2362 dicitur.
1782 2332 1824 2362 C:
1863 2332 2050 2371 ‘Triquetra
2102 2353 2106 2360 ,

218 2392 389 2430 Triquetra
414 2389 538 2427 Sicilia,
565 2390 649 2429 quod
676 2390 707 2419 in
733 2391 810 2419 treis
835 2390 955 2427 parteis
982 2400 1037 2419 seu
1063 2391 1282 2428 promontoria
1308 2391 1441 2420 diducta
1467 2394 1528 2421 est.
1555 2388 1677 2419 Graece
1702 2389 1882 2425 Trinacria,
1909 2399 1926 2418 a
1950 2390 2051 2419 tribus

219 2449 458 2487 promontoriiS,
496 2448 661 2486 Pachyno,
695 2446 786 2483 Lino,
817 2446 983 2485 Lilybaeo,
1010 2447 1132 2477 Peloro'
1160 2448 1252 2486 (sic).
1322 2448 1375 2486 13)
1402 2448 1527 2476 Ducere.
1554 2447 1668 2476 Viuere
1694 2447 1725 2475 in
1752 2447 1813 2475 iuc.
1840 2447 1905 2476 otio
1931 2455 1956 2487 γ.
1983 2446 2051 2475 rell.

220 2516 281 2535 om.
308 2505 431 2543 Vulgo:
459 2505 586 2533 Ducere.
615 2503 727 2533 Otiose
753 2504 871 2532 uiuere.
937 2504 991 2542 15)
1018 2504 1114 2533 etiam
1139 2505 1213 2533 faba
1237 2514 1264 2545 γ,
1292 2515 1351 2534 om.
1379 2515 1397 2533 (a
1424 2505 1453 2533 11.
1481 2505 1501 2533 l.
1528 2509 1563 2533 ut
1589 2508 1725 2539 constat,
1753 2494 1923 2542 utrumque
1948 2508 2050 2534 recte:

219 2563 384 2592 abstinere
410 2564 442 2590 et
466 2570 496 2590 se
520 2561 682 2589 abstinere
707 2565 762 2589 aut
787 2559 849 2589 cibo
875 2564 929 2588 aut
955 2570 974 2589 a
999 2560 1072 2589 cibo.
1101 2561 1167 2590 Cic.
1194 2562 1278 2590 Phil.
1306 2562 1347 2597 II,
1375 2563 1404 2590 3.
1435 2562 1515 2599 Nep.
1544 2561 1639 2591 Attio.
1669 2561 1719 2590 22.
1746 2560 1822 2589 uino
1847 2560 1924 2589 Hor.
1951 2559 1991 2590 A.
2018 2560 2051 2588 P.

218 2620 293 2649 414.
321 2618 404 2648 conf.
432 2616 499 2647 Cic.
526 2618 636 2646 Diuin.
663 2617 703 2653 II,
732 2616 890 2654 58:faba
913 2616 1030 2655 quidem
1055 2617 1238 2657 Pytliayorei
1260 2618 1414 2647 abstinent.
1441 2617 1481 2647 C:
1521 2619 1618 2648 etiam
1633 2616 1746 2656 fabam
1770 2626 1827 2646 non
1852 2617 1983 2646 comedit.
2011 2634 2051 2638 -—

212 2675 331 2714 piryde
363 2675 407 2703 fh.
438 2674 546 2712 pixide
577 2684 605 2702 V.
638 2674 707 2702 rell.
740 2674 860 2712 pyxide
895 2671 1024 2713 (πυξὶς).
1058 2674 1195 2709 Quintil.
1222 2674 1308 2712 VIII,
1336 2677 1366 2711 (3,
1394 2675 1453 2704 35:
1479 2674 1607 2713 pyxides
1639 2674 1867 2711 cuiuscumque
1899 2674 2051 2703 materiae
2098 2664 2125 2711 ΞΒ

220 2736 303 2761 sunt.
332 2731 421 2761 Suet.
447 2732 522 2760 Ner.
554 2732 590 2759 12
618 2734 650 2760 ct
675 2731 716 2759 47
743 2740 855 2767 aurea3
882 2730 965 2759 Plin.
993 2731 1108 2767 XXIX,
1136 2733 1153 2761 6
1179 2733 1344 2770 argentea,
1370 2731 1502 2767 XXXII,
1532 2733 1570 2761 10
1598 2731 1753 2769 plumbea,
1780 2730 1897 2767 XXIX,
1917 2731 1935 2760 2
1962 2734 2051 2760 stan-

220 2798 292 2821 nea,
324 2788 410 2826 XXI,
438 2789 479 2818 20
512 2797 638 2825 cornea,
675 2792 707 2817 et
731 2787 878 2823 XXVIII,
909 2788 965 2817 18:
1003 2789 1269 2818 medicamentum
1305 2797 1396 2817 aerea
1427 2788 1542 2827 pyxide
1577 2788 1724 2817 condere.
1754 2805 1793 2808 ψ
1819 2790 1985 2817 asseruata
2014 2785 2050 2816 C.

220 2845 352 2874 uertitur
369 2844 489 2874 mvafh.
542 2845 596 2883 17)
623 2844 764 2873 fabarum
789 2847 931 2881 segetem
951 2843 985 2873 C.
1014 2848 1154 2882 segetem
1181 2845 1247 2874 fabe
1272 2855 1298 2886 γ.
1326 2845 1393 2876 rell.
1420 2843 1507 2874 fabae
1534 2849 1691 2882 segetum.
1747 2844 1798 2883 18)
1826 2844 1945 2874 dicebat
1967 2854 1985 2886 γ
2008 2853 2049 2873 sc.
2096 2868 2098 2881 ,

220 2901 425 2939 Pythagoras
451 2903 530 2939 ipse.
556 2901 625 2930 rell.
653 2900 793 2930 dicebant
817 2901 947 2939 (diceba—²
971 2900 1017 2939 a).
1081 2901 1135 2939 19)
1163 2903 1310 2931 emittere
1336 2912 1364 2930 v.
1403 2901 1491 2930 Alias
1517 2911 1575 2930 om.
1602 2911 1629 2942 γ,
1668 2902 1720 2939 qui
1748 2902 1830 2930 lianc
1855 2901 1953 2930 schol.
1979 2909 2050 2938 par-

220 2962 285 2987 tem
311 2959 405 2987 alteri
433 2959 609 2995 praemisit.
636 2958 727 2987 Alias
743 2976 782 2978 —e
802 2962 887 2987 esset.
906 2967 966 2987 om.
986 2957 1021 2986 C.
1037 2958 1238 2995 pythagoras,
1258 2963 1423 2996 1·›3stago1·as
1443 2963 1471 2987 et
1484 2957 1665 2996 pithagoras
1684 2967 1709 2998 γ.
1760 2958 1817 2996 21)
1845 2961 1929 2986 esset.
1948 2966 2006 2986 om.
2023 2965 2050 2998 γ.

222 3014 280 3052 22)
305 3013 393 3043 Adeo
419 3024 525 3043 secure
550 3024 575 3055 γ.
595 3014 663 3043 rell.
683 3024 741 3043 om.
768 3014 839 3043 Huc
864 3014 1045 3044 conlocauit
1073 3023 1089 3054 ‘l'
1114 3015 1191 3042 duos:
1219 3015 1291 3044 illos
1319 3015 1406 3044 locos
1432 3013 1532 3052 (Alibi
1559 3032 1599 3034 *e
1626 3014 1812 3052 sollicitat),
1839 3023 1918 3052 quos
1944 3021 2050 3042 omnes

221 3070 294 3098 libri
321 3075 446 3107 praeter
470 3070 513 3112 *fC
538 3072 696 3100 dederunt
724 3072 831 3100 uersui
858 3071 910 3105 54,
937 3071 976 3099 ad
1004 3080 1097 3108 quem
1123 3080 1184 3100 non
1211 3072 1384 3108 pertinent.
1446 3071 1503 3108 ⁶24)
1531 3071 1598 3099 dix.
1617 3071 1746 3100 deorum
1765 3080 1780 3088 ·’
1811 3071 1879 3099 rell.
1898 3070 1928 3098 d.
1954 3069 2050 3098 dixit.

1771 3094 1790 3111 ,.

223 3125 315 3155 Conf.
343 3127 382 3156 C:
411 3128 582 3165 ίςοεηαοψιε
606 3128 651 3157 de.
678 3136 790 3157 coenas
817 3127 913 3157 defun
940 3128 1027 3157 dixit
1051 3127 1229 3164 securiores,
1258 3133 1299 3158 *et
1326 3137 1405 3165 quae
1432 3131 1506 3156 sunt
1533 3128 1601 3156 sine
1627 3127 1858 3157 sollicitudine.
1884 3126 1927 3156 sic
1952 3126 2046 3155 alibi:

222 3183 357 3222 Namque
385 3200 422 3203 ——-
449 3182 574 3213 aetianis
606 3194 666 3213 om.
694 3193 768 3222 ergo
794 3184 890 3221 Verg.
918 3185 1032 3213 locum.
