2148 3412
856 113 904 144 IN
931 113 1186 153 EP1sT.1‚1.
1858 109 1940 150 355

754 238 1130 294 EPISTVLA
1172 242 1210 308 Ι,
1254 245 1294 294 1.

924 355 1112 399 ACRON.

221 456 255 496 1.
289 456 440 497 Prima.
500 455 647 496 Prima
694 454 885 498 Camena
929 456 1150 512 Principio
1196 459 1336 513 operis
1383 460 1478 501 mei.
1555 463 1661 503 (liele.
1703 460 1940 505 Celebrate.

107 544 273 571 summa.
303 527 339 568 F
343 528 458 569 inali.
519 545 578 570 su.
613 530 786 571 dicende.
818 529 866 570 Id
900 538 973 579 est,
1006 530 1152 571 ultima
1184 531 1323 582 etiam,
1359 533 1471 590 [sed]
1505 534 1549 575 in
1579 535 1672 576 fine.
1745 538 1937 592 Verqilia-

105 617 200 644 num
230 601 331 642 illud
364 601 433 654 (E.
466 601 588 651 VIII,
623 603 717 658 11):
765 603 801 643 A
834 612 867 644 le
896 605 1156 659 princepium,
1190 606 1260 645 tibi
1289 607 1433 648 ‹lestin'l
1465 609 1697 663 (desinam).

215 677 252 716 2.
285 675 526 731 Spectatmn.
557 674 804 716 Probatum.
867 676 1072 717 donatum.
1106 675 1366 719 Concessum
1397 679 1599 722 missioni.
1662 684 1776 724 rude.
1824 684 1940 726 Rada

103 755 164 791 est
192 749 358 805 signum
391 749 602 790 missionis
633 749 734 790 artis
766 749 1055 805 gladiatoriae.
1116 750 1206 792 Alii
1238 760 1377 793 tamen
1410 753 1553 794 dicunt
1585 755 1657 796 lcoc
1689 757 1805 806 rude,
1847 755 1937 800 Alii

103 823 164 864 hic
194 824 318 864 rudis.
378 823 495 864 Rude
526 838 602 878 pro
634 823 739 873 rudi,
773 823 815 863 id
848 831 921 874 est,
953 824 1088 879 uirga.
1148 825 1402 880 Metaphora
1434 841 1457 866 a
1489 827 1805 880 gladiatoribus.

213 897 237 936 3
282 898 444 952 [antiqno
466 911 525 938 me
547 898 755 938 includere
777 898 884 939 ludo⁴
945 896 1101 939 Officio
1124 898 1349 940 scribendi.
1412 898 1480 939 De
1521 900 1641 942 libris
1684 900 1933 943 Carminum

101 969 292 1024 loquitur.
358 971 514 1012 Ludum
537 977 673 1011 autem
694 974 980 1026 μεταφορικῶς
997 974 1178 1021 uocauit,
1202 981 1246 1014 ut
1264 974 1512 1024 ostenderet,
1531 975 1814 1029 periculosum
1832 991 1937 1031 opus

106 1057 194 1084 esse
212 1042 438 1093 scribendi,
462 1043 559 1097 quia
578 1051 670 1098 post
689 1058 877 1099 pugnam
895 1045 1068 1086 contulit
1087 1048 1172 1101 εθῖ)
1189 1046 1241 1086 ad
1261 1046 1573 1102 agriculturam.
1595 1049 1655 1101 (ai
1673 1049 1936 1104 culturam&

100 1115 287 1157 Aliter:
310 1115 361 1157 Id
379 1124 452 1166 est,
475 1117 650 1171 antiqua
672 1118 974 1160 consuetudine
997 1119 1223 1170 scribendi,
1246 1129 1283 1160 et
1307 1121 1593 1175 perseuerauit
1616 1122 1658 1162 in
1676 1123 1934 1178 metaphora.

210 1191 247 1230 4.
281 1205 401 1232 mens.
436 1189 685 1232 Consilium.

209 1265 246 1304 4.
280 1265 316 1305 5.
357 1265 540 1306 Veianius
572 1267 697 1306 (mnis
731 1266 920 1306 Herculis
951 1266 1015 1306 ad.
1042 1281 1110 1322 po.
1137 1267 1176 1321 [i.
1239 1266 1467 1321 Proprium
1499 1283 1650 1309 nomen
1684 1269 1931 1324 gladiatoris

98 1337 388 1394 opinatissimi,
435 1345 472 1379 et
504 1338 686 1380 iucunde
718 1338 796 1379 hoc
829 1339 1066 1394 exemplum
1115 1339 1276 1389 adtulit,
1325 1340 1525 1393 quoniam
1571 1342 1764 1396 superius
1796 1348 1854 1398 (u.
1885 1344 1930 1396 3)

98 1411 276 1454 dixerat:
310 1413 472 1467 antiquo
506 1411 604 1469 [me]
637 1412 842 1453 mclmlere
875 1413 982 1454 ludo.

209 1487 245 1528 5.
278 1487 438 1528 abditus
471 1501 581 1540 ayro.
644 1483 898 1540 [Comparat
943 1500 986 1527 se
1032 1485 1214 1527 Veianio
1263 1487 1489 1543 gladiatori
1536 1488 1813 1540 nobilissimo,
1862 1491 1933 1545 qui

95 1566 188 1616 post
218 1559 369 1601 multas
400 1559 563 1615 palmas
586 1559 849 1600 consecrauit
870 1558 1048 1601 Herculi
1080 1575 1197 1600 arma
1229 1576 1316 1611 sua,
1350 1568 1569 1603 contentus
1601 1562 1772 1617 proprio
1815 1578 1931 1619 agro.

97 1631 229 1676 Cuius
259 1633 452 1688 exemplo
484 1633 585 1674 dicit
617 1640 795 1674 aetatem
826 1648 944 1674 suam
976 1640 1014 1674 et
1046 1634 1308 1689 propositum
1341 1650 1459 1676 suum
1506 1636 1717 1691 impediri,
1765 1644 1805 1677 et
1848 1652 1931 1679 non

93 1721 214 1763 posse
244 1723 286 1749 se
317 1721 589 1762 perseuerare
619 1707 663 1747 in
695 1707 949 1756 carminibus,
997 1707 1070 1748 sed
1110 1707 1248 1761 potius
1288 1708 1395 1749 uelle
1434 1709 1612 1750 transire
1653 1709 1707 1750 ad
1749 1710 1931 1752 studium

95 1781 397 1837 philosophiae,
421 1780 578 1822 relictis
599 1779 702 1821 iocis
725 1788 764 1821 et
785 1781 922 1836 lyricis
944 1780 1162 1837 uersibus]
1224 1783 1263 1833 ἢ)
1287 1782 1340 1822 ad
1363 1785 1557 1831 carmina,
1580 1782 1735 1838 lyricos
1756 1786 1931 1826 uersus?

204 1874 362 1905 ACRON.
411 1874 461 1904 Ad
494 1874 599 1904 iulium
626 1874 744 1913 florum
782 1874 853 1912 (sie.
881 1874 957 1903 uide
984 1875 1228 1912 inscriptionem
1255 1875 1345 1904 Libri
1372 1877 1466 1913 primi
1493 1886 1589 1914 supra
1615 1876 1771 1915 adlatam)
1797 1888 1824 1919 γ.
1873 1878 1931 1907 Di-

36 1923 38 1927 *
95 1933 228 1962 cendum
253 1936 361 1962 autem
389 1936 447 1968 est.7
482 1933 515 1961 in
542 1932 707 1961 codicibus
734 1931 863 1960 Horatii
890 1932 965 1960 huic
992 1933 1161 1969 epistulae,
1200 1941 1292 1970 quae,
1330 1936 1366 1962 ut
1391 1942 1422 1961 u.
1450 1933 1467 1961 3
1495 1932 1673 1962 luculenter
1697 1934 1851 1968 ostendit.
1891 1936 1931 1964 ad

94 1989 310 2019 Maecenatem
349 1990 471 2027 scripta
509 1992 569 2025 est,
607 1998 669 2018 non
709 1989 816 2017 datam
859 1998 929 2017 esse
955 1989 1201 2026 inscriptionem
1226 1992 1293 2018 tam
1319 1989 1519 2026 frequentem
1546 1990 1577 2018 in
1605 1988 1830 2019 Carminibus:
1870 1990 1929 2020 AD

94 2045 415 2077 MAECENATEM.
465 2046 516 2074 Ad
541 2044 660 2075 Iulium
686 2044 815 2075 Florum
842 2046 979 2082 scriptas
1007 2055 1074 2074 esse
1101 2046 1138 2074 E.
1164 2046 1188 2083 Ι,
1217 2046 1234 2075 3
1262 2050 1293 2075 et
1317 2046 1358 2083 II7
1387 2047 1416 2081 2,
1443 2049 1554 2074 notum
1581 2050 1639 2074 est.
1666 2046 1743 2075 Cod.
1770 2047 1864 2077 Bern.
1893 2047 1928 2084 C,

93 2102 124 2132 in
146 2112 200 2142 quo
224 2103 297 2132 liber
319 2103 436 2141 primus
453 2101 662 2141 Epistularum
686 2101 815 2131 secundo
841 2102 902 2131 loco
919 2102 1037 2140 positus
1061 2106 1112 2139 est,
1140 2102 1203 2131 fert
1236 2103 1499 2140 inscriptionem:
1530 2102 1664 2141 Eaplz'cz't
1682 2103 1810 2141 primus.
1860 2105 1932 2134 Item

91 2160 255 2190 secundas..
276 2160 394 2190 Mirum
421 2161 533 2198 utique
558 2164 619 2196 est,
645 2159 728 2188 hunc
755 2163 899 2188 nostrum
925 2160 1133 2197 interpretem
1159 2168 1262 2197 neque
1288 2162 1512 2196 argumentum
1531 2159 1738 2196 praemisisse
1757 2169 1859 2199 neque
1886 2162 1926 2190 de

95 2216 314 2256 Epistularum
340 2217 447 2247 indole
472 2217 572 2246 uerba
597 2216 724 2251 fecisse,
761 2220 797 2245 ut
821 2215 940 2254 Porph.
979 2214 1072 2245 Conf.
1101 2215 1142 2245 C:
1172 2215 1289 2245 ‘Prima
1314 2215 1341 2244 (l.
1368 2225 1405 2244 m.
1430 2224 1455 2244 s.
1481 2215 1509 2244 d.
1539 2213 1617 2244 Cam.
1666 2215 1801 2246 Videtur
1826 2217 1930 2247 Hora-

93 2274 158 2304 tius
183 2275 264 2304 hanc
288 2274 470 2312 Epistolam
496 2273 696 2302 Maecenatis
722 2273 854 2302 hortatu
880 2273 1071 2309 scripsisses

206 2331 239 2369 4)
265 2330 373 2360 Prima
399 2340 529 2360 camena
554 2340 579 2371 γ.
607 2329 688 2359 conf.
717 2329 759 2359 C:
789 2329 897 2367 ‘prima
926 2328 1003 2358 (ζἀνη.
1032 2329 1155 2359 scilicet
1189 2329 1220 2358 in
1258 2329 1415 2366 principio
1454 2329 1604 2358 carminis
1642 2329 1746 2368 lyrici.
1783 2329 1849 2358 tale
1881 2333 1930 2359 est

34 2380 37 2409 l
95 2387 173 2417 illud
197 2388 414 2426 Virgilianum
441 2405 447 2407 -
465 2405 482 2407 —
509 2386 636 2420 desinit)
683 2386 882 2423 Principium
908 2386 1013 2423 operis
1039 2386 1102 2415 mei
1128 2395 1155 2428 γ.
1183 2386 1252 2415 rell.
1279 2395 1337 2415 om.
1365 2386 1475 2415 dictae.
1503 2386 1676 2414 celebratae
1701 2395 1728 2426 γ.
1759 2386 1852 2414 dicte.
1880 2395 1928 2415 ce-

94 2443 205 2474 lebrate
224 2443 258 2474 C.
277 2445 347 2474 rell.
366 2454 425 2474 om.
476 2446 510 2482 5)
538 2454 660 2473 summa.
687 2443 791 2472 Finali
816 2452 843 2484 γ.
870 2442 939 2471 rell.
966 2452 1025 2471 om.
1066 2443 1146 2471 conf.
1175 2441 1216 2472 C:
1243 2452 1365 2471 summa.
1392 2442 1507 2471 ultima
1535 2446 1565 2471 et
1591 2442 1691 2471 finali.
1717 2451 1761 2470 su.
1793 2441 1928 2472 dicende.

93 2499 130 2529 Id
155 2505 214 2537 est,
238 2502 353 2531 ultima
378 2502 470 2530 etiam
497 2511 528 2538 ες
553 2501 610 2539 (Ξ
625 2500 689 2537 set)
717 2500 749 2528 in
777 2500 838 2528 tine
862 2509 889 2541 γ.
909 2499 978 2528 rell.
1005 2509 1063 2529 om.
1092 2499 1208 2529 desinit
1230 2498 1298 2542 ⁴00.
1329 2499 1487 2538 (desinam
1512 2499 1632 2537 Ribb.).
1687 2500 1719 2537 7)
1748 2499 1928 2537 Spectatum.

94 2556 266 2588 Probatum
291 2557 358 2600 ·s,C.
385 2559 455 2587 rell.
482 2568 542 2587 om.
623 2557 771 2586 donatum.
800 2555 993 2585 Concessum
1019 2556 1168 2585 missioni
1192 2566 1219 2598 γ.
1247 2557 1313 2585 rell.
1341 2566 1401 2586 oni.
1433 2574 1468 2576 7—
1496 2555 1584 2585 Rude
1610 2559 1655 2585 est
1680 2563 1706 2597 γ.
1733 2555 1802 2585 rell.
1830 2555 1927 2584 rudis.

96 2614 172 2644 rude
208 2624 263 2652 pro
298 2616 380 2651 rudi,
413 2616 432 2644 i.
458 2616 560 2652 uirga.
590 2614 779 2651 metaphora
806 2622 823 2641 a
849 2613 1086 2650 gladiatoribus
1112 2623 1138 2654 γ.
1166 2613 1233 2642 rell.
1261 2622 1321 2642 om.
1390 2614 1423 2650 9)
1450 2612 1518 2641 Alii
1546 2629 1587 2633 ἢ
1614 2612 1703 2641 rudis
1729 2621 1755 2653 γ.
1776 2612 1845 2641 rell.
1866 2622 1925 2643 om.

98 2671 151 2709 11)
178 2671 307 2701 Lemma
331 2672 483 2702 includere
508 2672 576 2700 ludo
602 2670 809 2708 amplificam.
846 2669 895 2698 De
921 2670 1012 2698 libris
1039 2679 1134 2699 carm.
1163 2671 1224 2709 loq.
1251 2680 1277 2711 γ.
1306 2671 1375 2700 rell.
1403 2679 1464 2699 om.
1492 2686 1531 2689 —
1559 2667 1641 2697 conf.
1671 2668 1712 2697 C:
1752 2668 1832 2697 ‘ludo
1857 2668 1926 2698 offi-

95 2727 171 2758 cium
187 2730 348 2759 scribendi
367 2730 436 2759 siue
456 2729 622 2767 antiquam
640 2727 905 2757 consuetudinem
923 2727 1032 2756 ludum
1051 2737 1167 2770 μεταφ.
1188 2737 1256 2756 uoc.
1277 2730 1312 2755 ut
1331 2730 1391 2755 ost.
1411 2726 1590 2755 taediosum
1608 2725 1635 2753 ei
1663 2726 1725 2754 iam
1751 2734 1822 2753 esse
1849 2726 1926 2754 scri-

93 2784 177 2822 bere,
204 2790 332 2823 propter
358 2786 496 2821 senium,
524 2789 555 2815 et
579 2785 749 2814 continuas
777 2783 966 2819 seditiones,
995 2784 1032 2813 ob
1059 2793 1138 2822 quas
1166 2794 1197 2813 se
1223 2793 1276 2812 rus
1304 2783 1505 2812 contulerat.v
1568 2781 1623 2818 13)
1650 2781 1755 2811 Aliter
1770 2799 1806 2801 m
1825 2785 1926 2811 meta-

96 2840 192 2878 phora
215 2851 240 2883 γ.
266 2842 336 2871 rell.
362 2851 421 2872 om.
475 2843 529 2880 15)
556 2851 657 2871 mens.
687 2839 870 2870 Consilium
895 2850 920 2881 γ.
948 2841 1014 2869 rell.
1042 2851 1102 2870 om.
1170 2842 1223 2879 16)
1252 2840 1418 2877 Proprium
1445 2847 1559 2868 nomen
1584 2848 1601 2879 γ
1627 2838 1658 2867 in
1686 2838 1794 2871 schol..
1823 2847 1925 2867 nomen

90 2905 196 2936 propr.
215 2899 247 2928 in
266 2900 380 2937 glossa.
399 2900 467 2929 rell.
488 2909 548 2928 om.
602 2898 655 2936 17)
683 2897 894 2936 opinatissimi
913 2907 937 2938 γ,
960 2898 993 2926 iu
1012 2898 1109 2927 schol.
1131 2901 1160 2926 et
1179 2899 1220 2935 gl.
1241 2898 1308 2926 rell.
1327 2896 1562 2935 pugflzatissimi.
1590 2896 1671 2924 conf.
1689 2894 1731 2925 C:
1759 2895 1925 2924 ‘Veianius

96 2962 207 2984 nomen
233 2956 393 2994 proprium
418 2956 505 2993 glad.
531 2954 712 2984 nobilissimi
732 2955 805 2992 (om.
827 2958 873 2992 et)
894 2955 1031 2984 iucunde
1050 2955 1080 2983 h.
1101 2964 1126 2984 e.
1146 2955 1224 2991 adt„
1251 2954 1325 2991 quia
1344 2953 1490 2990 superius
1509 2951 1637 2981 meminit
1655 2951 1724 2981 ludi.
1752 2951 1926 2990 Comparat

97 3014 199 3040 autem
217 3020 249 3041 se
265 3012 409 3041 Veianio‘
429 3016 488 3041 etc.
508 3011 590 3041 conf.
608 3012 727 3049 Porph.
781 3012 835 3049 18)
863 3012 990 3041 dixerat
1013 3021 1038 3053 γ.
1067 3021 1147 3041 rece.
1168 3011 1259 3040 codd.
1280 3014 1307 3039 ct
1330 3008 1517 3050 vath(G‘.²)
1538 3009 1625 3039 dixit.
1646 3027 1683 3029 2-
1698 3018 1747 3038 me
1774 3019 1833 3039 om.
1854 3010 1883 3038 h.
1904 3009 1924 3038 1.

96 3074 112 3106 γ
137 3070 167 3096 et
191 3066 275 3097 Flor.
294 3067 388 3098 Laur.
408 3068 455 3097 Pl.
474 3067 555 3098 XCI.
582 3068 658 3106 Sup.
681 3068 731 3096 23.
760 3068 931 3098 includerit
948 3078 976 3097 v.
1041 3067 1095 3106 19)
1123 3068 1293 3106 Comparat
1322 3084 1349 3086 ν-
1366 3067 1515 3096 uersibus
1542 3076 1601 3095 om.
1627 3075 1653 3107 γ.
1682 3065 1785 3095 Maior
1811 3066 1924 3095 scholii

97 3129 166 3159 pars
192 3124 273 3162 apud
297 3124 413 3163 Porph.
440 3125 569 3164 legitur.
601 3126 754 3154 Wueiano
781 3124 882 3154 nobili
906 3124 1095 3162 gladiatiori
1112 3124 1174 3167 Βφ.
1225 3124 1281 3162 21)
1309 3123 1387 3153 dicit
1407 3122 1541 3152 horatius
1558 3122 1619 3165 sz.
1636 3140 1675 3142 —*
1691 3122 1844 3160 impedire
1861 3121 1923 3163 Βφ.

1606 3187 1653 3211 23*

1966 913 2002 943 10

1963 1279 1998 1309 15

1959 1647 2000 1678 20
