<?xml version="1.0" encoding="UTF-8"?>
<!DOCTYPE html PUBLIC "-//W3C//DTD XHTML 1.0 Transitional//EN"
    "http://www.w3.org/TR/xhtml1/DTD/xhtml1-transitional.dtd">
<html xmlns="http://www.w3.org/1999/xhtml" xml:lang="en" lang="en">
 <head>
  <title>
</title>
<meta http-equiv="Content-Type" content="text/html;charset=utf-8" />
  <meta name='ocr-system' content='tesseract 3.04.00' />
  <meta name='ocr-capabilities' content='ocr_page ocr_carea ocr_par ocr_line ocrx_word'/>
</head>
<body>
  <div class='ocr_page' id='page_1' title='image "acronisetporphyr02pseuuoft_0460.png"; bbox 0 0 2148 3412; ppageno 0'>
   <div class='ocr_carea' id='block_1_1' title="bbox 84 957 122 988">
    <p class='ocr_par' dir='ltr' id='par_1_1' title="bbox 84 957 122 988">
     <span class='ocr_line' id='line_1_1' title="bbox 84 957 122 988; baseline 0 0"><span class='ocrx_word' id='word_1_1' title='bbox 84 957 122 988; x_wconf 84' lang='lat'>10</span> 
     </span>
    </p>
   </div>
   <div class='ocr_carea' id='block_1_2' title="bbox 85 1327 124 1357">
    <p class='ocr_par' dir='ltr' id='par_1_2' title="bbox 85 1327 124 1357">
     <span class='ocr_line' id='line_1_2' title="bbox 85 1327 124 1357; baseline 0 0"><span class='ocrx_word' id='word_1_2' title='bbox 85 1327 124 1357; x_wconf 83' lang='lat'>15</span> 
     </span>
    </p>
   </div>
   <div class='ocr_carea' id='block_1_3' title="bbox 85 1696 126 1728">
    <p class='ocr_par' dir='ltr' id='par_1_3' title="bbox 85 1696 126 1728">
     <span class='ocr_line' id='line_1_3' title="bbox 85 1696 126 1728; baseline 0 0"><span class='ocrx_word' id='word_1_3' title='bbox 85 1696 126 1728; x_wconf 88' lang='grc'>20</span> 
     </span>
    </p>
   </div>
   <div class='ocr_carea' id='block_1_4' title="bbox 149 152 1346 193">
    <p class='ocr_par' dir='ltr' id='par_1_4' title="bbox 149 152 1346 193">
     <span class='ocr_line' id='line_1_4' title="bbox 149 152 1346 193; baseline -0.003 -1"><span class='ocrx_word' id='word_1_4' title='bbox 149 152 232 193; x_wconf 78' lang='lat'>452</span> <span class='ocrx_word' id='word_1_5' title='bbox 787 158 891 191; x_wconf 76' lang='lat' dir='ltr'>Aen.</span> <span class='ocrx_word' id='word_1_6' title='bbox 917 157 977 189; x_wconf 79' lang='grc' dir='ltr'>ΕΤ</span> <span class='ocrx_word' id='word_1_7' title='bbox 1002 156 1169 193; x_wconf 81' lang='lat' dir='ltr'>PORPH.</span> <span class='ocrx_word' id='word_1_8' title='bbox 1197 156 1346 189; x_wconf 90' lang='lat' dir='ltr'>COMM.</span> 
     </span>
    </p>
   </div>
   <div class='ocr_carea' id='block_1_5' title="bbox 148 279 1989 1738">
    <p class='ocr_par' dir='ltr' id='par_1_5' title="bbox 264 279 1976 335">
     <span class='ocr_line' id='line_1_5' title="bbox 264 279 1976 335; baseline -0.003 -8"><span class='ocrx_word' id='word_1_9' title='bbox 264 289 328 327; x_wconf 84' lang='lat'>12.</span> <span class='ocrx_word' id='word_1_10' title='bbox 364 287 467 327; x_wconf 81' lang='lat' dir='ltr'>Fons</span> <span class='ocrx_word' id='word_1_11' title='bbox 499 285 615 325; x_wconf 72' lang='lat' dir='ltr'>etiam</span> <span class='ocrx_word' id='word_1_12' title='bbox 638 284 740 324; x_wconf 73' lang='lat' dir='ltr'>rino.</span> <span class='ocrx_word' id='word_1_13' title='bbox 802 280 889 333; x_wconf 79' lang='lat' dir='ltr'>Qui</span> <span class='ocrx_word' id='word_1_14' title='bbox 921 279 1128 335; x_wconf 79' lang='lat' dir='ltr'>Digentia</span> <span class='ocrx_word' id='word_1_15' title='bbox 1159 280 1323 321; x_wconf 91' lang='lat' dir='ltr'>dicitur.</span> <span class='ocrx_word' id='word_1_16' title='bbox 1383 295 1538 323; x_wconf 75' lang='lat' dir='ltr'>nomen.</span> <span class='ocrx_word' id='word_1_17' title='bbox 1600 279 1686 322; x_wconf 90' lang='lat' dir='ltr'>Hic</span> <span class='ocrx_word' id='word_1_18' title='bbox 1706 279 1976 322; x_wconf 86' lang='lat' dir='ltr'>Blandusius.</span> 
     </span>
    </p>

    <p class='ocr_par' dir='ltr' id='par_1_6' title="bbox 263 353 1781 412">
     <span class='ocr_line' id='line_1_6' title="bbox 263 353 1781 412; baseline -0.003 -13"><span class='ocrx_word' id='word_1_19' title='bbox 263 361 326 399; x_wconf 80' lang='lat'>13.</span> <span class='ocrx_word' id='word_1_20' title='bbox 365 359 575 412; x_wconf 72' lang='lat' dir='ltr'>Friqae&#39;dae&#39;or.</span> <span class='ocrx_word' id='word_1_21' title='bbox 638 355 745 396; x_wconf 82' lang='lat' dir='ltr'>Tam</span> <span class='ocrx_word' id='word_1_22' title='bbox 777 354 911 396; x_wconf 88' lang='lat' dir='ltr'>bonus</span> <span class='ocrx_word' id='word_1_23' title='bbox 942 360 1016 395; x_wconf 88' lang='lat' dir='ltr'>est.</span> <span class='ocrx_word' id='word_1_24' title='bbox 1080 355 1293 395; x_wconf 71' lang='lat' dir='ltr'>Thracam.</span> <span class='ocrx_word' id='word_1_25' title='bbox 1355 353 1404 395; x_wconf 85' lang='lat' dir='ltr'>Id</span> <span class='ocrx_word' id='word_1_26' title='bbox 1436 362 1509 404; x_wconf 89' lang='lat' dir='ltr'>est,</span> <span class='ocrx_word' id='word_1_27' title='bbox 1541 353 1781 395; x_wconf 81' lang='lat' dir='ltr'>Thraciam.</span> 
     </span>
    </p>

    <p class='ocr_par' dir='ltr' id='par_1_7' title="bbox 148 426 1980 562">
     <span class='ocr_line' id='line_1_7' title="bbox 263 426 1980 487; baseline -0.002 -15"><span class='ocrx_word' id='word_1_28' title='bbox 263 433 325 472; x_wconf 80' lang='lat'>14.</span> <span class='ocrx_word' id='word_1_29' title='bbox 360 432 536 487; x_wconf 77' lang='lat' dir='ltr'>Infirmo.</span> <span class='ocrx_word' id='word_1_30' title='bbox 567 428 727 485; x_wconf 86' lang='lat' dir='ltr'>Aegro.</span> <span class='ocrx_word' id='word_1_31' title='bbox 778 443 864 484; x_wconf 79' lang='lat' dir='ltr'>cap.</span> <span class='ocrx_word' id='word_1_32' title='bbox 894 428 964 484; x_wconf 81' lang='lat' dir='ltr'>flu.</span> <span class='ocrx_word' id='word_1_33' title='bbox 996 428 1120 477; x_wconf 77' lang='lat' dir='ltr'>utilis,</span> <span class='ocrx_word' id='word_1_34' title='bbox 1151 427 1237 468; x_wconf 68' lang='lat' dir='ltr'>mil.</span> <span class='ocrx_word' id='word_1_35' title='bbox 1269 427 1375 469; x_wconf 75' lang='lat' dir='ltr'>aluo.</span> <span class='ocrx_word' id='word_1_36' title='bbox 1403 443 1406 446; x_wconf 55' lang='lat'><strong>⁴</strong></span> <span class='ocrx_word' id='word_1_37' title='bbox 1436 427 1493 468; x_wconf 88' lang='lat' dir='ltr'>Et</span> <span class='ocrx_word' id='word_1_38' title='bbox 1527 427 1581 467; x_wconf 86' lang='lat' dir='ltr'>ad</span> <span class='ocrx_word' id='word_1_39' title='bbox 1612 426 1797 468; x_wconf 90' lang='lat' dir='ltr'>dolorem</span> <span class='ocrx_word' id='word_1_40' title='bbox 1830 427 1980 482; x_wconf 87' lang='lat' dir='ltr'>capitis</span> 
     </span>
     <span class='ocr_line' id='line_1_8' title="bbox 148 500 1233 562; baseline -0.006 -14"><span class='ocrx_word' id='word_1_41' title='bbox 148 505 389 562; x_wconf 90' lang='lat' dir='ltr'>pellendum</span> <span class='ocrx_word' id='word_1_42' title='bbox 423 512 462 545; x_wconf 88' lang='lat' dir='ltr'>et</span> <span class='ocrx_word' id='word_1_43' title='bbox 492 510 682 545; x_wconf 86' lang='lat' dir='ltr'>uentrem</span> <span class='ocrx_word' id='word_1_44' title='bbox 714 500 984 558; x_wconf 86' lang='lat' dir='ltr'>purgandum</span> <span class='ocrx_word' id='word_1_45' title='bbox 1015 500 1130 542; x_wconf 88' lang='lat' dir='ltr'>utilis</span> <span class='ocrx_word' id='word_1_46' title='bbox 1161 508 1233 542; x_wconf 89' lang='lat' dir='ltr'>est.</span> 
     </span>
    </p>

    <p class='ocr_par' dir='ltr' id='par_1_8' title="bbox 262 574 1302 631">
     <span class='ocr_line' id='line_1_9' title="bbox 262 574 1302 631; baseline -0.005 -11"><span class='ocrx_word' id='word_1_47' title='bbox 262 579 328 621; x_wconf 88' lang='lat'>15.</span> <span class='ocrx_word' id='word_1_48' title='bbox 364 579 450 620; x_wconf 83' lang='lat' dir='ltr'>Hae</span> <span class='ocrx_word' id='word_1_49' title='bbox 481 578 664 619; x_wconf 78' lang='lat' dir='ltr'>latebrae.</span> <span class='ocrx_word' id='word_1_50' title='bbox 726 574 860 617; x_wconf 80' lang='lat' dir='ltr'>Sedes</span> <span class='ocrx_word' id='word_1_51' title='bbox 891 574 1051 616; x_wconf 86' lang='lat' dir='ltr'>scilicet</span> <span class='ocrx_word' id='word_1_52' title='bbox 1081 574 1175 631; x_wconf 88' lang='lat' dir='ltr'>agri</span> <span class='ocrx_word' id='word_1_53' title='bbox 1206 574 1302 616; x_wconf 89' lang='lat' dir='ltr'>mei.</span> 
     </span>
    </p>

    <p class='ocr_par' dir='ltr' id='par_1_9' title="bbox 262 647 1981 708">
     <span class='ocr_line' id='line_1_10' title="bbox 262 647 1981 708; baseline -0.003 -14"><span class='ocrx_word' id='word_1_54' title='bbox 262 654 326 694; x_wconf 84' lang='grc'>16.</span> <span class='ocrx_word' id='word_1_55' title='bbox 357 652 644 708; x_wconf 76' lang='lat' dir='ltr'>septembribus</span> <span class='ocrx_word' id='word_1_56' title='bbox 667 650 788 692; x_wconf 73' lang='lat' dir='ltr'>horis.</span> <span class='ocrx_word' id='word_1_57' title='bbox 848 647 1097 689; x_wconf 86' lang='lat' dir='ltr'>Autumnali</span> <span class='ocrx_word' id='word_1_58' title='bbox 1119 654 1321 703; x_wconf 85' lang='lat' dir='ltr'>tempore,</span> <span class='ocrx_word' id='word_1_59' title='bbox 1356 662 1438 703; x_wconf 91' lang='lat' dir='ltr'>quo</span> <span class='ocrx_word' id='word_1_60' title='bbox 1460 647 1678 704; x_wconf 84' lang='lat' dir='ltr'>grauiores</span> <span class='ocrx_word' id='word_1_61' title='bbox 1707 654 1802 689; x_wconf 91' lang='lat' dir='ltr'>sunt</span> <span class='ocrx_word' id='word_1_62' title='bbox 1831 647 1981 690; x_wconf 88' lang='lat' dir='ltr'>morbi.</span> 
     </span>
    </p>

    <p class='ocr_par' dir='ltr' id='par_1_10' title="bbox 148 721 1983 929">
     <span class='ocr_line' id='line_1_11' title="bbox 263 721 1981 776; baseline -0.003 -9"><span class='ocrx_word' id='word_1_63' title='bbox 263 728 326 767; x_wconf 85' lang='lat'>17.</span> <span class='ocrx_word' id='word_1_64' title='bbox 360 735 402 767; x_wconf 78' lang='lat' dir='ltr'>tu</span> <span class='ocrx_word' id='word_1_65' title='bbox 432 734 535 767; x_wconf 75' lang='lat' dir='ltr'>recte</span> <span class='ocrx_word' id='word_1_66' title='bbox 556 726 674 766; x_wconf 69' lang='lat' dir='ltr'>uiuis.</span> <span class='ocrx_word' id='word_1_67' title='bbox 735 722 833 764; x_wconf 88' lang='lat' dir='ltr'>Hoc</span> <span class='ocrx_word' id='word_1_68' title='bbox 864 729 944 764; x_wconf 88' lang='lat' dir='ltr'>est:</span> <span class='ocrx_word' id='word_1_69' title='bbox 977 721 1011 763; x_wconf 88' lang='lat' dir='ltr'>si</span> <span class='ocrx_word' id='word_1_70' title='bbox 1042 728 1126 762; x_wconf 89' lang='lat' dir='ltr'>tam</span> <span class='ocrx_word' id='word_1_71' title='bbox 1158 728 1269 763; x_wconf 89' lang='lat' dir='ltr'>recte</span> <span class='ocrx_word' id='word_1_72' title='bbox 1300 721 1424 772; x_wconf 84' lang='lat' dir='ltr'>uiuis,</span> <span class='ocrx_word' id='word_1_73' title='bbox 1458 736 1583 776; x_wconf 85' lang='lat' dir='ltr'>quam</span> <span class='ocrx_word' id='word_1_74' title='bbox 1613 721 1694 762; x_wconf 87' lang='lat' dir='ltr'>fert</span> <span class='ocrx_word' id='word_1_75' title='bbox 1723 721 1868 776; x_wconf 87' lang='lat' dir='ltr'>opinio</span> <span class='ocrx_word' id='word_1_76' title='bbox 1899 729 1981 763; x_wconf 85' lang='lat' dir='ltr'>tua.</span> 
     </span>
     <span class='ocr_line' id='line_1_12' title="bbox 149 794 1983 852; baseline -0.004 -10"><span class='ocrx_word' id='word_1_77' title='bbox 149 800 235 842; x_wconf 90' lang='lat' dir='ltr'>Hic</span> <span class='ocrx_word' id='word_1_78' title='bbox 266 800 349 841; x_wconf 85' lang='lat' dir='ltr'>iam</span> <span class='ocrx_word' id='word_1_79' title='bbox 381 813 555 840; x_wconf 84' lang='lat' dir='ltr'>narrare</span> <span class='ocrx_word' id='word_1_80' title='bbox 585 797 748 852; x_wconf 79' lang='lat' dir='ltr'>incipit,</span> <span class='ocrx_word' id='word_1_81' title='bbox 785 811 869 838; x_wconf 92' lang='lat' dir='ltr'>non</span> <span class='ocrx_word' id='word_1_82' title='bbox 907 802 993 836; x_wconf 85' lang='lat' dir='ltr'>tam</span> <span class='ocrx_word' id='word_1_83' title='bbox 1038 795 1296 836; x_wconf 86' lang='lat' dir='ltr'>credendum</span> <span class='ocrx_word' id='word_1_84' title='bbox 1343 809 1432 836; x_wconf 89' lang='lat' dir='ltr'>esse</span> <span class='ocrx_word' id='word_1_85' title='bbox 1476 795 1614 836; x_wconf 80' lang='lat' dir='ltr'>famae</span> <span class='ocrx_word' id='word_1_86' title='bbox 1658 794 1826 851; x_wconf 88' lang='lat' dir='ltr'>uulgari</span> <span class='ocrx_word' id='word_1_87' title='bbox 1857 809 1983 849; x_wconf 82' lang='lat' dir='ltr'>quam</span> 
     </span>
     <span class='ocr_line' id='line_1_13' title="bbox 148 868 1822 929; baseline -0.004 -14"><span class='ocrx_word' id='word_1_88' title='bbox 148 874 347 929; x_wconf 87' lang='lat' dir='ltr'>propriae</span> <span class='ocrx_word' id='word_1_89' title='bbox 380 871 674 915; x_wconf 85' lang='lat' dir='ltr'>conscientiae.</span> <span class='ocrx_word' id='word_1_90' title='bbox 734 869 862 912; x_wconf 79' lang='lat' dir='ltr'>Unde</span> <span class='ocrx_word' id='word_1_91' title='bbox 898 870 1057 911; x_wconf 75' lang='lat' dir='ltr'>Persius</span> <span class='ocrx_word' id='word_1_92' title='bbox 1091 868 1144 924; x_wconf 89' lang='lat' dir='ltr'>(I,</span> <span class='ocrx_word' id='word_1_93' title='bbox 1179 870 1242 924; x_wconf 82' lang='lat'>7):</span> <span class='ocrx_word' id='word_1_94' title='bbox 1272 883 1320 909; x_wconf 76' lang='lat' dir='ltr'>ne</span> <span class='ocrx_word' id='word_1_95' title='bbox 1351 878 1383 909; x_wconf 81' lang='lat' dir='ltr'>te</span> <span class='ocrx_word' id='word_1_96' title='bbox 1414 870 1660 925; x_wconf 72' lang='lat' dir='ltr'>quaesz&#39;uerz&#39;s</span> <span class='ocrx_word' id='word_1_97' title='bbox 1693 876 1822 910; x_wconf 54' lang='grc' dir='ltr'><strong>κείνα.</strong></span> 
     </span>
    </p>

    <p class='ocr_par' dir='ltr' id='par_1_11' title="bbox 154 941 1982 1062">
     <span class='ocr_line' id='line_1_14' title="bbox 262 941 1982 1003; baseline -0.003 -15"><span class='ocrx_word' id='word_1_98' title='bbox 262 948 326 988; x_wconf 84' lang='lat'>20.</span> <span class='ocrx_word' id='word_1_99' title='bbox 358 947 542 1003; x_wconf 74' lang='lat' dir='ltr'>sapiente.</span> <span class='ocrx_word' id='word_1_100' title='bbox 604 944 778 987; x_wconf 77' lang='lat' dir='ltr'>Scilicet</span> <span class='ocrx_word' id='word_1_101' title='bbox 809 949 998 998; x_wconf 87' lang='lat' dir='ltr'>excepto.</span> <span class='ocrx_word' id='word_1_102' title='bbox 1058 944 1226 984; x_wconf 79' lang='lat' dir='ltr'>beatum.</span> <span class='ocrx_word' id='word_1_103' title='bbox 1257 941 1439 997; x_wconf 80' lang='lat' dir='ltr'>Propter</span> <span class='ocrx_word' id='word_1_104' title='bbox 1460 941 1504 997; x_wconf 84' lang='lat' dir='ltr'>(l.</span> <span class='ocrx_word' id='word_1_105' title='bbox 1537 943 1724 996; x_wconf 85' lang='lat' dir='ltr'>praeter)</span> <span class='ocrx_word' id='word_1_106' title='bbox 1747 941 1982 997; x_wconf 81' lang='lat' dir='ltr'>sapientem</span> 
     </span>
     <span class='ocr_line' id='line_1_15' title="bbox 154 1020 1406 1062; baseline -0.003 0"><span class='ocrx_word' id='word_1_107' title='bbox 154 1029 192 1062; x_wconf 89' lang='lat' dir='ltr'>et</span> <span class='ocrx_word' id='word_1_108' title='bbox 223 1020 391 1062; x_wconf 88' lang='lat' dir='ltr'>bonum.</span> <span class='ocrx_word' id='word_1_109' title='bbox 1403 1025 1406 1028; x_wconf 84' lang='lat'>&#39;</span> 
     </span>
    </p>

    <p class='ocr_par' dir='ltr' id='par_1_12' title="bbox 150 1087 1987 1518">
     <span class='ocr_line' id='line_1_16' title="bbox 263 1087 1979 1149; baseline -0.003 -13"><span class='ocrx_word' id='word_1_110' title='bbox 263 1096 329 1135; x_wconf 86' lang='lat'>22.</span> <span class='ocrx_word' id='word_1_111' title='bbox 359 1095 519 1149; x_wconf 81' lang='lat' dir='ltr'>febrem.</span> <span class='ocrx_word' id='word_1_112' title='bbox 581 1092 732 1133; x_wconf 80' lang='lat' dir='ltr'>Trahit</span> <span class='ocrx_word' id='word_1_113' title='bbox 762 1090 1001 1146; x_wconf 85' lang='lat' dir='ltr'>exemplum</span> <span class='ocrx_word' id='word_1_114' title='bbox 1032 1088 1084 1130; x_wconf 77' lang='lat' dir='ltr'>(le</span> <span class='ocrx_word' id='word_1_115' title='bbox 1114 1087 1462 1139; x_wconf 83' lang='lat' dir='ltr'>febricitantibus,</span> <span class='ocrx_word' id='word_1_116' title='bbox 1499 1088 1572 1142; x_wconf 90' lang='lat' dir='ltr'>qui</span> <span class='ocrx_word' id='word_1_117' title='bbox 1604 1088 1833 1143; x_wconf 89' lang='lat' dir='ltr'>cupiditate</span> <span class='ocrx_word' id='word_1_118' title='bbox 1855 1089 1979 1145; x_wconf 84' lang='lat' dir='ltr'>gulae</span> 
     </span>
     <span class='ocr_line' id='line_1_17' title="bbox 150 1161 1983 1224; baseline -0.003 -14"><span class='ocrx_word' id='word_1_119' title='bbox 150 1167 368 1224; x_wconf 84' lang='lat' dir='ltr'>prouocati</span> <span class='ocrx_word' id='word_1_120' title='bbox 400 1166 596 1208; x_wconf 87' lang='lat' dir='ltr'>simulant</span> <span class='ocrx_word' id='word_1_121' title='bbox 627 1165 671 1206; x_wconf 90' lang='lat' dir='ltr'>in</span> <span class='ocrx_word' id='word_1_122' title='bbox 704 1164 900 1206; x_wconf 91' lang='lat' dir='ltr'>conuiuio</span> <span class='ocrx_word' id='word_1_123' title='bbox 930 1162 1039 1205; x_wconf 85' lang='lat' dir='ltr'>febri</span> <span class='ocrx_word' id='word_1_124' title='bbox 1072 1161 1154 1219; x_wconf 71' lang='lat' dir='ltr'>[se]</span> <span class='ocrx_word' id='word_1_125' title='bbox 1187 1176 1271 1203; x_wconf 92' lang='lat' dir='ltr'>non</span> <span class='ocrx_word' id='word_1_126' title='bbox 1302 1161 1508 1211; x_wconf 80' lang='lat' dir='ltr'>laborare,</span> <span class='ocrx_word' id='word_1_127' title='bbox 1544 1169 1589 1203; x_wconf 91' lang='lat' dir='ltr'>ut</span> <span class='ocrx_word' id='word_1_128' title='bbox 1617 1162 1791 1204; x_wconf 89' lang='lat' dir='ltr'>liberius</span> <span class='ocrx_word' id='word_1_129' title='bbox 1821 1163 1983 1218; x_wconf 81' lang='lat' dir='ltr'>possint</span> 
     </span>
     <span class='ocr_line' id='line_1_18' title="bbox 150 1234 1986 1296; baseline -0.003 -12"><span class='ocrx_word' id='word_1_130' title='bbox 150 1242 258 1284; x_wconf 83' lang='lat' dir='ltr'>cibis</span> <span class='ocrx_word' id='word_1_131' title='bbox 290 1241 526 1296; x_wconf 83' lang='lat' dir='ltr'>quibusque</span> <span class='ocrx_word' id='word_1_132' title='bbox 557 1239 685 1289; x_wconf 90' lang='lat' dir='ltr'>uesci,</span> <span class='ocrx_word' id='word_1_133' title='bbox 719 1239 852 1280; x_wconf 84' lang='lat' dir='ltr'>donec</span> <span class='ocrx_word' id='word_1_134' title='bbox 883 1251 1011 1292; x_wconf 87' lang='lat' dir='ltr'>super</span> <span class='ocrx_word' id='word_1_135' title='bbox 1042 1236 1181 1291; x_wconf 87' lang='lat' dir='ltr'>ipsum</span> <span class='ocrx_word' id='word_1_136' title='bbox 1214 1234 1353 1276; x_wconf 87' lang='lat' dir='ltr'>cibum</span> <span class='ocrx_word' id='word_1_137' title='bbox 1386 1250 1534 1277; x_wconf 86' lang='lat' dir='ltr'>manus</span> <span class='ocrx_word' id='word_1_138' title='bbox 1564 1236 1765 1277; x_wconf 84' lang='lat' dir='ltr'>tremulae</span> <span class='ocrx_word' id='word_1_139' title='bbox 1805 1236 1986 1278; x_wconf 85' lang='lat' dir='ltr'>reddan-</span> 
     </span>
     <span class='ocr_line' id='line_1_19' title="bbox 152 1308 1986 1365; baseline -0.003 -8"><span class='ocrx_word' id='word_1_140' title='bbox 152 1323 230 1357; x_wconf 86' lang='lat' dir='ltr'>tur.</span> <span class='ocrx_word' id='word_1_141' title='bbox 293 1313 379 1357; x_wconf 78' lang='lat' dir='ltr'>Sed</span> <span class='ocrx_word' id='word_1_142' title='bbox 411 1314 533 1356; x_wconf 87' lang='lat' dir='ltr'>sicuti</span> <span class='ocrx_word' id='word_1_143' title='bbox 566 1313 636 1354; x_wconf 89' lang='lat' dir='ltr'>ille</span> <span class='ocrx_word' id='word_1_144' title='bbox 667 1319 729 1355; x_wconf 89' lang='lat' dir='ltr'>est</span> <span class='ocrx_word' id='word_1_145' title='bbox 761 1311 922 1361; x_wconf 86' lang='lat' dir='ltr'>stultus,</span> <span class='ocrx_word' id='word_1_146' title='bbox 969 1310 1041 1365; x_wconf 88' lang='lat' dir='ltr'>qui</span> <span class='ocrx_word' id='word_1_147' title='bbox 1071 1310 1166 1365; x_wconf 90' lang='lat' dir='ltr'>plus</span> <span class='ocrx_word' id='word_1_148' title='bbox 1202 1308 1334 1351; x_wconf 84' lang='lat' dir='ltr'>credit</span> <span class='ocrx_word' id='word_1_149' title='bbox 1370 1308 1692 1350; x_wconf 87' lang='lat' dir='ltr'>conuiuantibus</span> <span class='ocrx_word' id='word_1_150' title='bbox 1735 1324 1861 1364; x_wconf 86' lang='lat' dir='ltr'>quam</span> <span class='ocrx_word' id='word_1_151' title='bbox 1893 1310 1986 1360; x_wconf 91' lang='lat' dir='ltr'>sibi,</span> 
     </span>
     <span class='ocr_line' id='line_1_20' title="bbox 151 1382 1987 1444; baseline -0.003 -14"><span class='ocrx_word' id='word_1_152' title='bbox 151 1390 209 1430; x_wconf 86' lang='lat' dir='ltr'>ita</span> <span class='ocrx_word' id='word_1_153' title='bbox 241 1389 312 1444; x_wconf 89' lang='lat' dir='ltr'>qui</span> <span class='ocrx_word' id='word_1_154' title='bbox 344 1388 451 1429; x_wconf 84' lang='lat' dir='ltr'>febri</span> <span class='ocrx_word' id='word_1_155' title='bbox 483 1387 682 1429; x_wconf 87' lang='lat' dir='ltr'>uitiorum</span> <span class='ocrx_word' id='word_1_156' title='bbox 712 1393 894 1427; x_wconf 86' lang='lat' dir='ltr'>mentem</span> <span class='ocrx_word' id='word_1_157' title='bbox 925 1384 1051 1435; x_wconf 83' lang='lat' dir='ltr'>habet</span> <span class='ocrx_word' id='word_1_158' title='bbox 1081 1383 1299 1439; x_wconf 85' lang='lat' dir='ltr'>repletam,</span> <span class='ocrx_word' id='word_1_159' title='bbox 1335 1382 1431 1440; x_wconf 89' lang='lat' dir='ltr'>[ita]</span> <span class='ocrx_word' id='word_1_160' title='bbox 1465 1383 1613 1424; x_wconf 88' lang='lat' dir='ltr'>stultus</span> <span class='ocrx_word' id='word_1_161' title='bbox 1635 1384 1987 1439; x_wconf 71' lang='lat' dir='ltr'>conputabitur,*)</span> 
     </span>
     <span class='ocr_line' id='line_1_21' title="bbox 152 1458 1202 1518; baseline -0.008 -13"><span class='ocrx_word' id='word_1_162' title='bbox 152 1463 187 1505; x_wconf 88' lang='lat' dir='ltr'>si</span> <span class='ocrx_word' id='word_1_163' title='bbox 218 1469 392 1518; x_wconf 85' lang='lat' dir='ltr'>propter</span> <span class='ocrx_word' id='word_1_164' title='bbox 423 1462 615 1503; x_wconf 82' lang='lat' dir='ltr'>fauorem</span> <span class='ocrx_word' id='word_1_165' title='bbox 645 1460 766 1516; x_wconf 91' lang='lat' dir='ltr'>uulgi</span> <span class='ocrx_word' id='word_1_166' title='bbox 798 1474 841 1501; x_wconf 88' lang='lat' dir='ltr'>se</span> <span class='ocrx_word' id='word_1_167' title='bbox 873 1458 1039 1500; x_wconf 85' lang='lat' dir='ltr'>beatum</span> <span class='ocrx_word' id='word_1_168' title='bbox 1071 1464 1202 1512; x_wconf 87' lang='lat' dir='ltr'>putat.</span> 
     </span>
    </p>

    <p class='ocr_par' dir='ltr' id='par_1_13' title="bbox 267 1534 1029 1593">
     <span class='ocr_line' id='line_1_22' title="bbox 267 1534 1029 1593; baseline -0.007 -15"><span class='ocrx_word' id='word_1_169' title='bbox 267 1537 339 1578; x_wconf 78' lang='lat' dir='ltr'>sub</span> <span class='ocrx_word' id='word_1_170' title='bbox 373 1545 538 1593; x_wconf 78' lang='lat' dir='ltr'>tempus.</span> <span class='ocrx_word' id='word_1_171' title='bbox 598 1534 781 1590; x_wconf 78' lang='lat' dir='ltr'>Legitur</span> <span class='ocrx_word' id='word_1_172' title='bbox 812 1540 853 1574; x_wconf 89' lang='lat' dir='ltr'>et</span> <span class='ocrx_word' id='word_1_173' title='bbox 879 1540 1029 1588; x_wconf 77' lang='lat' dir='ltr'>pectus.</span> 
     </span>
    </p>

    <p class='ocr_par' dir='ltr' id='par_1_14' title="bbox 152 1602 1989 1738">
     <span class='ocr_line' id='line_1_23' title="bbox 265 1602 1988 1666; baseline -0.002 -15"><span class='ocrx_word' id='word_1_174' title='bbox 265 1612 330 1652; x_wconf 84' lang='lat'>25.</span> <span class='ocrx_word' id='word_1_175' title='bbox 364 1609 411 1651; x_wconf 67' lang='lat' dir='ltr'>Si</span> <span class='ocrx_word' id='word_1_176' title='bbox 438 1611 523 1666; x_wconf 68' lang='lat' dir='ltr'>quis</span> <span class='ocrx_word' id='word_1_177' title='bbox 555 1609 657 1650; x_wconf 83' lang='lat' dir='ltr'>bella</span> <span class='ocrx_word' id='word_1_178' title='bbox 691 1609 767 1649; x_wconf 73' lang='lat' dir='ltr'>libi.</span> <span class='ocrx_word' id='word_1_179' title='bbox 828 1605 950 1647; x_wconf 85' lang='lat' dir='ltr'>Haec</span> <span class='ocrx_word' id='word_1_180' title='bbox 981 1604 1092 1646; x_wconf 89' lang='lat' dir='ltr'>enim</span> <span class='ocrx_word' id='word_1_181' title='bbox 1122 1602 1278 1644; x_wconf 89' lang='lat' dir='ltr'>Varius</span> <span class='ocrx_word' id='word_1_182' title='bbox 1302 1602 1475 1660; x_wconf 80' lang='lat' dir='ltr'>[Varro]</span> <span class='ocrx_word' id='word_1_183' title='bbox 1507 1603 1558 1644; x_wconf 85' lang='lat' dir='ltr'>de</span> <span class='ocrx_word' id='word_1_184' title='bbox 1581 1602 1776 1660; x_wconf 89' lang='lat' dir='ltr'>Augusto</span> <span class='ocrx_word' id='word_1_185' title='bbox 1808 1604 1988 1660; x_wconf 87' lang='lat' dir='ltr'>scripse-</span> 
     </span>
     <span class='ocr_line' id='line_1_24' title="bbox 152 1676 1989 1738; baseline -0.004 -11"><span class='ocrx_word' id='word_1_186' title='bbox 152 1691 227 1727; x_wconf 82' lang='lat' dir='ltr'>rat.</span> <span class='ocrx_word' id='word_1_187' title='bbox 289 1683 337 1727; x_wconf 82' lang='lat' dir='ltr'>Si</span> <span class='ocrx_word' id='word_1_188' title='bbox 368 1683 475 1738; x_wconf 87' lang='lat' dir='ltr'>quis,</span> <span class='ocrx_word' id='word_1_189' title='bbox 506 1682 655 1737; x_wconf 88' lang='lat' dir='ltr'>inquit,</span> <span class='ocrx_word' id='word_1_190' title='bbox 688 1680 833 1722; x_wconf 85' lang='lat' dir='ltr'>laudes</span> <span class='ocrx_word' id='word_1_191' title='bbox 864 1677 1050 1734; x_wconf 84' lang='lat' dir='ltr'>Augusti</span> <span class='ocrx_word' id='word_1_192' title='bbox 1081 1676 1252 1733; x_wconf 87' lang='lat' dir='ltr'>proprie</span> <span class='ocrx_word' id='word_1_193' title='bbox 1284 1676 1339 1718; x_wconf 84' lang='lat' dir='ltr'>ad</span> <span class='ocrx_word' id='word_1_194' title='bbox 1369 1676 1487 1718; x_wconf 90' lang='lat' dir='ltr'>illum</span> <span class='ocrx_word' id='word_1_195' title='bbox 1520 1678 1778 1732; x_wconf 85' lang='lat' dir='ltr'>pertinentes</span> <span class='ocrx_word' id='word_1_196' title='bbox 1808 1677 1885 1720; x_wconf 85' lang='lat' dir='ltr'>tibi</span> <span class='ocrx_word' id='word_1_197' title='bbox 1916 1679 1989 1720; x_wconf 89' lang='lat' dir='ltr'>de-</span> 
     </span>
    </p>
   </div>
   <div class='ocr_carea' id='block_1_6' title="bbox 153 1860 1992 2304">
    <p class='ocr_par' dir='ltr' id='par_1_15' title="bbox 153 1860 1992 2304">
     <span class='ocr_line' id='line_1_25' title="bbox 269 1860 1991 1907; baseline -0.002 -11"><span class='ocrx_word' id='word_1_198' title='bbox 269 1867 301 1905; x_wconf 89' lang='lat'>1)</span> <span class='ocrx_word' id='word_1_199' title='bbox 330 1866 391 1902; x_wconf 78' lang='lat' dir='ltr'>Qui</span> <span class='ocrx_word' id='word_1_200' title='bbox 409 1866 488 1905; x_wconf 85' lang='lat' dir='ltr'>Dig.</span> <span class='ocrx_word' id='word_1_201' title='bbox 516 1866 637 1895; x_wconf 85' lang='lat' dir='ltr'>dicitur</span> <span class='ocrx_word' id='word_1_202' title='bbox 660 1875 686 1907; x_wconf 76' lang='grc' dir='ltr'><strong>γ.</strong></span> <span class='ocrx_word' id='word_1_203' title='bbox 706 1864 777 1894; x_wconf 88' lang='lat' dir='ltr'>rell.</span> <span class='ocrx_word' id='word_1_204' title='bbox 797 1873 858 1894; x_wconf 89' lang='lat' dir='ltr'>om.</span> <span class='ocrx_word' id='word_1_205' title='bbox 885 1881 915 1884; x_wconf 38' lang='grc' dir='ltr'><strong><em>ω</em></strong></span> <span class='ocrx_word' id='word_1_206' title='bbox 931 1863 995 1892; x_wconf 86' lang='lat' dir='ltr'>Hic</span> <span class='ocrx_word' id='word_1_207' title='bbox 1019 1861 1214 1892; x_wconf 77' lang='lat' dir='ltr'>Blandusius</span> <span class='ocrx_word' id='word_1_208' title='bbox 1238 1871 1265 1904; x_wconf 80' lang='grc' dir='ltr'><strong>γ.</strong></span> <span class='ocrx_word' id='word_1_209' title='bbox 1292 1861 1331 1892; x_wconf 86' lang='lat' dir='ltr'>cf.</span> <span class='ocrx_word' id='word_1_210' title='bbox 1352 1860 1393 1892; x_wconf 88' lang='lat' dir='ltr'>C:</span> <span class='ocrx_word' id='word_1_211' title='bbox 1421 1860 1501 1901; x_wconf 72' lang='lat' dir='ltr'>‘fons</span> <span class='ocrx_word' id='word_1_212' title='bbox 1525 1862 1622 1892; x_wconf 74' lang='lat' dir='ltr'>etiam.</span> <span class='ocrx_word' id='word_1_213' title='bbox 1651 1862 1755 1902; x_wconf 88' lang='lat' dir='ltr'>suppl.</span> <span class='ocrx_word' id='word_1_214' title='bbox 1783 1866 1829 1892; x_wconf 88' lang='lat' dir='ltr'>est</span> <span class='ocrx_word' id='word_1_215' title='bbox 1857 1863 1891 1893; x_wconf 89' lang='lat' dir='ltr'>in</span> <span class='ocrx_word' id='word_1_216' title='bbox 1915 1872 1991 1902; x_wconf 83' lang='lat' dir='ltr'>agro</span> 
     </span>
     <span class='ocr_line' id='line_1_26' title="bbox 153 1917 1991 1961; baseline -0.003 -7"><span class='ocrx_word' id='word_1_217' title='bbox 153 1934 232 1960; x_wconf 85' lang='lat' dir='ltr'>meo,</span> <span class='ocrx_word' id='word_1_218' title='bbox 260 1925 309 1953; x_wconf 89' lang='lat' dir='ltr'>cui</span> <span class='ocrx_word' id='word_1_219' title='bbox 335 1933 451 1954; x_wconf 86' lang='lat' dir='ltr'>nomen</span> <span class='ocrx_word' id='word_1_220' title='bbox 478 1927 527 1953; x_wconf 84' lang='lat' dir='ltr'>est</span> <span class='ocrx_word' id='word_1_221' title='bbox 550 1922 757 1953; x_wconf 59' lang='lat' dir='ltr'>Bandusiusff</span> <span class='ocrx_word' id='word_1_222' title='bbox 827 1921 861 1960; x_wconf 83' lang='grc'>2)</span> <span class='ocrx_word' id='word_1_223' title='bbox 888 1921 968 1950; x_wconf 89' lang='lat' dir='ltr'>Tam</span> <span class='ocrx_word' id='word_1_224' title='bbox 992 1920 1041 1950; x_wconf 91' lang='lat' dir='ltr'>bo.</span> <span class='ocrx_word' id='word_1_225' title='bbox 1069 1923 1168 1961; x_wconf 28' lang='lat' dir='ltr'>est-7.</span> <span class='ocrx_word' id='word_1_226' title='bbox 1207 1917 1291 1948; x_wconf 84' lang='lat' dir='ltr'>conf.</span> <span class='ocrx_word' id='word_1_227' title='bbox 1319 1917 1361 1948; x_wconf 85' lang='lat' dir='ltr'>C:</span> <span class='ocrx_word' id='word_1_228' title='bbox 1390 1918 1524 1949; x_wconf 74' lang='lat' dir='ltr'>‘idoneus</span> <span class='ocrx_word' id='word_1_229' title='bbox 1550 1919 1620 1949; x_wconf 79' lang='lat' dir='ltr'>dan.</span> <span class='ocrx_word' id='word_1_230' title='bbox 1647 1920 1708 1950; x_wconf 88' lang='lat' dir='ltr'>hoc</span> <span class='ocrx_word' id='word_1_231' title='bbox 1734 1924 1783 1950; x_wconf 88' lang='lat' dir='ltr'>est</span> <span class='ocrx_word' id='word_1_232' title='bbox 1808 1924 1876 1950; x_wconf 84' lang='lat' dir='ltr'>tam</span> <span class='ocrx_word' id='word_1_233' title='bbox 1900 1929 1991 1959; x_wconf 86' lang='lat' dir='ltr'>mag-</span> 
     </span>
     <span class='ocr_line' id='line_1_27' title="bbox 153 1975 1990 2018; baseline -0.002 -8"><span class='ocrx_word' id='word_1_234' title='bbox 153 1990 212 2011; x_wconf 87' lang='lat' dir='ltr'>nus</span> <span class='ocrx_word' id='word_1_235' title='bbox 239 1984 298 2017; x_wconf 84' lang='lat' dir='ltr'>est,</span> <span class='ocrx_word' id='word_1_236' title='bbox 325 1984 361 2010; x_wconf 86' lang='lat' dir='ltr'>ut</span> <span class='ocrx_word' id='word_1_237' title='bbox 387 1981 442 2010; x_wconf 85' lang='lat' dir='ltr'>det</span> <span class='ocrx_word' id='word_1_238' title='bbox 467 1989 583 2010; x_wconf 87' lang='lat' dir='ltr'>nomen</span> <span class='ocrx_word' id='word_1_239' title='bbox 609 1980 689 2015; x_wconf 84' lang='lat' dir='ltr'>rino,</span> <span class='ocrx_word' id='word_1_240' title='bbox 728 1979 783 2017; x_wconf 88' lang='lat' dir='ltr'>qui</span> <span class='ocrx_word' id='word_1_241' title='bbox 808 1978 965 2016; x_wconf 80' lang='lat' dir='ltr'>Digentia</span> <span class='ocrx_word' id='word_1_242' title='bbox 990 1977 1131 2006; x_wconf 82' lang='lat' dir='ltr'>dicitur.&#39;</span> <span class='ocrx_word' id='word_1_243' title='bbox 1148 1994 1187 1996; x_wconf 87' lang='lat'><strong>—</strong></span> <span class='ocrx_word' id='word_1_244' title='bbox 1205 1976 1224 2005; x_wconf 93' lang='lat' dir='ltr'>i.</span> <span class='ocrx_word' id='word_1_245' title='bbox 1244 1975 1417 2006; x_wconf 73' lang='lat' dir='ltr'>threiciam.</span> <span class='ocrx_word' id='word_1_246' title='bbox 1443 1986 1470 2018; x_wconf 85' lang='grc' dir='ltr'><strong>γ.</strong></span> <span class='ocrx_word' id='word_1_247' title='bbox 1497 1976 1536 2007; x_wconf 87' lang='lat' dir='ltr'>cf.</span> <span class='ocrx_word' id='word_1_248' title='bbox 1559 1976 1602 2006; x_wconf 93' lang='lat' dir='ltr'>C:</span> <span class='ocrx_word' id='word_1_249' title='bbox 1633 1976 1809 2007; x_wconf 74' lang='lat' dir='ltr'>Thraciam.</span> <span class='ocrx_word' id='word_1_250' title='bbox 1835 1978 1904 2008; x_wconf 89' lang='lat' dir='ltr'>rell.</span> <span class='ocrx_word' id='word_1_251' title='bbox 1930 1987 1990 2008; x_wconf 89' lang='lat' dir='ltr'>om.</span> 
     </span>
     <span class='ocr_line' id='line_1_28' title="bbox 155 2032 1990 2078; baseline -0.002 -11"><span class='ocrx_word' id='word_1_252' title='bbox 155 2038 190 2076; x_wconf 88' lang='lat'>3)</span> <span class='ocrx_word' id='word_1_253' title='bbox 217 2038 324 2076; x_wconf 83' lang='lat' dir='ltr'>Aegro</span> <span class='ocrx_word' id='word_1_254' title='bbox 349 2047 375 2078; x_wconf 78' lang='grc' dir='ltr'><strong>γ.</strong></span> <span class='ocrx_word' id='word_1_255' title='bbox 402 2037 472 2066; x_wconf 90' lang='lat' dir='ltr'>rell.</span> <span class='ocrx_word' id='word_1_256' title='bbox 501 2046 561 2066; x_wconf 89' lang='lat' dir='ltr'>om.</span> <span class='ocrx_word' id='word_1_257' title='bbox 588 2052 631 2058; x_wconf 84' lang='lat'>--·</span> <span class='ocrx_word' id='word_1_258' title='bbox 656 2035 699 2065; x_wconf 88' lang='lat' dir='ltr'>Et</span> <span class='ocrx_word' id='word_1_259' title='bbox 736 2036 777 2065; x_wconf 85' lang='lat' dir='ltr'>ad</span> <span class='ocrx_word' id='word_1_260' title='bbox 814 2035 874 2065; x_wconf 88' lang='lat' dir='ltr'>dol.</span> <span class='ocrx_word' id='word_1_261' title='bbox 904 2052 942 2055; x_wconf 43' lang='grc' dir='ltr'>»ψ</span> <span class='ocrx_word' id='word_1_262' title='bbox 969 2034 1060 2064; x_wconf 85' lang='lat' dir='ltr'>utilis</span> <span class='ocrx_word' id='word_1_263' title='bbox 1087 2037 1135 2063; x_wconf 80' lang='lat' dir='ltr'>est</span> <span class='ocrx_word' id='word_1_264' title='bbox 1160 2043 1185 2074; x_wconf 80' lang='grc' dir='ltr'><strong>γ.</strong></span> <span class='ocrx_word' id='word_1_265' title='bbox 1212 2033 1282 2062; x_wconf 85' lang='lat' dir='ltr'>rell.</span> <span class='ocrx_word' id='word_1_266' title='bbox 1310 2043 1370 2062; x_wconf 89' lang='lat' dir='ltr'>om.</span> <span class='ocrx_word' id='word_1_267' title='bbox 1437 2032 1472 2073; x_wconf 86' lang='lat'>5)</span> <span class='ocrx_word' id='word_1_268' title='bbox 1499 2033 1598 2064; x_wconf 83' lang='lat' dir='ltr'>Sedes</span> <span class='ocrx_word' id='word_1_269' title='bbox 1624 2044 1648 2064; x_wconf 81' lang='lat' dir='ltr'>S.</span> <span class='ocrx_word' id='word_1_270' title='bbox 1674 2044 1725 2073; x_wconf 86' lang='lat' dir='ltr'>ag.</span> <span class='ocrx_word' id='word_1_271' title='bbox 1753 2035 1816 2064; x_wconf 86' lang='lat' dir='ltr'>mei</span> <span class='ocrx_word' id='word_1_272' title='bbox 1840 2044 1868 2076; x_wconf 86' lang='grc' dir='ltr'><strong>γ.</strong></span> <span class='ocrx_word' id='word_1_273' title='bbox 1908 2033 1990 2064; x_wconf 82' lang='lat' dir='ltr'>conf.</span> 
     </span>
     <span class='ocr_line' id='line_1_29' title="bbox 155 2089 1991 2133; baseline -0.002 -9"><span class='ocrx_word' id='word_1_274' title='bbox 155 2094 198 2125; x_wconf 89' lang='lat' dir='ltr'>C:</span> <span class='ocrx_word' id='word_1_275' title='bbox 225 2095 296 2132; x_wconf 84' lang='lat' dir='ltr'>agri</span> <span class='ocrx_word' id='word_1_276' title='bbox 337 2095 409 2132; x_wconf 88' lang='lat' dir='ltr'>mei,</span> <span class='ocrx_word' id='word_1_277' title='bbox 448 2094 526 2123; x_wconf 79' lang='lat' dir='ltr'>haec</span> <span class='ocrx_word' id='word_1_278' title='bbox 563 2102 633 2123; x_wconf 84' lang='lat' dir='ltr'>mea</span> <span class='ocrx_word' id='word_1_279' title='bbox 669 2092 783 2122; x_wconf 83' lang='lat' dir='ltr'>sedes.⁷</span> <span class='ocrx_word' id='word_1_280' title='bbox 846 2092 879 2130; x_wconf 83' lang='grc'>6)</span> <span class='ocrx_word' id='word_1_281' title='bbox 906 2100 996 2129; x_wconf 83' lang='lat' dir='ltr'>grau.</span> <span class='ocrx_word' id='word_1_282' title='bbox 1022 2094 1162 2128; x_wconf 78' lang='lat' dir='ltr'>regnant</span> <span class='ocrx_word' id='word_1_283' title='bbox 1186 2090 1289 2119; x_wconf 87' lang='lat' dir='ltr'>morbi</span> <span class='ocrx_word' id='word_1_284' title='bbox 1315 2089 1350 2119; x_wconf 81' lang='lat' dir='ltr'>C.</span> <span class='ocrx_word' id='word_1_285' title='bbox 1417 2091 1450 2130; x_wconf 87' lang='grc'>7)</span> <span class='ocrx_word' id='word_1_286' title='bbox 1477 2091 1539 2121; x_wconf 82' lang='lat' dir='ltr'>Hoc</span> <span class='ocrx_word' id='word_1_287' title='bbox 1565 2094 1614 2120; x_wconf 85' lang='lat' dir='ltr'>est</span> <span class='ocrx_word' id='word_1_288' title='bbox 1637 2100 1664 2133; x_wconf 82' lang='grc' dir='ltr'>γ.</span> <span class='ocrx_word' id='word_1_289' title='bbox 1692 2090 1774 2121; x_wconf 88' lang='lat' dir='ltr'>conf.</span> <span class='ocrx_word' id='word_1_290' title='bbox 1803 2090 1844 2121; x_wconf 89' lang='lat' dir='ltr'>C:</span> <span class='ocrx_word' id='word_1_291' title='bbox 1872 2090 1941 2121; x_wconf 85' lang='lat' dir='ltr'>Hoc</span> <span class='ocrx_word' id='word_1_292' title='bbox 1964 2100 1991 2133; x_wconf 85' lang='grc' dir='ltr'><strong>γ.</strong></span> 
     </span>
     <span class='ocr_line' id='line_1_30' title="bbox 154 2147 1991 2190; baseline -0.002 -9"><span class='ocrx_word' id='word_1_293' title='bbox 154 2152 224 2182; x_wconf 88' lang='lat' dir='ltr'>rell.</span> <span class='ocrx_word' id='word_1_294' title='bbox 251 2151 298 2180; x_wconf 87' lang='lat' dir='ltr'>Id.</span> <span class='ocrx_word' id='word_1_295' title='bbox 325 2156 384 2181; x_wconf 80' lang='lat' dir='ltr'>tam</span> <span class='ocrx_word' id='word_1_296' title='bbox 408 2161 432 2181; x_wconf 85' lang='lat' dir='ltr'>r.</span> <span class='ocrx_word' id='word_1_297' title='bbox 458 2150 545 2181; x_wconf 74' lang='lat' dir='ltr'>ucuz&#39;s</span> <span class='ocrx_word' id='word_1_298' title='bbox 569 2160 657 2189; x_wconf 77' lang='lat' dir='ltr'>quam</span> <span class='ocrx_word' id='word_1_299' title='bbox 681 2149 743 2179; x_wconf 87' lang='lat' dir='ltr'>fert</span> <span class='ocrx_word' id='word_1_300' title='bbox 768 2159 795 2179; x_wconf 92' lang='lat' dir='ltr'>o.</span> <span class='ocrx_word' id='word_1_301' title='bbox 822 2152 878 2177; x_wconf 82' lang='lat' dir='ltr'>tua</span> <span class='ocrx_word' id='word_1_302' title='bbox 894 2158 920 2189; x_wconf 76' lang='grc' dir='ltr'><strong>γ.</strong></span> <span class='ocrx_word' id='word_1_303' title='bbox 985 2148 1019 2186; x_wconf 89' lang='grc'>8)</span> <span class='ocrx_word' id='word_1_304' title='bbox 1047 2147 1109 2176; x_wconf 84' lang='lat' dir='ltr'>Hic</span> <span class='ocrx_word' id='word_1_305' title='bbox 1124 2164 1163 2167; x_wconf 55' lang='lat'>—</span> <span class='ocrx_word' id='word_1_306' title='bbox 1183 2147 1402 2176; x_wconf 82' lang='lat' dir='ltr'>conscientiae</span> <span class='ocrx_word' id='word_1_307' title='bbox 1426 2157 1452 2190; x_wconf 81' lang='grc' dir='ltr'><strong>γ.</strong></span> <span class='ocrx_word' id='word_1_308' title='bbox 1472 2148 1541 2177; x_wconf 90' lang='lat' dir='ltr'>rell.</span> <span class='ocrx_word' id='word_1_309' title='bbox 1561 2158 1623 2177; x_wconf 85' lang='lat' dir='ltr'>om.</span> <span class='ocrx_word' id='word_1_310' title='bbox 1690 2148 1724 2187; x_wconf 75' lang='grc'>9)</span> <span class='ocrx_word' id='word_1_311' title='bbox 1749 2157 1785 2177; x_wconf 78' lang='lat' dir='ltr'>ne</span> <span class='ocrx_word' id='word_1_312' title='bbox 1808 2151 1841 2177; x_wconf 89' lang='lat' dir='ltr'>te</span> <span class='ocrx_word' id='word_1_313' title='bbox 1866 2148 1991 2186; x_wconf 85' lang='lat' dir='ltr'>quaesi-</span> 
     </span>
     <span class='ocr_line' id='line_1_31' title="bbox 154 2204 1990 2251; baseline -0.002 -13"><span class='ocrx_word' id='word_1_314' title='bbox 154 2208 235 2238; x_wconf 78' lang='lat' dir='ltr'>ueris</span> <span class='ocrx_word' id='word_1_315' title='bbox 260 2219 286 2251; x_wconf 82' lang='grc' dir='ltr'><strong>γ.</strong></span> <span class='ocrx_word' id='word_1_316' title='bbox 313 2209 382 2239; x_wconf 88' lang='lat' dir='ltr'>rell.</span> <span class='ocrx_word' id='word_1_317' title='bbox 408 2218 470 2239; x_wconf 89' lang='lat' dir='ltr'>om.</span> <span class='ocrx_word' id='word_1_318' title='bbox 498 2208 535 2237; x_wconf 84' lang='lat' dir='ltr'>‘si</span> <span class='ocrx_word' id='word_1_319' title='bbox 562 2211 621 2236; x_wconf 78' lang='lat' dir='ltr'>tam</span> <span class='ocrx_word' id='word_1_320' title='bbox 646 2210 729 2236; x_wconf 85' lang='lat' dir='ltr'>recte</span> <span class='ocrx_word' id='word_1_321' title='bbox 754 2205 843 2243; x_wconf 71' lang='lat' dir='ltr'>uiuis,</span> <span class='ocrx_word' id='word_1_322' title='bbox 872 2204 1043 2244; x_wconf 74' lang='lat' dir='ltr'>qaamfert</span> <span class='ocrx_word' id='word_1_323' title='bbox 1067 2204 1172 2242; x_wconf 89' lang='lat' dir='ltr'>opinio</span> <span class='ocrx_word' id='word_1_324' title='bbox 1196 2204 1285 2232; x_wconf 81' lang='lat' dir='ltr'>mea.&#39;</span> <span class='ocrx_word' id='word_1_325' title='bbox 1323 2204 1421 2234; x_wconf 82' lang='lat' dir='ltr'>vcafh</span> <span class='ocrx_word' id='word_1_326' title='bbox 1448 2205 1534 2234; x_wconf 89' lang='lat' dir='ltr'>inter</span> <span class='ocrx_word' id='word_1_327' title='bbox 1559 2214 1592 2234; x_wconf 87' lang='lat' dir='ltr'>se</span> <span class='ocrx_word' id='word_1_328' title='bbox 1619 2204 1790 2234; x_wconf 84' lang='lat' dir='ltr'>differunt:</span> <span class='ocrx_word' id='word_1_329' title='bbox 1828 2205 1861 2234; x_wconf 88' lang='lat' dir='ltr'>id</span> <span class='ocrx_word' id='word_1_330' title='bbox 1889 2209 1938 2235; x_wconf 85' lang='lat' dir='ltr'>est</span> <span class='ocrx_word' id='word_1_331' title='bbox 1963 2205 1990 2234; x_wconf 89' lang='lat' dir='ltr'>si</span> 
     </span>
     <span class='ocr_line' id='line_1_32' title="bbox 155 2261 1992 2304; baseline -0.002 -9"><span class='ocrx_word' id='word_1_332' title='bbox 155 2270 214 2295; x_wconf 80' lang='lat' dir='ltr'>iam</span> <span class='ocrx_word' id='word_1_333' title='bbox 240 2270 324 2295; x_wconf 86' lang='lat' dir='ltr'>recte</span> <span class='ocrx_word' id='word_1_334' title='bbox 350 2267 448 2302; x_wconf 78' lang='lat' dir='ltr'>uiues,</span> <span class='ocrx_word' id='word_1_335' title='bbox 487 2269 521 2294; x_wconf 85' lang='lat' dir='ltr'>ut</span> <span class='ocrx_word' id='word_1_336' title='bbox 536 2264 609 2304; x_wconf 82' lang='lat' dir='ltr'>sert</span> <span class='ocrx_word' id='word_1_337' title='bbox 631 2274 679 2302; x_wconf 85' lang='lat' dir='ltr'>op.</span> <span class='ocrx_word' id='word_1_338' title='bbox 707 2268 764 2293; x_wconf 84' lang='lat' dir='ltr'>tua</span> <span class='ocrx_word' id='word_1_339' title='bbox 788 2273 836 2292; x_wconf 82' lang='lat' dir='ltr'>v.:</span> <span class='ocrx_word' id='word_1_340' title='bbox 873 2262 910 2290; x_wconf 82' lang='lat' dir='ltr'>Id</span> <span class='ocrx_word' id='word_1_341' title='bbox 937 2265 986 2291; x_wconf 86' lang='lat' dir='ltr'>est</span> <span class='ocrx_word' id='word_1_342' title='bbox 1011 2266 1071 2290; x_wconf 83' lang='lat' dir='ltr'>tam</span> <span class='ocrx_word' id='word_1_343' title='bbox 1095 2271 1119 2290; x_wconf 91' lang='lat' dir='ltr'>r.</span> <span class='ocrx_word' id='word_1_344' title='bbox 1145 2261 1240 2295; x_wconf 74' lang='lat' dir='ltr'>uiues⁷</span> <span class='ocrx_word' id='word_1_345' title='bbox 1278 2265 1310 2290; x_wconf 76' lang='lat' dir='ltr'>ut</span> <span class='ocrx_word' id='word_1_346' title='bbox 1332 2262 1431 2291; x_wconf 74' lang='lat' dir='ltr'>refert</span> <span class='ocrx_word' id='word_1_347' title='bbox 1456 2271 1504 2299; x_wconf 88' lang='lat' dir='ltr'>op.</span> <span class='ocrx_word' id='word_1_348' title='bbox 1530 2265 1587 2291; x_wconf 84' lang='lat' dir='ltr'>tua</span> <span class='ocrx_word' id='word_1_349' title='bbox 1612 2272 1627 2291; x_wconf 88' lang='lat' dir='ltr'>c</span> <span class='ocrx_word' id='word_1_350' title='bbox 1665 2261 1742 2302; x_wconf 83' lang='lat' dir='ltr'>(om.</span> <span class='ocrx_word' id='word_1_351' title='bbox 1768 2261 1802 2290; x_wconf 73' lang='lat' dir='ltr'>id</span> <span class='ocrx_word' id='word_1_352' title='bbox 1824 2264 1868 2291; x_wconf 77' lang='lat' dir='ltr'>est</span> <span class='ocrx_word' id='word_1_353' title='bbox 1893 2262 1930 2301; x_wconf 93' lang='lat' dir='ltr'>i).</span> <span class='ocrx_word' id='word_1_354' title='bbox 1955 2265 1992 2291; x_wconf 89' lang='lat' dir='ltr'>tu</span> 
     </span>
    </p>
   </div>
   <div class='ocr_carea' id='block_1_7' title="bbox 155 2317 2148 2360">
    <p class='ocr_par' dir='ltr' id='par_1_16' title="bbox 155 2315 2148 2360">
     <span class='ocr_line' id='line_1_33' title="bbox 155 2317 2148 2360; baseline -0.003 -8"><span class='ocrx_word' id='word_1_355' title='bbox 155 2327 241 2353; x_wconf 85' lang='lat' dir='ltr'>recte</span> <span class='ocrx_word' id='word_1_356' title='bbox 267 2324 364 2360; x_wconf 83' lang='lat' dir='ltr'>uiues,</span> <span class='ocrx_word' id='word_1_357' title='bbox 389 2322 417 2352; x_wconf 80' lang='lat' dir='ltr'>si</span> <span class='ocrx_word' id='word_1_358' title='bbox 438 2326 472 2351; x_wconf 77' lang='lat' dir='ltr'>ut</span> <span class='ocrx_word' id='word_1_359' title='bbox 496 2322 590 2351; x_wconf 86' lang='lat' dir='ltr'>refert</span> <span class='ocrx_word' id='word_1_360' title='bbox 615 2321 723 2359; x_wconf 85' lang='lat' dir='ltr'>opinio</span> <span class='ocrx_word' id='word_1_361' title='bbox 749 2320 783 2349; x_wconf 79' lang='lat' dir='ltr'>de</span> <span class='ocrx_word' id='word_1_362' title='bbox 808 2324 833 2349; x_wconf 78' lang='lat' dir='ltr'>te</span> <span class='ocrx_word' id='word_1_363' title='bbox 858 2328 885 2348; x_wconf 86' lang='lat' dir='ltr'>a.</span> <span class='ocrx_word' id='word_1_364' title='bbox 913 2319 951 2347; x_wconf 82' lang='lat' dir='ltr'>Id</span> <span class='ocrx_word' id='word_1_365' title='bbox 977 2322 1035 2354; x_wconf 82' lang='lat' dir='ltr'>est,</span> <span class='ocrx_word' id='word_1_366' title='bbox 1062 2319 1089 2347; x_wconf 83' lang='lat' dir='ltr'>si</span> <span class='ocrx_word' id='word_1_367' title='bbox 1114 2317 1174 2346; x_wconf 70' lang='lat' dir='ltr'>iam</span> <span class='ocrx_word' id='word_1_368' title='bbox 1198 2327 1222 2346; x_wconf 87' lang='lat' dir='ltr'>r.</span> <span class='ocrx_word' id='word_1_369' title='bbox 1249 2318 1345 2352; x_wconf 80' lang='lat' dir='ltr'>uiues.</span> <span class='ocrx_word' id='word_1_370' title='bbox 1383 2321 1418 2348; x_wconf 86' lang='lat' dir='ltr'>ut</span> <span class='ocrx_word' id='word_1_371' title='bbox 1443 2319 1499 2348; x_wconf 86' lang='lat' dir='ltr'>ref.</span> <span class='ocrx_word' id='word_1_372' title='bbox 1528 2327 1578 2356; x_wconf 89' lang='lat' dir='ltr'>op.</span> <span class='ocrx_word' id='word_1_373' title='bbox 1605 2322 1661 2348; x_wconf 85' lang='lat' dir='ltr'>tua</span> <span class='ocrx_word' id='word_1_374' title='bbox 1686 2319 1733 2347; x_wconf 87' lang='lat' dir='ltr'>fh.</span> <span class='ocrx_word' id='word_1_375' title='bbox 1800 2318 1855 2357; x_wconf 85' lang='lat'>10)</span> <span class='ocrx_word' id='word_1_376' title='bbox 1883 2328 1907 2348; x_wconf 92' lang='lat' dir='ltr'>s.</span> <span class='ocrx_word' id='word_1_377' title='bbox 1935 2327 1992 2348; x_wconf 85' lang='lat' dir='ltr'>ex-</span> <span class='ocrx_word' id='word_1_378' title='bbox 2109 2331 2148 2354; x_wconf 34' lang='grc' dir='ltr'>,μμ</span> 
     </span>
    </p>
   </div>
   <div class='ocr_carea' id='block_1_8' title="bbox 155 2369 1991 2474">
    <p class='ocr_par' dir='ltr' id='par_1_17' title="bbox 155 2369 1991 2474">
     <span class='ocr_line' id='line_1_34' title="bbox 156 2369 1991 2421; baseline -0.003 -12"><span class='ocrx_word' id='word_1_379' title='bbox 156 2383 250 2418; x_wconf 73' lang='lat' dir='ltr'>cepto·</span> <span class='ocrx_word' id='word_1_380' title='bbox 271 2389 298 2421; x_wconf 77' lang='grc' dir='ltr'><strong>γ.</strong></span> <span class='ocrx_word' id='word_1_381' title='bbox 326 2379 395 2408; x_wconf 88' lang='lat' dir='ltr'>rell.</span> <span class='ocrx_word' id='word_1_382' title='bbox 421 2388 479 2408; x_wconf 89' lang='lat' dir='ltr'>om.</span> <span class='ocrx_word' id='word_1_383' title='bbox 506 2379 642 2416; x_wconf 86' lang='lat' dir='ltr'>Propter</span> <span class='ocrx_word' id='word_1_384' title='bbox 668 2386 734 2415; x_wconf 83' lang='lat' dir='ltr'>sap.</span> <span class='ocrx_word' id='word_1_385' title='bbox 762 2381 793 2405; x_wconf 82' lang='lat' dir='ltr'>et</span> <span class='ocrx_word' id='word_1_386' title='bbox 817 2377 866 2405; x_wconf 90' lang='lat' dir='ltr'>bo.</span> <span class='ocrx_word' id='word_1_387' title='bbox 896 2384 921 2417; x_wconf 77' lang='grc' dir='ltr'><strong>γ.</strong></span> <span class='ocrx_word' id='word_1_388' title='bbox 959 2375 1040 2405; x_wconf 85' lang='lat' dir='ltr'>conf.</span> <span class='ocrx_word' id='word_1_389' title='bbox 1070 2374 1110 2404; x_wconf 89' lang='lat' dir='ltr'>C:</span> <span class='ocrx_word' id='word_1_390' title='bbox 1150 2369 1284 2403; x_wconf 68' lang='lat' dir='ltr'>‘beatum</span> <span class='ocrx_word' id='word_1_391' title='bbox 1312 2376 1415 2413; x_wconf 89' lang='lat' dir='ltr'>suppl.</span> <span class='ocrx_word' id='word_1_392' title='bbox 1441 2385 1511 2405; x_wconf 78' lang='lat' dir='ltr'>esse.</span> <span class='ocrx_word' id='word_1_393' title='bbox 1537 2385 1573 2405; x_wconf 82' lang='lat' dir='ltr'>ne</span> <span class='ocrx_word' id='word_1_394' title='bbox 1597 2375 1647 2405; x_wconf 77' lang='lat' dir='ltr'>cai</span> <span class='ocrx_word' id='word_1_395' title='bbox 1672 2375 1719 2414; x_wconf 82' lang='lat' dir='ltr'>(u.</span> <span class='ocrx_word' id='word_1_396' title='bbox 1747 2374 1814 2414; x_wconf 87' lang='grc'>19).</span> <span class='ocrx_word' id='word_1_397' title='bbox 1852 2375 1894 2404; x_wconf 87' lang='lat' dir='ltr'>ali</span> <span class='ocrx_word' id='word_1_398' title='bbox 1930 2375 1991 2404; x_wconf 81' lang='lat' dir='ltr'>cui.</span> 
     </span>
     <span class='ocr_line' id='line_1_35' title="bbox 155 2431 1991 2474; baseline -0.002 -10"><span class='ocrx_word' id='word_1_399' title='bbox 155 2436 246 2466; x_wconf 80' lang='lat' dir='ltr'>aliam</span> <span class='ocrx_word' id='word_1_400' title='bbox 271 2435 403 2474; x_wconf 75' lang='lat' dir='ltr'>sapiente</span> <span class='ocrx_word' id='word_1_401' title='bbox 427 2435 470 2464; x_wconf 84' lang='lat' dir='ltr'>bo.</span> <span class='ocrx_word' id='word_1_402' title='bbox 496 2438 622 2473; x_wconf 81' lang='lat' dir='ltr'>praeter</span> <span class='ocrx_word' id='word_1_403' title='bbox 648 2435 840 2472; x_wconf 79' lang='lat' dir='ltr'>sapientem,</span> <span class='ocrx_word' id='word_1_404' title='bbox 868 2436 899 2462; x_wconf 85' lang='lat' dir='ltr'>et</span> <span class='ocrx_word' id='word_1_405' title='bbox 924 2433 1052 2469; x_wconf 88' lang='lat' dir='ltr'>bonum,</span> <span class='ocrx_word' id='word_1_406' title='bbox 1092 2432 1252 2461; x_wconf 87' lang='lat' dir='ltr'>neminem</span> <span class='ocrx_word' id='word_1_407' title='bbox 1280 2441 1349 2461; x_wconf 83' lang='lat' dir='ltr'>esse</span> <span class='ocrx_word' id='word_1_408' title='bbox 1374 2433 1524 2470; x_wconf 60' lang='lat' dir='ltr'>beatum.⁴</span> <span class='ocrx_word' id='word_1_409' title='bbox 1592 2431 1648 2470; x_wconf 87' lang='lat'>12)</span> <span class='ocrx_word' id='word_1_410' title='bbox 1676 2433 1735 2462; x_wconf 91' lang='lat' dir='ltr'>hoc</span> <span class='ocrx_word' id='word_1_411' title='bbox 1771 2432 1870 2461; x_wconf 83' lang='lat' dir='ltr'>schol.</span> <span class='ocrx_word' id='word_1_412' title='bbox 1909 2440 1991 2461; x_wconf 90' lang='lat' dir='ltr'>omn.</span> 
     </span>
    </p>
   </div>
   <div class='ocr_carea' id='block_1_9' title="bbox 155 2488 2053 2586">
    <p class='ocr_par' dir='ltr' id='par_1_18' title="bbox 155 2488 2053 2590">
     <span class='ocr_line' id='line_1_36' title="bbox 155 2488 2053 2531; baseline -0.003 -9"><span class='ocrx_word' id='word_1_413' title='bbox 155 2493 229 2522; x_wconf 83' lang='lat' dir='ltr'>libri</span> <span class='ocrx_word' id='word_1_414' title='bbox 250 2493 296 2529; x_wconf 78' lang='lat' dir='ltr'>(et</span> <span class='ocrx_word' id='word_1_415' title='bbox 316 2491 356 2531; x_wconf 84' lang='lat' dir='ltr'>C)</span> <span class='ocrx_word' id='word_1_416' title='bbox 375 2493 505 2522; x_wconf 86' lang='lat' dir='ltr'>habent.</span> <span class='ocrx_word' id='word_1_417' title='bbox 560 2492 615 2530; x_wconf 88' lang='grc'>13)</span> <span class='ocrx_word' id='word_1_418' title='bbox 641 2490 725 2521; x_wconf 63' lang='lat' dir='ltr'>febri</span> <span class='ocrx_word' id='word_1_419' title='bbox 750 2500 824 2524; x_wconf 89' lang='lat' dir='ltr'>non,</span> <span class='ocrx_word' id='word_1_420' title='bbox 852 2500 911 2519; x_wconf 87' lang='lat' dir='ltr'>om.</span> <span class='ocrx_word' id='word_1_421' title='bbox 940 2499 973 2519; x_wconf 87' lang='lat' dir='ltr'>se</span> <span class='ocrx_word' id='word_1_422' title='bbox 997 2498 1023 2531; x_wconf 78' lang='grc' dir='ltr'><strong>γ.</strong></span> <span class='ocrx_word' id='word_1_423' title='bbox 1050 2488 1121 2518; x_wconf 89' lang='lat' dir='ltr'>rell.</span> <span class='ocrx_word' id='word_1_424' title='bbox 1148 2489 1234 2518; x_wconf 81' lang='lat' dir='ltr'>febre</span> <span class='ocrx_word' id='word_1_425' title='bbox 1257 2497 1287 2517; x_wconf 82' lang='lat' dir='ltr'>se</span> <span class='ocrx_word' id='word_1_426' title='bbox 1312 2498 1385 2518; x_wconf 89' lang='lat' dir='ltr'>non.</span> <span class='ocrx_word' id='word_1_427' title='bbox 1412 2488 1495 2518; x_wconf 81' lang='lat' dir='ltr'>febri</span> <span class='ocrx_word' id='word_1_428' title='bbox 1511 2489 1672 2518; x_wconf 82' lang='lat' dir='ltr'>ablatiuus</span> <span class='ocrx_word' id='word_1_429' title='bbox 1691 2488 1890 2526; x_wconf 83' lang='lat' dir='ltr'>frequentior</span> <span class='ocrx_word' id='word_1_430' title='bbox 1907 2488 1992 2526; x_wconf 85' lang='lat' dir='ltr'>apud</span> <span class='ocrx_word' id='word_1_431' title='bbox 2052 2508 2053 2512; x_wconf 72' lang='lat'>.</span> 
     </span>
     <span class='ocr_line' id='line_1_37' title="bbox 156 2539 2053 2586; baseline -0.003 -7"><span class='ocrx_word' id='word_1_432' title='bbox 156 2549 221 2580; x_wconf 80' lang='lat' dir='ltr'>Cic.</span> <span class='ocrx_word' id='word_1_433' title='bbox 247 2548 314 2579; x_wconf 81' lang='lat' dir='ltr'>Cat.</span> <span class='ocrx_word' id='word_1_434' title='bbox 341 2549 366 2585; x_wconf 85' lang='grc' dir='ltr'>Ι,</span> <span class='ocrx_word' id='word_1_435' title='bbox 397 2551 445 2579; x_wconf 86' lang='grc'>13.</span> <span class='ocrx_word' id='word_1_436' title='bbox 472 2548 513 2586; x_wconf 82' lang='grc'>11,</span> <span class='ocrx_word' id='word_1_437' title='bbox 544 2549 594 2578; x_wconf 78' lang='lat'>14.</span> <span class='ocrx_word' id='word_1_438' title='bbox 621 2549 660 2577; x_wconf 83' lang='lat' dir='ltr'>ad</span> <span class='ocrx_word' id='word_1_439' title='bbox 687 2548 763 2577; x_wconf 89' lang='lat' dir='ltr'>Diu.</span> <span class='ocrx_word' id='word_1_440' title='bbox 782 2547 867 2583; x_wconf 81' lang='lat' dir='ltr'>XVI,</span> <span class='ocrx_word' id='word_1_441' title='bbox 891 2547 941 2576; x_wconf 82' lang='lat'>15.</span> <span class='ocrx_word' id='word_1_442' title='bbox 994 2547 1048 2585; x_wconf 83' lang='grc'>14)</span> <span class='ocrx_word' id='word_1_443' title='bbox 1076 2546 1262 2581; x_wconf 85' lang='lat' dir='ltr'>reddantur,</span> <span class='ocrx_word' id='word_1_444' title='bbox 1289 2550 1316 2574; x_wconf 77' lang='lat' dir='ltr'>et</span> <span class='ocrx_word' id='word_1_445' title='bbox 1340 2546 1420 2575; x_wconf 73' lang='lat' dir='ltr'>sicat</span> <span class='ocrx_word' id='word_1_446' title='bbox 1432 2546 1457 2575; x_wconf 77' lang='lat' dir='ltr'>z&#39;s</span> <span class='ocrx_word' id='word_1_447' title='bbox 1483 2550 1531 2575; x_wconf 88' lang='lat' dir='ltr'>est</span> <span class='ocrx_word' id='word_1_448' title='bbox 1558 2546 1690 2583; x_wconf 82' lang='lat' dir='ltr'>stultus,</span> <span class='ocrx_word' id='word_1_449' title='bbox 1717 2546 1772 2584; x_wconf 89' lang='lat' dir='ltr'>qui</span> <span class='ocrx_word' id='word_1_450' title='bbox 1799 2555 1828 2583; x_wconf 92' lang='lat' dir='ltr'>p.</span> <span class='ocrx_word' id='word_1_451' title='bbox 1854 2555 1898 2575; x_wconf 82' lang='lat' dir='ltr'>cr.</span> <span class='ocrx_word' id='word_1_452' title='bbox 1923 2544 1992 2575; x_wconf 78' lang='lat' dir='ltr'>aliis</span> <span class='ocrx_word' id='word_1_453' title='bbox 2052 2539 2053 2580; x_wconf 59' lang='lat' dir='ltr'>l</span> 
     </span>
    </p>
   </div>
   <div class='ocr_carea' id='block_1_10' title="bbox 157 2601 2052 2701">
    <p class='ocr_par' dir='ltr' id='par_1_19' title="bbox 157 2601 2052 2707">
     <span class='ocr_line' id='line_1_38' title="bbox 157 2601 2052 2648; baseline -0.002 -14"><span class='ocrx_word' id='word_1_454' title='bbox 157 2617 185 2645; x_wconf 82' lang='lat' dir='ltr'>q.</span> <span class='ocrx_word' id='word_1_455' title='bbox 214 2617 238 2635; x_wconf 83' lang='lat' dir='ltr'>s.</span> <span class='ocrx_word' id='word_1_456' title='bbox 265 2616 335 2636; x_wconf 78' lang='lat' dir='ltr'>cum</span> <span class='ocrx_word' id='word_1_457' title='bbox 361 2606 472 2636; x_wconf 75' lang='lat' dir='ltr'>haheat</span> <span class='ocrx_word' id='word_1_458' title='bbox 495 2605 584 2636; x_wconf 88' lang='lat' dir='ltr'>febre</span> <span class='ocrx_word' id='word_1_459' title='bbox 610 2606 651 2634; x_wconf 91' lang='lat' dir='ltr'>ui.</span> <span class='ocrx_word' id='word_1_460' title='bbox 679 2609 778 2634; x_wconf 86' lang='lat' dir='ltr'>ment.</span> <span class='ocrx_word' id='word_1_461' title='bbox 806 2605 976 2641; x_wconf 81' lang='lat' dir='ltr'>repletam:</span> <span class='ocrx_word' id='word_1_462' title='bbox 1002 2603 1045 2632; x_wconf 72' lang='lat' dir='ltr'>ita</span> <span class='ocrx_word' id='word_1_463' title='bbox 1068 2613 1128 2632; x_wconf 76' lang='lat' dir='ltr'>non</span> <span class='ocrx_word' id='word_1_464' title='bbox 1152 2606 1195 2631; x_wconf 75' lang='lat' dir='ltr'>est</span> <span class='ocrx_word' id='word_1_465' title='bbox 1216 2602 1347 2640; x_wconf 74' lang='lat' dir='ltr'>sapiens,</span> <span class='ocrx_word' id='word_1_466' title='bbox 1373 2602 1424 2641; x_wconf 77' lang='lat' dir='ltr'>qui</span> <span class='ocrx_word' id='word_1_467' title='bbox 1441 2606 1568 2641; x_wconf 70' lang='lat' dir='ltr'>propter</span> <span class='ocrx_word' id='word_1_468' title='bbox 1593 2602 1768 2640; x_wconf 75' lang='lat' dir='ltr'>applausum</span> <span class='ocrx_word' id='word_1_469' title='bbox 1794 2601 1917 2641; x_wconf 70' lang='lat' dir='ltr'>etuulyz&#39;</span> <span class='ocrx_word' id='word_1_470' title='bbox 1938 2611 1991 2631; x_wconf 77' lang='lat' dir='ltr'>ru-</span> <span class='ocrx_word' id='word_1_471' title='bbox 2050 2638 2052 2648; x_wconf 56' lang='lat'>,</span> 
     </span>
     <span class='ocr_line' id='line_1_39' title="bbox 157 2658 1990 2701; baseline -0.003 -9"><span class='ocrx_word' id='word_1_472' title='bbox 157 2673 267 2693; x_wconf 72' lang='lat' dir='ltr'>mor-em</span> <span class='ocrx_word' id='word_1_473' title='bbox 293 2673 318 2692; x_wconf 81' lang='lat' dir='ltr'>s.</span> <span class='ocrx_word' id='word_1_474' title='bbox 346 2664 376 2691; x_wconf 83' lang='lat' dir='ltr'>b.</span> <span class='ocrx_word' id='word_1_475' title='bbox 404 2666 496 2700; x_wconf 84' lang='lat' dir='ltr'>putat</span> <span class='ocrx_word' id='word_1_476' title='bbox 524 2661 558 2692; x_wconf 91' lang='lat' dir='ltr'>C.</span> <span class='ocrx_word' id='word_1_477' title='bbox 612 2663 666 2701; x_wconf 79' lang='grc'>16)</span> <span class='ocrx_word' id='word_1_478' title='bbox 693 2660 735 2689; x_wconf 75' lang='lat' dir='ltr'>ita</span> <span class='ocrx_word' id='word_1_479' title='bbox 759 2660 810 2699; x_wconf 75' lang='lat' dir='ltr'>qai</span> <span class='ocrx_word' id='word_1_480' title='bbox 833 2661 921 2689; x_wconf 80' lang='lat' dir='ltr'>febre</span> <span class='ocrx_word' id='word_1_481' title='bbox 945 2660 1098 2689; x_wconf 85' lang='lat' dir='ltr'>uitiorum</span> <span class='ocrx_word' id='word_1_482' title='bbox 1124 2662 1266 2689; x_wconf 85' lang='lat' dir='ltr'>mentem</span> <span class='ocrx_word' id='word_1_483' title='bbox 1292 2659 1380 2688; x_wconf 69' lang='lat' dir='ltr'>habet</span> <span class='ocrx_word' id='word_1_484' title='bbox 1404 2660 1574 2698; x_wconf 86' lang='lat' dir='ltr'>repletam,</span> <span class='ocrx_word' id='word_1_485' title='bbox 1599 2659 1719 2688; x_wconf 87' lang='lat' dir='ltr'>stultus</span> <span class='ocrx_word' id='word_1_486' title='bbox 1745 2658 1883 2700; x_wconf 68' lang='lat' dir='ltr'>·(,vcafh.</span> <span class='ocrx_word' id='word_1_487' title='bbox 1936 2659 1990 2697; x_wconf 82' lang='lat'>17)</span> 
     </span>
    </p>
   </div>
   <div class='ocr_carea' id='block_1_11' title="bbox 155 2714 2051 2872">
    <p class='ocr_par' dir='ltr' id='par_1_20' title="bbox 155 2714 2051 2872">
     <span class='ocr_line' id='line_1_40' title="bbox 157 2714 2051 2762; baseline -0.003 -13"><span class='ocrx_word' id='word_1_488' title='bbox 157 2720 184 2749; x_wconf 65' lang='lat' dir='ltr'>si</span> <span class='ocrx_word' id='word_1_489' title='bbox 208 2724 338 2759; x_wconf 84' lang='lat' dir='ltr'>propter</span> <span class='ocrx_word' id='word_1_490' title='bbox 362 2718 554 2762; x_wconf 73' lang='lat' dir='ltr'>·(‚B:pvcafh.</span> <span class='ocrx_word' id='word_1_491' title='bbox 580 2718 607 2747; x_wconf 76' lang='lat' dir='ltr'>si</span> <span class='ocrx_word' id='word_1_492' title='bbox 630 2717 695 2757; x_wconf 71' lang='lat' dir='ltr'>quis</span> <span class='ocrx_word' id='word_1_493' title='bbox 713 2728 767 2756; x_wconf 77' lang='lat' dir='ltr'>pr.</span> <span class='ocrx_word' id='word_1_494' title='bbox 796 2727 837 2746; x_wconf 81' lang='lat' dir='ltr'>ex</span> <span class='ocrx_word' id='word_1_495' title='bbox 864 2718 932 2746; x_wconf 85' lang='lat' dir='ltr'>suis</span> <span class='ocrx_word' id='word_1_496' title='bbox 959 2717 1051 2746; x_wconf 85' lang='lat' dir='ltr'>dedit</span> <span class='ocrx_word' id='word_1_497' title='bbox 1077 2716 1115 2752; x_wconf 81' lang='lat' dir='ltr'>Q,</span> <span class='ocrx_word' id='word_1_498' title='bbox 1142 2725 1204 2746; x_wconf 89' lang='lat' dir='ltr'>non</span> <span class='ocrx_word' id='word_1_499' title='bbox 1232 2717 1386 2747; x_wconf 80' lang='lat' dir='ltr'>‘correxit</span> <span class='ocrx_word' id='word_1_500' title='bbox 1410 2717 1448 2746; x_wconf 84' lang='lat' dir='ltr'>ad</span> <span class='ocrx_word' id='word_1_501' title='bbox 1474 2716 1525 2752; x_wconf 71' lang='lat' dir='ltr'>C‘;</span> <span class='ocrx_word' id='word_1_502' title='bbox 1552 2716 1604 2745; x_wconf 90' lang='lat' dir='ltr'>hic</span> <span class='ocrx_word' id='word_1_503' title='bbox 1630 2715 1711 2745; x_wconf 87' lang='lat' dir='ltr'>enim</span> <span class='ocrx_word' id='word_1_504' title='bbox 1732 2725 1796 2745; x_wconf 88' lang='lat' dir='ltr'>non</span> <span class='ocrx_word' id='word_1_505' title='bbox 1813 2714 1919 2754; x_wconf 77' lang='lat' dir='ltr'>siquis</span> <span class='ocrx_word' id='word_1_506' title='bbox 1936 2714 1992 2744; x_wconf 83' lang='lat' dir='ltr'>sed</span> <span class='ocrx_word' id='word_1_507' title='bbox 2050 2723 2051 2728; x_wconf 63' lang='lat'>¹</span> 
     </span>
     <span class='ocr_line' id='line_1_41' title="bbox 158 2771 2051 2816; baseline -0.003 -11"><span class='ocrx_word' id='word_1_508' title='bbox 158 2777 208 2816; x_wconf 76' lang='lat' dir='ltr'>qni</span> <span class='ocrx_word' id='word_1_509' title='bbox 232 2779 338 2807; x_wconf 83' lang='lat' dir='ltr'>habet.</span> <span class='ocrx_word' id='word_1_510' title='bbox 365 2777 461 2815; x_wconf 83' lang='lat' dir='ltr'>Vulg.</span> <span class='ocrx_word' id='word_1_511' title='bbox 488 2777 645 2806; x_wconf 77' lang='lat' dir='ltr'>lectiones</span> <span class='ocrx_word' id='word_1_512' title='bbox 672 2776 711 2804; x_wconf 86' lang='lat' dir='ltr'>ad</span> <span class='ocrx_word' id='word_1_513' title='bbox 737 2776 768 2804; x_wconf 89' lang='lat' dir='ltr'>h.</span> <span class='ocrx_word' id='word_1_514' title='bbox 796 2775 815 2804; x_wconf 94' lang='lat'>1.</span> <span class='ocrx_word' id='word_1_515' title='bbox 855 2775 934 2803; x_wconf 84' lang='lat' dir='ltr'>satis</span> <span class='ocrx_word' id='word_1_516' title='bbox 972 2775 1075 2803; x_wconf 86' lang='lat' dir='ltr'>bonae</span> <span class='ocrx_word' id='word_1_517' title='bbox 1112 2778 1198 2803; x_wconf 86' lang='lat' dir='ltr'>sunt.</span> <span class='ocrx_word' id='word_1_518' title='bbox 1267 2774 1320 2812; x_wconf 80' lang='lat'>18)</span> <span class='ocrx_word' id='word_1_519' title='bbox 1347 2773 1482 2811; x_wconf 81' lang='lat' dir='ltr'>Legitur</span> <span class='ocrx_word' id='word_1_520' title='bbox 1509 2777 1540 2802; x_wconf 86' lang='lat' dir='ltr'>et</span> <span class='ocrx_word' id='word_1_521' title='bbox 1559 2776 1665 2811; x_wconf 78' lang='lat' dir='ltr'>pectus</span> <span class='ocrx_word' id='word_1_522' title='bbox 1688 2782 1714 2814; x_wconf 80' lang='grc' dir='ltr'><strong>γ.</strong></span> <span class='ocrx_word' id='word_1_523' title='bbox 1743 2772 1811 2801; x_wconf 88' lang='lat' dir='ltr'>rell.</span> <span class='ocrx_word' id='word_1_524' title='bbox 1837 2781 1897 2801; x_wconf 90' lang='lat' dir='ltr'>om.</span> <span class='ocrx_word' id='word_1_525' title='bbox 1935 2771 1991 2801; x_wconf 84' lang='lat' dir='ltr'>sub</span> <span class='ocrx_word' id='word_1_526' title='bbox 2048 2781 2051 2803; x_wconf 69' lang='grc' dir='ltr'>,τ</span> 
     </span>
     <span class='ocr_line' id='line_1_42' title="bbox 155 2828 2050 2872; baseline -0.004 -8"><span class='ocrx_word' id='word_1_527' title='bbox 155 2838 257 2872; x_wconf 74' lang='lat' dir='ltr'>pectus</span> <span class='ocrx_word' id='word_1_528' title='bbox 282 2834 392 2864; x_wconf 86' lang='lat' dir='ltr'>Ambr.</span> <span class='ocrx_word' id='word_1_529' title='bbox 446 2835 500 2871; x_wconf 82' lang='grc'>19)</span> <span class='ocrx_word' id='word_1_530' title='bbox 526 2833 615 2863; x_wconf 85' lang='lat' dir='ltr'>Haec</span> <span class='ocrx_word' id='word_1_531' title='bbox 642 2833 727 2862; x_wconf 88' lang='lat' dir='ltr'>enim</span> <span class='ocrx_word' id='word_1_532' title='bbox 752 2841 828 2861; x_wconf 78' lang='lat' dir='ltr'>uaro</span> <span class='ocrx_word' id='word_1_533' title='bbox 854 2831 892 2860; x_wconf 83' lang='lat' dir='ltr'>de</span> <span class='ocrx_word' id='word_1_534' title='bbox 908 2830 1001 2872; x_wconf 75' lang='lat' dir='ltr'>Aug.</span> <span class='ocrx_word' id='word_1_535' title='bbox 1029 2840 1087 2859; x_wconf 74' lang='lat' dir='ltr'>scr.</span> <span class='ocrx_word' id='word_1_536' title='bbox 1114 2840 1140 2872; x_wconf 78' lang='grc' dir='ltr'><strong>γ.</strong></span> <span class='ocrx_word' id='word_1_537' title='bbox 1168 2831 1237 2860; x_wconf 87' lang='lat' dir='ltr'>rell.</span> <span class='ocrx_word' id='word_1_538' title='bbox 1265 2832 1386 2860; x_wconf 83' lang='lat' dir='ltr'>habent</span> <span class='ocrx_word' id='word_1_539' title='bbox 1413 2831 1453 2859; x_wconf 84' lang='lat' dir='ltr'>ad</span> <span class='ocrx_word' id='word_1_540' title='bbox 1478 2839 1508 2859; x_wconf 90' lang='lat' dir='ltr'>u.</span> <span class='ocrx_word' id='word_1_541' title='bbox 1536 2831 1595 2859; x_wconf 84' lang='lat'>29:</span> <span class='ocrx_word' id='word_1_542' title='bbox 1622 2828 1747 2868; x_wconf 69' lang='lat' dir='ltr'>Augyusti</span> <span class='ocrx_word' id='word_1_543' title='bbox 1770 2828 1879 2858; x_wconf 78' lang='lat' dir='ltr'>laudes.</span> <span class='ocrx_word' id='word_1_544' title='bbox 1905 2828 1993 2857; x_wconf 82' lang='lat' dir='ltr'>Haec</span> <span class='ocrx_word' id='word_1_545' title='bbox 2048 2853 2050 2864; x_wconf 40' lang='grc' dir='ltr'>ι</span> 
     </span>
    </p>
   </div>
   <div class='ocr_carea' id='block_1_12' title="bbox 162 2884 1993 2985">
    <p class='ocr_par' dir='ltr' id='par_1_21' title="bbox 162 2870 2049 2985">
     <span class='ocr_line' id='line_1_43' title="bbox 162 2884 1992 2929; baseline -0.004 -9"><span class='ocrx_word' id='word_1_546' title='bbox 162 2891 243 2920; x_wconf 86' lang='lat' dir='ltr'>enim</span> <span class='ocrx_word' id='word_1_547' title='bbox 278 2891 384 2919; x_wconf 69' lang='lat' dir='ltr'>Varius</span> <span class='ocrx_word' id='word_1_548' title='bbox 410 2891 448 2919; x_wconf 87' lang='lat' dir='ltr'>de</span> <span class='ocrx_word' id='word_1_549' title='bbox 474 2890 558 2929; x_wconf 83' lang='lat' dir='ltr'>Aug.</span> <span class='ocrx_word' id='word_1_550' title='bbox 586 2899 645 2919; x_wconf 84' lang='lat' dir='ltr'>scr.</span> <span class='ocrx_word' id='word_1_551' title='bbox 674 2907 711 2909; x_wconf 72' lang='lat'><strong>—</strong></span> <span class='ocrx_word' id='word_1_552' title='bbox 738 2888 860 2926; x_wconf 79' lang='lat' dir='ltr'>Epicus</span> <span class='ocrx_word' id='word_1_553' title='bbox 887 2888 952 2925; x_wconf 89' lang='lat' dir='ltr'>ille,</span> <span class='ocrx_word' id='word_1_554' title='bbox 980 2891 1011 2917; x_wconf 83' lang='lat' dir='ltr'>et</span> <span class='ocrx_word' id='word_1_555' title='bbox 1038 2888 1348 2926; x_wconf 81' lang='lat' dir='ltr'>tragoediographus</span> <span class='ocrx_word' id='word_1_556' title='bbox 1374 2886 1495 2916; x_wconf 87' lang='lat' dir='ltr'>Lucius</span> <span class='ocrx_word' id='word_1_557' title='bbox 1521 2886 1647 2916; x_wconf 82' lang='lat' dir='ltr'>Varius.</span> <span class='ocrx_word' id='word_1_558' title='bbox 1674 2885 1707 2915; x_wconf 89' lang='lat' dir='ltr'>C.</span> <span class='ocrx_word' id='word_1_559' title='bbox 1734 2885 1758 2923; x_wconf 87' lang='grc' dir='ltr'>Ι,</span> <span class='ocrx_word' id='word_1_560' title='bbox 1787 2886 1815 2922; x_wconf 85' lang='grc'>6,</span> <span class='ocrx_word' id='word_1_561' title='bbox 1846 2885 1902 2914; x_wconf 82' lang='lat'>11:</span> <span class='ocrx_word' id='word_1_562' title='bbox 1927 2884 1992 2914; x_wconf 82' lang='lat' dir='ltr'>lau·</span> 
     </span>
     <span class='ocr_line' id='line_1_44' title="bbox 162 2940 1993 2985; baseline -0.003 -10"><span class='ocrx_word' id='word_1_563' title='bbox 162 2948 211 2976; x_wconf 69' lang='lat' dir='ltr'>(les</span> <span class='ocrx_word' id='word_1_564' title='bbox 237 2956 297 2985; x_wconf 69' lang='lat' dir='ltr'>cyr.</span> <span class='ocrx_word' id='word_1_565' title='bbox 328 2946 474 2976; x_wconf 69' lang='lat' dir='ltr'>Caesaris.</span> <span class='ocrx_word' id='word_1_566' title='bbox 503 2946 534 2976; x_wconf 91' lang='lat' dir='ltr'>S.</span> <span class='ocrx_word' id='word_1_567' title='bbox 560 2947 585 2976; x_wconf 93' lang='lat' dir='ltr'>I.</span> <span class='ocrx_word' id='word_1_568' title='bbox 613 2947 642 2984; x_wconf 81' lang='lat'>6,</span> <span class='ocrx_word' id='word_1_569' title='bbox 671 2946 722 2975; x_wconf 81' lang='lat'>55.</span> <span class='ocrx_word' id='word_1_570' title='bbox 752 2947 781 2982; x_wconf 87' lang='lat'>9,</span> <span class='ocrx_word' id='word_1_571' title='bbox 810 2946 860 2974; x_wconf 87' lang='lat'>23.</span> <span class='ocrx_word' id='word_1_572' title='bbox 890 2946 941 2981; x_wconf 85' lang='lat'>10,</span> <span class='ocrx_word' id='word_1_573' title='bbox 967 2945 1021 2981; x_wconf 90' lang='grc'>44,</span> <span class='ocrx_word' id='word_1_574' title='bbox 1048 2954 1111 2974; x_wconf 82' lang='grc'><strong>11011</strong></span> <span class='ocrx_word' id='word_1_575' title='bbox 1128 2945 1163 2974; x_wconf 92' lang='lat' dir='ltr'>P.</span> <span class='ocrx_word' id='word_1_576' title='bbox 1183 2944 1253 2974; x_wconf 90' lang='lat' dir='ltr'>Ter.</span> <span class='ocrx_word' id='word_1_577' title='bbox 1289 2945 1396 2974; x_wconf 72' lang='lat' dir='ltr'>Varro.</span> <span class='ocrx_word' id='word_1_578' title='bbox 1424 2943 1452 2976; x_wconf 64' lang='lat' dir='ltr'>S.</span> <span class='ocrx_word' id='word_1_579' title='bbox 1471 2944 1496 2981; x_wconf 86' lang='grc' dir='ltr'>Ι,</span> <span class='ocrx_word' id='word_1_580' title='bbox 1518 2944 1568 2979; x_wconf 83' lang='lat'>10,</span> <span class='ocrx_word' id='word_1_581' title='bbox 1587 2943 1642 2979; x_wconf 77' lang='lat'>46,</span> <span class='ocrx_word' id='word_1_582' title='bbox 1668 2942 1707 2971; x_wconf 82' lang='lat' dir='ltr'>de</span> <span class='ocrx_word' id='word_1_583' title='bbox 1733 2951 1793 2980; x_wconf 89' lang='lat' dir='ltr'>quo</span> <span class='ocrx_word' id='word_1_584' title='bbox 1819 2940 1993 2971; x_wconf 85' lang='lat' dir='ltr'>Schneider</span> 
     </span>
    </p>
   </div>
   <div class='ocr_carea' id='block_1_13' title="bbox 163 2981 2141 3165">
    <p class='ocr_par' dir='ltr' id='par_1_22' title="bbox 163 2981 2141 3165">
     <span class='ocr_line' id='line_1_45' title="bbox 163 2981 2141 3042; baseline -0.004 -9"><span class='ocrx_word' id='word_1_585' title='bbox 163 3004 228 3033; x_wconf 86' lang='lat' dir='ltr'>Ser.</span> <span class='ocrx_word' id='word_1_586' title='bbox 255 3004 290 3032; x_wconf 79' lang='lat' dir='ltr'>P..</span> <span class='ocrx_word' id='word_1_587' title='bbox 310 3004 345 3032; x_wconf 78' lang='lat' dir='ltr'>R.</span> <span class='ocrx_word' id='word_1_588' title='bbox 367 3004 404 3033; x_wconf 77' lang='lat'>11.</span> <span class='ocrx_word' id='word_1_589' title='bbox 427 3006 455 3034; x_wconf 87' lang='lat'>2.</span> <span class='ocrx_word' id='word_1_590' title='bbox 483 3014 511 3042; x_wconf 88' lang='lat' dir='ltr'>p.</span> <span class='ocrx_word' id='word_1_591' title='bbox 538 3005 608 3033; x_wconf 79' lang='lat'>126.</span> <span class='ocrx_word' id='word_1_592' title='bbox 636 3003 805 3032; x_wconf 81' lang='lat' dir='ltr'>Ruhnken.</span> <span class='ocrx_word' id='word_1_593' title='bbox 833 3002 892 3040; x_wconf 85' lang='lat' dir='ltr'>Ep.</span> <span class='ocrx_word' id='word_1_594' title='bbox 919 3011 960 3031; x_wconf 92' lang='lat' dir='ltr'>cr.</span> <span class='ocrx_word' id='word_1_595' title='bbox 979 3001 1020 3030; x_wconf 91' lang='grc' dir='ltr'><strong>ΙΙ.</strong></span> <span class='ocrx_word' id='word_1_596' title='bbox 1039 3011 1068 3039; x_wconf 88' lang='lat' dir='ltr'>p.</span> <span class='ocrx_word' id='word_1_597' title='bbox 1092 3002 1161 3030; x_wconf 83' lang='lat'>189.</span> <span class='ocrx_word' id='word_1_598' title='bbox 1190 3000 1283 3033; x_wconf 73' lang='lat' dir='ltr'>Cous.</span> <span class='ocrx_word' id='word_1_599' title='bbox 1310 3001 1523 3040; x_wconf 87' lang='lat' dir='ltr'>Porphyrion,</span> <span class='ocrx_word' id='word_1_600' title='bbox 1550 2999 1604 3038; x_wconf 85' lang='lat' dir='ltr'>qui</span> <span class='ocrx_word' id='word_1_601' title='bbox 1624 2997 1844 3038; x_wconf 67' lang='lat' dir='ltr'>panefsyrt&#39;cum</span> <span class='ocrx_word' id='word_1_602' title='bbox 1869 2996 1994 3037; x_wconf 60' lang='lat' dir='ltr'>Augusti</span> <span class='ocrx_word' id='word_1_603' title='bbox 2045 2993 2049 3023; x_wconf 74' lang='lat' dir='ltr'>l</span> <span class='ocrx_word' id='word_1_604' title='bbox 2081 3011 2083 3014; x_wconf 58' lang='lat'>&gt;</span> <span class='ocrx_word' id='word_1_605' title='bbox 2139 2981 2141 2984; x_wconf 14' lang='grc' dir='ltr'><em>Α</em></span> 
     </span>
     <span class='ocr_line' id='line_1_46' title="bbox 163 3046 2047 3098; baseline -0.004 -9"><span class='ocrx_word' id='word_1_606' title='bbox 163 3065 387 3096; x_wconf 80' lang='lat' dir='ltr'>conmemorat,</span> <span class='ocrx_word' id='word_1_607' title='bbox 425 3070 517 3098; x_wconf 81' lang='lat' dir='ltr'>quem</span> <span class='ocrx_word' id='word_1_608' title='bbox 552 3064 657 3090; x_wconf 85' lang='lat' dir='ltr'>utrum</span> <span class='ocrx_word' id='word_1_609' title='bbox 685 3060 801 3090; x_wconf 83' lang='lat' dir='ltr'>Lucius</span> <span class='ocrx_word' id='word_1_610' title='bbox 827 3058 944 3088; x_wconf 82' lang='lat' dir='ltr'>Varius</span> <span class='ocrx_word' id='word_1_611' title='bbox 971 3058 1026 3087; x_wconf 90' lang='lat' dir='ltr'>ille</span> <span class='ocrx_word' id='word_1_612' title='bbox 1051 3067 1092 3087; x_wconf 83' lang='lat' dir='ltr'>an</span> <span class='ocrx_word' id='word_1_613' title='bbox 1119 3058 1235 3088; x_wconf 82' lang='lat' dir='ltr'>Lucius</span> <span class='ocrx_word' id='word_1_614' title='bbox 1261 3059 1363 3088; x_wconf 72' lang='lat' dir='ltr'>Varus</span> <span class='ocrx_word' id='word_1_615' title='bbox 1389 3057 1562 3095; x_wconf 73' lang='lat' dir='ltr'>scripserit,</span> <span class='ocrx_word' id='word_1_616' title='bbox 1601 3065 1694 3094; x_wconf 86' lang='lat' dir='ltr'>quem</span> <span class='ocrx_word' id='word_1_617' title='bbox 1719 3055 1856 3090; x_wconf 82' lang='lat' dir='ltr'>Quintil.</span> <span class='ocrx_word' id='word_1_618' title='bbox 1881 3053 1934 3089; x_wconf 90' lang='lat' dir='ltr'>VI,</span> <span class='ocrx_word' id='word_1_619' title='bbox 1962 3054 1992 3090; x_wconf 88' lang='lat'>3,</span> <span class='ocrx_word' id='word_1_620' title='bbox 2044 3046 2047 3078; x_wconf 69' lang='grc' dir='ltr'><em>ἕ</em></span> 
     </span>
     <span class='ocr_line' id='line_1_47' title="bbox 166 3098 2070 3165; baseline -0.004 -19"><span class='ocrx_word' id='word_1_621' title='bbox 166 3118 205 3146; x_wconf 66' lang='lat'>78</span> <span class='ocrx_word' id='word_1_622' title='bbox 231 3122 262 3146; x_wconf 84' lang='lat' dir='ltr'>et</span> <span class='ocrx_word' id='word_1_623' title='bbox 288 3117 326 3154; x_wconf 84' lang='lat' dir='ltr'>X,</span> <span class='ocrx_word' id='word_1_624' title='bbox 354 3119 383 3153; x_wconf 85' lang='lat'>3,</span> <span class='ocrx_word' id='word_1_625' title='bbox 412 3119 429 3146; x_wconf 82' lang='lat'>8</span> <span class='ocrx_word' id='word_1_626' title='bbox 456 3117 605 3147; x_wconf 77' lang='lat' dir='ltr'>Caesaris</span> <span class='ocrx_word' id='word_1_627' title='bbox 630 3117 773 3156; x_wconf 85' lang='lat' dir='ltr'>Augusti</span> <span class='ocrx_word' id='word_1_628' title='bbox 799 3117 934 3146; x_wconf 83' lang='lat' dir='ltr'>amicum</span> <span class='ocrx_word' id='word_1_629' title='bbox 960 3116 1103 3145; x_wconf 85' lang='lat' dir='ltr'>nominat</span> <span class='ocrx_word' id='word_1_630' title='bbox 1129 3117 1243 3154; x_wconf 82' lang='lat' dir='ltr'>cuique</span> <span class='ocrx_word' id='word_1_631' title='bbox 1268 3115 1425 3145; x_wconf 86' lang='lat' dir='ltr'>Horatius</span> <span class='ocrx_word' id='word_1_632' title='bbox 1451 3122 1578 3144; x_wconf 87' lang='lat' dir='ltr'>carmen</span> <span class='ocrx_word' id='word_1_633' title='bbox 1604 3113 1629 3151; x_wconf 91' lang='lat'>1,</span> <span class='ocrx_word' id='word_1_634' title='bbox 1659 3113 1697 3142; x_wconf 88' lang='lat'>18</span> <span class='ocrx_word' id='word_1_635' title='bbox 1724 3111 1901 3150; x_wconf 81' lang='lat' dir='ltr'>inscripsit,</span> <span class='ocrx_word' id='word_1_636' title='bbox 1926 3119 1992 3139; x_wconf 88' lang='lat' dir='ltr'>am-</span> <span class='ocrx_word' id='word_1_637' title='bbox 2044 3098 2070 3165; x_wconf 51' lang='grc' dir='ltr'>Ξ</span> 
     </span>
    </p>
   </div>
   <div class='ocr_carea' id='block_1_14' title="bbox 164 3172 1108 3217">
    <p class='ocr_par' dir='ltr' id='par_1_23' title="bbox 164 3172 1108 3217">
     <span class='ocr_line' id='line_1_48' title="bbox 164 3172 1108 3217; baseline -0.001 -15"><span class='ocrx_word' id='word_1_638' title='bbox 164 3175 296 3212; x_wconf 80' lang='lat' dir='ltr'>biguum</span> <span class='ocrx_word' id='word_1_639' title='bbox 323 3179 381 3203; x_wconf 83' lang='lat' dir='ltr'>est.</span> <span class='ocrx_word' id='word_1_640' title='bbox 431 3174 465 3214; x_wconf 70' lang='grc'>*)</span> <span class='ocrx_word' id='word_1_641' title='bbox 491 3174 721 3211; x_wconf 67' lang='lat' dir='ltr'>conprobahllm·</span> <span class='ocrx_word' id='word_1_642' title='bbox 747 3193 788 3196; x_wconf 64' lang='lat'>-„</span> <span class='ocrx_word' id='word_1_643' title='bbox 815 3174 841 3203; x_wconf 81' lang='lat' dir='ltr'>si</span> <span class='ocrx_word' id='word_1_644' title='bbox 867 3172 1023 3212; x_wconf 73' lang='lat' dir='ltr'>putauerit</span> <span class='ocrx_word' id='word_1_645' title='bbox 1047 3172 1108 3217; x_wconf 67' lang='grc' dir='ltr'><strong>Βφ.</strong></span> 
     </span>
    </p>
   </div>
   <div class='ocr_carea' id='block_1_15' title="bbox 2047 0 2148 1837">
    <p class='ocr_par' dir='ltr' id='par_1_24' title="bbox 2047 0 2148 1837">
     <span class='ocr_line' id='line_1_49' title="bbox 2047 0 2148 1837; baseline 0 0"><span class='ocrx_word' id='word_1_646' title='bbox 2047 0 2148 1837; x_wconf 95' lang='lat' dir='ltr'> </span> 
     </span>
    </p>
   </div>
   <div class='ocr_carea' id='block_1_16' title="bbox 2052 1903 2062 2415">
    <p class='ocr_par' dir='ltr' id='par_1_25' title="bbox 2052 1903 2062 2415">
     <span class='ocr_line' id='line_1_50' title="bbox 2052 1903 2062 2415; baseline 0 0"><span class='ocrx_word' id='word_1_647' title='bbox 2052 1903 2062 2415; x_wconf 95' lang='lat' dir='ltr'> </span> 
     </span>
    </p>
   </div>
  </div>
 </body>
</html>
