2148 3412
216 111 296 152 548
852 117 958 150 Aca.
983 116 1043 149 ET
1068 115 1236 149 PORPH.
1259 115 1409 148 COMM.

215 247 347 288 uitum
376 246 527 287 offerre
561 241 787 300 [adferre];
817 241 1021 283 rusticum
1051 245 1189 282 autem
1219 238 1398 295 pauperi
1427 245 1576 294 poetae
1597 238 1821 290 adsimilat,
1853 238 2040 295 quicum

216 319 301 362 suis
330 316 589 360 carminibus
618 315 749 358 multa
779 313 1030 369 adquirebat
1053 313 1176 370 [erga
1196 312 1392 369 diuites];
1425 327 1527 369 ergo
1558 312 1714 368 dicit,*)
1737 313 1818 355 sibi
1837 313 1916 355 hoc
1937 327 2042 368 opus

216 408 299 434 non
333 405 435 434 esse.

328 466 395 507 40.
428 465 498 521 qm·
525 478 667 506 zonam
690 463 879 520 perdidit.
947 460 1017 503 Ex
1046 458 1190 503 fabula
1221 458 1390 502 Graeca
1420 459 1500 502 hoc
1530 459 1700 502 ductum
1731 459 1925 511 athletae,
1971 460 2045 516 qui

218 539 360 583 follem
391 537 646 594 perdiderat.

327 613 394 653 41.
427 612 578 653 Romae
608 610 770 652 metrz‘ri.
850 607 1054 650 Horatius
1097 607 1176 649 fuit
1219 605 1462 649 Venusinus
1507 613 1578 649 aut
1623 606 1805 664 Apulus,
1853 607 1926 649 sed
1972 606 2046 664 [ad

216 686 400 743 tempus]
433 685 594 727 Romae
626 684 851 725 instructus
882 688 954 724 est.
1030 681 1199 722 Deinde
1243 695 1344 722 uero
1389 680 1576 736 perrexit
1619 679 1824 732 Athenas,
1870 687 2047 723 matrem

217 761 464 808 litterarum,
494 758 569 800 ubi
599 758 762 813 ἠθικήν,
799 756 844 798 id
874 762 948 807 est,
979 755 1183 797 moralem
1202 755 1515 811 philosophiam
1536 754 1685 797 didicit
1705 755 1926 797 reuoluens
1945 753 2046 796 Pla-

184 834 327 879 .tonis
372 833 515 876 libros.
588 831 660 874 Ab
704 831 777 873 illo
813 829 950 873 studio
996 836 1161 872 secutus
1206 835 1268 870 est
1311 835 1452 885 partes
1496 828 1632 880 Bruti,
1679 844 1761 884 quo
1805 829 1949 885 fugato
1995 827 2047 870 ab

154 918 192 950 10

155 1288 195 1319 15

157 1655 198 1687 20

218 908 413 965 Augusto
430 907 634 949 Horatius
666 920 760 948 cum
791 904 885 946 aliis
916 902 1176 959 proscriptus
1207 909 1281 953 est,
1312 902 1357 944 id
1387 909 1461 953 est,
1491 902 1722 945 hereditate
1753 902 1956 958 priuatus,
2000 916 2049 944 ac

219 982 467 1025 necessitate
500 979 726 1036 conpulsus
758 977 931 1021 contulit
962 991 1006 1019 se
1037 977 1091 1018 ad
1122 976 1305 1018 studium
1335 976 1574 1032 pristinum.

332 1056 400 1098 45.
429 1057 532 1097 inter
563 1054 653 1096 sila.
685 1053 882 1095 Academi.
941 1050 1170 1093 Academus
1215 1050 1328 1105 apud
1362 1049 1554 1092 Athenas
1585 1050 1794 1106 porticum
1832 1050 2049 1092 exstruxit.

219 1129 325 1172 Inde
356 1128 542 1185 porticus
573 1127 788 1170 Academia
819 1125 931 1168 dicta
961 1130 1034 1175 est,
1080 1130 1121 1166 et
1153 1123 1235 1180 [est
1270 1130 1401 1175 extra,
1446 1124 1558 1166 unde
1588 1123 1840 1167 Academici
1883 1138 2050 1180 quoque

225 1202 404 1246 Siluani.
438 1228 491 1232 -—

334 1290 525 1334 quaerere
555 1289 712 1319 uerum.
772 1273 961 1315 Iucunde
992 1271 1097 1313 dixit
1128 1286 1284 1320 uerum,
1322 1271 1381 1313 ita
1424 1278 1469 1313 ut
1513 1279 1669 1327 negent
1712 1271 1826 1313 idem
1870 1271 2052 1314 inueniri

221 1350 378 1408 posse]
403 1365 454 1391 ex
477 1349 571 1406 (ab)
595 1364 644 1390 ea
664 1346 929 1398 Academici,
961 1361 1065 1401 quos
1096 1346 1140 1388 in
1171 1345 1278 1388 silua
1308 1345 1491 1388 iucunde
1522 1346 1629 1387 dixit
1658 1361 1805 1388 uerum
1835 1346 1894 1388 ita
1924 1360 2052 1402 quae-

222 1439 328 1476 rere,
375 1431 421 1466 ut
451 1423 563 1464 idem
593 1428 749 1478 negent
781 1420 963 1463 inueniri
994 1434 1130 1476 posse,
1177 1434 1271 1461 cum
1304 1417 1544 1462 Stoicorum
1575 1426 1615 1461 et
1643 1419 2052 1475 Peripatheticorum

223 1505 263 1541 et
293 1498 603 1555 Epicureorum
636 1496 769 1552 (ueri)
801 1494 962 1537 stabilis
994 1494 1046 1537 sit
1082 1492 1356 1535 adseueratio.

335 1574 403 1613 47.
433 1572 576 1614 rudem
606 1571 708 1612 belli.
787 1565 987 1611 Tironem
1020 1575 1061 1609 et
1089 1568 1299 1624 ignaru-m.
1378 1559 1594 1624 Euocatus
1631 1567 1743 1608 enim
1775 1582 1799 1608 a
1829 1566 1963 1609 Bruto
1993 1574 2055 1610 est
2097 1553 2104 1559 ”

223 1662 301 1703 per
329 1645 574 1702 potentiam,
607 1644 707 1700 quia
736 1651 835 1686 tunc
864 1641 1075 1684 Achaiam
1107 1648 1147 1684 et
1175 1640 1369 1682 Athenas
1398 1640 1581 1692 tenebat,
1612 1647 1650 1683 et
1673 1641 1946 1684 similitudine
1967 1648 2054 1684 stu-

225 1720 391 1763 diorum
422 1734 517 1761 cum
548 1724 657 1761 esset
688 1717 845 1765 celebri
876 1717 1046 1759 nomine
1076 1716 1121 1757 in
1151 1714 1432 1771 philosophia.

337 1795 405 1835 49.
440 1793 624 1850 Phihppi.
676 1790 831 1847 Campi
852 1790 1112 1840 Thessaliae,
1133 1789 1208 1832 ubi
1228 1795 1373 1831 contra
1392 1787 1572 1831 Brutum
1593 1789 1801 1846 pugnauit
1820 1788 2055 1847 Augustus.

321 2002 353 2042 1)
378 1999 512 2032 offerre?
537 2001 650 2040 afferre
675 1999 758 2030 libri.
773 2017 805 2021 —-
821 1999 994 2039 qui—-esse
1019 1990 1216 2036 interpolata
1234 2000 1303 2036 put.
1324 1996 1362 2033 Q.
1412 1998 1446 2037 3)
1473 1997 1601 2027 ductum
1626 1998 1763 2028 athletae
1789 1998 1906 2038 2,cash.
1936 1998 2057 2030 dictum

226 2059 365 2089 athletae
388 2068 418 2089 v.
444 2059 498 2089 Ex
523 2067 570 2097 gr.
594 2058 658 2087 fab.
685 2057 739 2087 hoc
752 2056 862 2096 fictam
883 2060 925 2086 est
949 2055 986 2086 de
1009 2054 1121 2085 athleta
1146 2053 1184 2084 C.
1212 2053 1267 2084 Ex
1292 2054 1312 2084 f.
1341 2053 1395 2085 Gr.
1423 2054 1543 2085 dictum
1568 2054 1604 2084 cle
1627 2054 1738 2085 athleta
1755 2055 1791 2092 Q.
1842 2054 1877 2096 5)
1901 2056 2057 2087 Horatius

227 2116 412 2146 Venusinus
437 2116 497 2146 fuit
523 2118 578 2146 aut
602 2114 717 2153 apulus
745 2115 774 2143 2.
813 2113 966 2143 Horatius
991 2112 1056 2143 fuit
1080 2111 1161 2142 Ven.
1189 2114 1246 2141 aut
1268 2110 1329 2150 Ap.
1356 2110 1396 2147 Q.
1433 2111 1486 2142 hoc
1508 2111 1572 2142 fuit
1595 2121 1654 2142 non
1678 2112 1760 2143 Veu.
1786 2113 1894 2143 vcafh.
1956 2109 1991 2154 7)
2016 2114 2058 2144 ad

228 2178 356 2213 tempus
381 2183 441 2204 om.
468 2174 498 2203 2.
549 2173 584 2212 8)
612 2173 709 2202 etiam
734 2171 941 2201 ethiamicam
966 2171 987 2200 i.
1013 2168 1189 2200 mortalens
1215 2167 1295 2208 (sic)
1322 2170 1350 2198 2.
1377 2186 1418 2190 -
1443 2169 1593 2199 euoluens
1616 2169 1666 2200 Pl.
1684 2170 1803 2201 libros:
1828 2170 1905 2201 unde
1921 2174 2058 2202 euocatus

227 2242 247 2261 a
271 2232 376 2268 Bruto,
402 2230 486 2261 caius
509 2233 616 2269 partes
642 2239 704 2260 see.
732 2231 790 2266 est,
815 2238 871 2267 qao
896 2227 933 2258 ab
956 2227 1033 2267 Aug).
1059 2225 1175 2257 deuicto
1200 2236 1272 2256 cum
1296 2227 1338 2256 al.
1366 2227 1566 2265 proscriptus
1590 2236 1628 2257 ac
1645 2244 1684 2249 —
1703 2236 1750 2266 pr.
1778 2228 1928 2266 studium,
1954 2232 1982 2258 et
2001 2237 2058 2267 per·

228 2289 339 2320 amicos
362 2289 494 2329 Auyusto
517 2286 727 2317 reconciliatas
751 2290 793 2316 est
818 2285 854 2315 C.
906 2283 961 2324 10)
986 2284 1127 2315 horacius
1152 2285 1182 2314 2.
1209 2284 1278 2314 rell.
1305 2293 1364 2314 om.
1386 2284 1458 2313 —i.
1483 2284 1667 2314 hereditate
1690 2285 1837 2323 priuatus
1857 2285 1885 2314 2.
1904 2285 1975 2315 rell.
1994 2295 2056 2315 om.

232 2347 290 2387 ll)
314 2346 395 2376 stud.
421 2355 468 2384 pr.
495 2345 524 2374 2.
549 2345 618 2374 rell.
644 2354 689 2382 pr.
729 2344 880 2373 studium.
950 2342 1005 2381 12)
1031 2341 1153 2372 Achad.
1180 2341 1259 2381 (ter)
1299 2342 1352 2377 2,v
1379 2345 1410 2371 et
1434 2340 1487 2384 Βφ
1513 2342 1547 2370 in
1571 2350 1674 2379 marg.
1699 2345 1775 2380 aput
1798 2342 1827 2371 2.
1853 2359 1895 2363 —-
1919 2343 2058 2381 porticus

229 2403 316 2433 vafh.
341 2403 501 2433 ‹ea-struxit
526 2402 555 2431 2.
581 2402 671 2431 bene.
701 2399 759 2431 Cic.
785 2400 880 2430 Dom.
907 2400 960 2428 47.
987 2399 1064 2437 Leg.
1090 2398 1133 2436 ΙΙ,
1160 2399 1213 2428 27.
1239 2397 1334 2436 Apul.
1361 2398 1401 2428 de
1426 2398 1485 2427 deo
1510 2396 1596 2428 Socr.
1622 2408 1652 2436 p.
1680 2398 1731 2428 54.
1756 2399 1860 2428 Elm.:
1897 2399 2058 2429 aedificio-

229 2471 299 2491 rum
326 2460 449 2499 species
474 2459 729 2495 amoenissimas,
756 2457 1046 2487 exstructissimas.
1072 2456 1141 2485 rell.
1167 2459 1277 2486 constr.
1303 2455 1379 2485 inde
1406 2455 1435 2483 2.
1461 2455 1531 2484 rell.
1556 2455 1651 2484 unde.
1718 2454 1773 2494 13)
1801 2456 1901 2485 dictus
1923 2455 1960 2486 fh
1983 2456 2058 2486 Bas.

231 2518 285 2547 45.
313 2513 388 2547 dict.
417 2520 464 2546 est
488 2519 519 2545 et
545 2519 642 2545 extra
666 2514 772 2544 vcafh.
801 2518 831 2543 et
857 2517 899 2543 est
923 2517 1017 2543 extra
1049 2512 1086 2548 Q.
1117 2529 1155 2534 -
1182 2517 1231 2542 est
1256 2513 1353 2550 dicta,
1392 2516 1423 2542 et
1454 2511 1491 2541 ab
1515 2521 1550 2541 ea
1574 2511 1770 2550 Academici,
1808 2522 1887 2551 quos
1923 2513 2059 2543 iucunde

231 2575 308 2604 dicit
333 2574 366 2603 in
392 2574 475 2603 silua
501 2581 652 2611 quaerere
676 2580 798 2608 uerum,
825 2570 879 2609 qui
905 2571 952 2600 ita
976 2573 1138 2608 quaerunt,
1171 2573 1207 2599 ut
1231 2568 1265 2598 icl
1287 2572 1405 2608 negent
1431 2570 1495 2598 inu.
1522 2577 1628 2607 posse,
1666 2578 1737 2599 cum
1762 2568 1940 2600 Stoicorum
1963 2573 2059 2600 tamen

231 2635 263 2661 et
287 2631 323 2660 P.
351 2633 382 2660 et
405 2630 443 2659 E.
469 2630 536 2659 ueri
563 2629 643 2660 stab.
669 2629 723 2657 sit.
749 2627 823 2657 ass.'
851 2626 886 2656 C.
913 2630 939 2656 et
961 2636 997 2656 ea·
1021 2636 1056 2656 ea
1081 2626 1279 2656 achademici
1304 2635 1427 2665 quoram
1451 2625 1598 2665 syllabam
1623 2625 1702 2666 (sic)
1726 2626 1779 2655 uic
1804 2626 1843 2655 de
1880 2622 1939 2656 di}
1975 2626 2057 2667 (sic)

232 2698 287 2727 pro
314 2687 450 2717 iucunde
475 2686 573 2722 dixit,
600 2686 675 2724 quia
699 2686 746 2714 ita
771 2693 922 2722 quaerere
946 2692 1057 2713 uerum
1080 2686 1116 2713 ut
1140 2683 1226 2713 idem
1251 2686 1369 2721 negent
1393 2683 1459 2712 inu.
1484 2691 1588 2720 posse,
1625 2691 1695 2712 cum
1720 2684 1893 2713 stoicorum
1918 2687 1950 2713 et
1973 2683 2058 2722 peri-

233 2745 469 2783 patheticorum
507 2746 538 2772 et
575 2743 794 2780 epicureorum
831 2740 957 2770 stabilis
994 2741 1038 2769 sit
1075 2740 1295 2770 asseueratio.’
1336 2741 1363 2769 2.
1389 2740 1458 2769 rell.
1485 2742 1535 2769 est
1565 2740 1659 2768 extra
1685 2757 1723 2760 -——
1750 2738 1875 2769 Siluani
1899 2757 1941 2761 -
1966 2748 2059 2778 posse

232 2800 372 2836 vcath.
401 2799 522 2830 Siluani
546 2809 609 2829 non
634 2802 709 2828 sunt
733 2797 918 2827 Academici
943 2797 999 2826 sed
1025 2797 1076 2826 dei
1102 2797 1136 2826 in
1163 2797 1254 2826 silua.
1283 2796 1365 2827 conf.
1390 2797 1467 2827 Hor.
1493 2796 1596 2834 Epod.
1621 2797 1663 2835 II,
1691 2798 1742 2827 21.
1769 2797 1829 2827 22:
1865 2800 1909 2835 te,
1934 2796 2058 2834 Priape,

236 2862 266 2887 et
289 2862 332 2895 te,
359 2861 451 2896 pater
474 2857 618 2892 Siluane,
651 2859 738 2886 tutor
773 2855 892 2884 finium.
936 2854 1022 2893 Very.
1047 2853 1083 2883 A.
1109 2853 1196 2892 VIII,
1223 2855 1298 2884 600.
1326 2854 1365 2883 E.
1392 2854 1431 2890 X,
1459 2854 1510 2884 29.
1537 2852 1575 2883 G.
1601 2854 1627 2892 Ι,
1654 2854 1705 2884 20.
1731 2853 1774 2883 Et
1799 2854 1890 2883 Mars
1915 2852 2060 2883 Siluanus

234 2915 266 2944 z'n
289 2915 367 2944 silua
393 2914 473 2944 Cato
498 2914 532 2943 R.
557 2913 593 2942 R.
621 2913 672 2942 83.
701 2911 796 2944 Ouid.
823 2911 865 2941 M.
892 2911 917 2947 Ι,
947 2912 1020 2941 193.
1047 2911 1167 2942 Lucan.
1193 2911 1251 2949 ΙΙΙ,
1277 2912 1354 2943 403.
1421 2911 1476 2951 15)
1503 2912 1550 2941 ita
1575 2921 1635 2941 om.
1667 2910 1771 2941 vcafh.
1829 2910 1884 2949 19)
1909 2910 2058 2940 Tironem

237 2976 268 3000 et
293 2970 360 3000 belle¹
382 2970 557 3009 imperitam.
588 2970 726 2999 Athenis
753 2969 838 2998 enim
864 2977 951 2998 enoc.
979 2972 1010 2998 et
1035 2977 1053 2996 a
1077 2967 1129 2997 ΒΓ.
1156 2986 1197 2989 »-
1222 2969 1364 3005 tenebat,
1399 2968 1497 2997 Bruto
1519 2968 1651 3007 cogsqzitus
1673 2978 1693 2997 a
1715 2966 1822 2997 studiis
1840 2965 2058 3005 philosophiae,

236 3028 268 3056 in
303 3037 362 3066 qaa
397 3031 466 3056 tnnc
501 3031 567 3056 erat
602 3026 711 3056 celebri
744 3025 879 3055 nomine.⁷
919 3024 954 3055 C.
982 3042 1023 3045 ——
1056 3028 1105 3054 est
1140 3035 1194 3062 per
1230 3035 1280 3063 po.
1319 3026 1348 3054 2.
1384 3025 1454 3055 rell.
1491 3029 1539 3054 est
1575 3025 1671 3054 enim.
1733 3022 1790 3062 20)
1817 3022 1892 3062 quia
1929 3024 1957 3052 2.
1996 3031 2059 3062 qua

237 3093 305 3113 vca.
343 3083 398 3121 qui
431 3084 475 3112 fh.
513 3083 654 3113 achinam
682 3084 710 3112 2.
775 3083 832 3123 21)
858 3093 929 3113 cuin
955 3083 985 3112 2.
1023 3081 1093 3111 rell.
1119 3091 1178 3111 om.
1207 3099 1247 3103 -—
1273 3082 1413 3119 tenebat,
1450 3081 1537 3111 etlam
1573 3080 1647 3120 (etia
1670 3079 1707 3120 v)
1744 3080 1983 3111 similitudinem
2017 3082 2057 3109 st.

238 3149 299 3170 esse
324 3139 406 3170 eafh.
456 3139 490 3178 *)
517 3139 551 3170 C.
578 3139 742 3170 Hermann
767 3139 888 3170 uoluit:
915 3139 959 3169 ait
981 3138 1023 3169 ad
1045 3138 1178 3176 diuites,
1205 3139 1264 3168 sibi
1290 3142 1350 3169 etc.
