2148 3412
141 957 177 989 10

135 1325 174 1355 15

130 2424 171 2456 30

207 155 288 197 518
838 163 943 197 Aca.
969 164 1029 196 ET
1053 163 1220 196 PORPH.
1247 163 1396 196 eoMM.

206 289 321 343 pido,
353 287 463 328 unde
485 286 667 341 primum
690 293 995 341 processerunt.
1055 284 1253 328 Ostendit
1283 300 1396 342 ergo,
1429 286 1540 344 quia,
1577 286 1683 328 sicut
1712 286 1941 341 antiquitus
1971 286 2031 327 dii

210 361 426 402 sacrifieiis
458 359 747 415 placa-bantur,
779 360 837 400 ita
866 360 990 401 modo
1022 359 1291 401 carminibus.

320 436 412 474 148.
446 434 678 475 sanabiliter.
740 432 872 483 Dicit,
907 433 1004 487 quia
1026 433 1187 474 tamdiu
1208 432 1444 474 amabiliter
1465 433 1709 488 tragoediae
1731 439 1771 473 et
1792 433 2031 475 comoediae

205 515 242 548 et
261 506 526 548 Fescennina
549 513 833 555 cucurrerunt,
871 506 1004 547 donec
1026 507 1118 561 ipsa
1153 506 1325 548 libertas
1355 506 1398 547 in
1429 506 1579 547 uitium
1609 513 1842 547 uerteretur
1862 505 2031 561 publice

204 586 243 621 et
264 580 506 621 nominatim
530 579 708 620 aliorum
739 579 842 620 uitia
874 579 1098 634 carpendo,
1139 579 1212 620 sed
1242 579 1451 635 indignati
1482 594 1565 620 non
1596 579 1728 621 solum
1759 579 1834 630 illi,
1867 579 1939 633 qui
1968 579 2030 620 la-

205 653 474 695 cessebantur
505 652 850 703 detractionibus,
895 668 1042 695 uerum
1073 652 1213 703 etiam,
1260 652 1411 707 quibus
1442 652 1655 708 ingratum
1686 659 1775 693 erat
1818 651 2032 694 nobilibus

204 726 395 781 personis
429 725 723 767 contumeliam
755 725 914 776 inferri,
962 726 1056 781 lege
1088 726 1406 776 constituerunt,
1451 734 1496 767 ut
1525 740 1648 767 nemo
1678 725 1924 766 nominatim
1954 725 2032 766 ali-

204 800 322 841 cuius
342 799 492 840 uitium
514 799 721 840 recitaret.
784 797 911 851 Quod
942 799 977 840 si
1008 800 1080 853 qui
1110 806 1329 855 poetarum
1361 799 1528 854 egisset,
1560 798 1740 840 fustibus
1772 798 2030 840 caederetur.

318 874 409 914 151.
441 874 520 927 fuit
540 874 711 914 intactis.
772 872 896 914 Licet
926 887 1010 914 non
1042 880 1326 928 carperentur,
1364 880 1503 914 tamen
1534 872 1638 914 alios
1671 871 1789 926 carpi
1819 871 2030 923 dolebant,

202 947 396 988 timentes
427 947 678 1001 quandoque
710 954 749 987 et
779 947 861 1002 ipsi
891 947 1014 987 laedi.

316 1022 408 1062 152.
442 1020 554 1076 [quin
580 1022 698 1062 etiam
720 1022 799 1062 lex.
862 1020 976 1073 Quia
1007 1026 1175 1061 cautum
1207 1026 1280 1070 est,
1316 1035 1369 1060 ne
1400 1019 1493 1074 quis
1524 1033 1694 1061 carmen
1724 1018 2028 1075 componeret]

314 1094 407 1135 154.
438 1095 652 1147 sortm'dz'ne
681 1095 811 1148 fustis.
892 1092 1006 1146 Quia
1034 1093 1238 1135 fustuario
1268 1092 1554 1134 multabantur
1585 1099 1774 1133 auctores
1805 1092 2026 1133 infamium

202 1166 448 1207 carminum.
508 1166 604 1207 Non
634 1174 740 1221 puto·
768 1168 903 1209 crucis
934 1166 1031 1216 dici,
1064 1166 1224 1221 quippe
1256 1166 1307 1207 de
1337 1166 1535 1222 ingenuis
1559 1165 1745 1223 [dicitur,
1777 1166 1869 1222 sed]
1894 1180 2028 1221 paene

200 1239 267 1280 uel
298 1255 322 1280 a
353 1239 527 1281 canibus
558 1247 738 1281 tractum
770 1246 852 1288 est3
885 1254 981 1280 nam
1015 1254 1109 1280 cum
1139 1240 1267 1281 fustes
1298 1246 1499 1289 metuunt,
1531 1255 1555 1280 a
1576 1239 1784 1281 morsibus
1806 1239 2028 1281 abstinent.

316 1314 408 1354 157.
439 1315 587 1367 (cyreste'
619 1314 740 1355 Latio.
800 1312 896 1354 Non
929 1327 1095 1367 semper
1125 1313 1294 1369 agresti,
1342 1313 1416 1354 sed
1447 1320 1558 1363 tune,
1606 1313 1704 1368 quia
1747 1320 1842 1355 ante
1883 1314 2030 1370 cogni-

198 1385 355 1427 tionem
387 1386 539 1427 artium
571 1387 716 1428 rustici
747 1393 863 1428 erant
896 1393 935 1427 et
966 1394 1166 1442 agrestes.
1225 1385 1386 1428 Volens
1419 1387 1650 1435 ostendere,
1698 1387 1906 1442 quomodo
1936 1387 2029 1443 ple-

197 1460 292 1501 nius
322 1459 469 1500 Latini
499 1467 608 1501 artes
640 1460 875 1515 coepissent
905 1474 1114 1510 exercere,
1161 1459 1275 1510 dicit,
1323 1460 1422 1515 quia
1463 1459 1646 1502 Graecia
1692 1468 1815 1517 capta
1857 1461 2031 1503 militari

198 1532 351 1573 uirtute
381 1532 669 1574 Romanorum
701 1533 811 1588 cepit
843 1533 1109 1588 postmodum
1157 1540 1245 1574 arte
1289 1532 1529 1575 liberalium
1575 1534 1808 1576 studiorum
1854 1534 2028 1591 (ferum)

196 1605 400 1647 uictorem
431 1622 551 1648 suum
571 1606 822 1657 Romanum,
856 1606 1017 1648 scilicet
1046 1606 1263 1662 populum,
1295 1613 1334 1648 et
1362 1607 1503 1648 intulit
1524 1615 1633 1649 artes
1654 1607 1850 1650 liberales
1872 1607 2030 1663 agresti

199 1678 338 1720 Latio.

314 1754 406 1795 158.
441 1754 619 1809 Defluoeit
637 1768 745 1795 num.
766 1754 983 1795 Saturnius
1004 1761 1041 1794 et
1057 1767 1185 1809 qraue
1206 1755 1334 1796 uirus.
1398 1753 1655 1810 [Saturnium
1683 1761 1806 1796 uocat
1835 1761 2025 1805 metrum,

197 1840 278 1881 quo
308 1826 373 1867 usi
405 1833 498 1867 sunt
528 1833 690 1867 ueteres
721 1826 867 1867 Latini
898 1826 973 1868 sub
1005 1841 1105 1883 rege
1138 1824 1320 1869 Saturno
1368 1834 1406 1868 et
1450 1835 1596 1882 postea
1642 1828 1769 1884 longo
1816 1835 2003 1883 tempore
2013 1844 2024 1877 3

197 1899 309 1953 quod
338 1899 556 1940 horridum
586 1907 646 1941 est
678 1900 704 1940 i.
737 1914 770 1940 e.
803 1900 1140 1955 incompositum.
1200 1899 1321 1941 Dicit
1351 1908 1502 1951 autem,
1534 1901 1646 1955 quia,
1688 1901 1826 1943 statim
1856 1908 1901 1943 ut
1930 1916 2025 1944 coe-

196 1980 348 2027 perunt
378 1972 593 2013 abundare
624 1972 784 2014 diuitiis
815 1980 854 2014 et
884 1965 1114 2023 munditiis,
1147 1974 1325 2015 cessauit
1356 1974 1461 2015 illud
1492 1981 1671 2015 metrum
1702 1975 1976 2031 incomptum.

313 2047 405 2087 158.
441 2047 532 2087 159.
565 2054 601 2087 et
627 2061 755 2101 qraue
786 2053 901 2088 uirus
932 2047 1158 2088 Mundz'tz'ae
1180 2048 1385 2103 pepulere.
1448 2048 1674 2090 Munditiae
1704 2047 1730 2089 i.
1763 2063 1796 2090 e.
1833 2055 1941 2090 artes
1971 2048 2024 2090 li-

196 2118 360 2160 berales
390 2119 566 2160 adsiduo
597 2119 733 2160 studio
765 2119 966 2161 excultae.

309 2193 378 2234 sed
406 2195 446 2234 in
479 2194 651 2248 Ionqum.
709 2193 864 2234 Adhuc
894 2192 1077 2248 uestigia
1106 2192 1352 2235 rusticitatis
1381 2193 1426 2234 in
1455 2192 1613 2235 Latina
1642 2193 1788 2250 lingua
1818 2194 2021 2252 manent]

196 2266 389 2322 Defluxz‘t.
450 2266 623 2308 Mollius
655 2267 793 2322 coepit
821 2266 962 2316 fluere,
1004 2272 1074 2307 aut
1104 2266 1226 2308 desiit
1256 2266 1396 2307 fluere.
1456 2282 1648 2309 numerus
1679 2267 1911 2318 Saturnius,
1942 2267 2023 2310 hoc

197 2347 270 2388 est,
308 2346 429 2380 uetus
451 2354 619 2381 carmen
649 2339 819 2388 Italiae3
868 2341 1061 2382 Saturnia
1106 2339 1218 2380 enim
1262 2339 1386 2380 Italia
1432 2340 1543 2381 dieta
1588 2348 1660 2382 est.
1719 2356 1847 2395 qraue
1888 2343 2019 2383 uirus.

197 2410 367 2453 Morum
388 2420 576 2454 ueterum
600 2412 850 2468 (rusticitas)
872 2420 912 2454 et
932 2413 1178 2463 carminum,
1210 2413 1290 2456 hoc
1320 2421 1394 2465 est,
1425 2414 1576 2469 poesis,
1609 2428 1715 2470 quae
1737 2421 1826 2456 erat
1848 2412 2022 2457 Saturni

195 2485 467 2541 temporibus.
1157 2499 1186 2517 ⁵

312 2652 345 2692 1)
371 2653 458 2690 prius
482 2652 587 2683 veafh.
618 2670 654 2674 ——
684 2653 718 2683 di
742 2653 779 2689 Q.
843 2652 878 2692 3)
908 2658 938 2683 et
963 2663 1043 2684 com.
1069 2663 1095 2695 γ.
1114 2654 1183 2683 rell.
1203 2663 1264 2684 om.
1329 2653 1364 2693 8)
1390 2654 1504 2684 uitium
1528 2654 1594 2684 rell.
1621 2654 1712 2684 uitia.
1738 2672 1780 2675 —-
1805 2655 1966 2685 cederetur
1989 2664 2017 2697 γ.

198 2708 254 2748 10)
282 2712 313 2738 et
339 2710 401 2747 ipsi
428 2719 488 2739 om.
513 2718 539 2752 γ.
592 2708 648 2748 11)
674 2709 755 2745 Quia
781 2727 821 2730 ——
847 2720 948 2748 comp.
975 2720 1036 2740 om.
1063 2719 1089 2752 γ.
1141 2710 1196 2749 12)
1225 2710 1307 2746 Quia
1332 2728 1374 2731 -—
1400 2711 1577 2741 carminum
1601 2720 1626 2753 γ.
1654 2711 1724 2740 rell.
1751 2721 1811 2741 om.
1863 2711 1918 2750 13)
1944 2711 2018 2742 Non
2140 2711 2148 2731 ‘-

195 2769 273 2803 puto
289 2783 325 2786 —
342 2766 506 2795 abstinent
533 2766 631 2797 schol.
658 2776 741 2796 omn.
767 2766 841 2796 libr.
867 2784 910 2787 η·
936 2767 1055 2796 dicitur
1080 2776 1139 2796 om.
1164 2767 1213 2809 γῑ).
1240 2776 1322 2805 pene
1346 2768 1395 2809 γΙ).
1421 2768 1490 2796 rell.
1516 2777 1576 2796 om.
1628 2768 1683 2807 14)
1709 2767 1760 2797 uel
1783 2768 1833 2809 γῑ).
1859 2768 1928 2798 rell.
1955 2777 2016 2799 om.
2140 2758 2146 2762 .

196 2839 238 2842 -ν-
263 2831 282 2850 α
307 2831 399 2851 mors.
426 2823 509 2851 abst.
536 2822 689 2860 (asistent
713 2823 748 2861 b)
773 2823 822 2863 γί).
850 2823 919 2852 rell.
955 2824 1085 2852 morsib-
1111 2832 1141 2852 se
1166 2823 1343 2853 abstinent.
1395 2824 1450 2862 15)
1478 2823 1550 2853 Non
1568 2841 1608 2844 —
1627 2828 1773 2862 agrestes
1798 2833 1857 2854 om.
1882 2834 1909 2866 γ.
1961 2822 2016 2865 16)

194 2877 313 2908 Volens
340 2897 379 2899 ἡ
405 2878 498 2909 Latio
522 2879 604 2922 γΒφ.
631 2879 699 2908 rell.
726 2889 785 2908 om.
838 2878 893 2916 18)
920 2879 1018 2908 ferum
1043 2879 1096 2921 Βφ
1122 2879 1243 2920 (Hor).
1295 2881 1351 2920 21)
1378 2880 1567 2911 Saturnium
1591 2897 1633 2901 --—
1659 2884 1791 2910 manent
1812 2879 2015 2922 B<p‚vcath.

195 2944 254 2964 om.
281 2944 305 2976 γ.
374 2935 431 2974 24)
459 2937 653 2973 incomptum
689 2939 716 2964 et
750 2935 845 2964 creuit
867 2945 965 2973 graue
989 2936 1078 2965 uirus
1103 2936 1122 2965 i.
1149 2940 1234 2966 artes
1260 2937 1410 2967 liberales
1434 2938 1531 2968 assid.
1563 2941 1624 2967 stu.
1661 2936 1736 2976 (om.
1763 2935 1926 2976 excultae)
1950 2936 2012 2979 Βφ.

196 2992 252 3027 28)
278 2992 411 3029 Infima
435 3002 474 3020 m.
501 3002 527 3021 e.
554 2992 585 3021 fl.
613 2996 668 3021 aut
693 2991 723 3020 d.
750 2991 779 3019 fl.
805 2991 858 3020 hoc
881 2990 932 3031 iny
970 2990 1038 3029 (sie.
1064 2992 1112 3033 rb.
1138 3001 1198 3021 om.
1225 2991 1425 3032 C)——dieta
1457 2998 1506 3024 est
1530 2993 1595 3036 ·1‚C.
1659 2994 1716 3034 29)
1740 2993 2016 3023 Morum—tem-
2070 3005 2072 3007 ·
2099 3006 2109 3015 ·

193 3048 322 3085 poribus
348 3057 373 3089 γ.
401 3048 483 3078 conf.
511 3048 553 3078 C:
581 3058 701 3078 morum
725 3048 878 3078 ‘rusticitas
902 3048 977 3086 (om.
1004 3048 1164 3088 ueterum)
1191 3053 1222 3079 et
1247 3060 1340 3080 carm.
1366 3050 1400 3080 id
1423 3050 1497 3088 (hoc
1520 3050 1574 3092 yb)
1623 3054 1671 3080 est
1694 3051 1800 3088 poesis
1824 3067 1866 3070 -—
1890 3054 2013 3088 tempo·
2096 3038 2107 3079 5¹
2138 3060 2148 3073 π

193 3104 281 3133 ribus
319 3103 489 3142 (temporis
513 3106 578 3146 Tb).
616 3105 698 3137 conf,
724 3105 796 3147 Βφε
833 3104 963 3144 defluaeit.
991 3105 1012 3134 i.
1038 3106 1178 3136 cessauit
1204 3115 1241 3137 ac
1266 3107 1361 3137 fluere
1387 3107 1484 3137 desiit
1508 3109 1656 3145 metrum,
1693 3107 1775 3145 quod
1805 3109 1938 3137 uocatur
1962 3115 2008 3136 sa·
2098 3093 2107 3134 i
2138 3124 2148 3130 -

192 3161 344 3191 turnium.
