2148 3412
239 134 319 174 722
825 143 1059 175 ADDENDA
1083 143 1144 175 ET
1169 143 1488 176 CORfflGENDA.

238 276 393 316 oratur,
425 282 539 322 quem
569 267 770 321 calcar-ew
802 268 913 321 nefas
946 268 1036 308 eslf.
1096 266 1217 322 Ergo
1239 266 1305 309 bis
1328 267 1475 308 eadem
1498 268 1551 308 de
1573 268 1690 309 coelo
1710 271 1834 319 tact'a,
1867 282 1975 324 quae
1995 283 2068 311 ex-

235 339 345 395 piari
377 355 460 381 non
491 347 665 395 possunt
696 339 778 381 11151
810 339 993 388 bidente,
1028 340 1233 394 bidental-3
1281 347 1446 382 caetera
1476 340 1690 396 fulgurata
1719 341 1935 384 immolata
1964 357 2068 397 qua—

233 412 337 454 libet
368 413 504 454 hostia
536 414 781 454 teneantur.⁴

347 485 512 542 Haec*)
547 485 725 528 Cornuti
758 486 929 537 scholia,
962 502 1069 542 quae
1100 487 1293 543 pluribus
1323 488 1427 530 locis
1459 488 1692 544 deprauata
1722 496 1847 543 atque
1877 489 2067 545 interpo-

233 560 317 600 lata
348 559 425 601 tibi
456 559 725 608 uidebuntur,
771 561 918 602 eodem
949 561 1053 602 uitio
1083 561 1286 611 laborant,
1333 576 1416 617 quo
1448 562 1694 604 Acroniana
1724 562 1830 604 adeo
1861 562 2070 604 maculata

235 633 566 689 conspiciuntur.
642 634 773 675 Plura
804 649 936 689 eaque
967 634 1137 676 diuersa
1168 636 1346 690 adparet.
1376 642 1550 677 consuta
1580 650 1670 677 esse
1701 642 1827 690 atque
1857 635 2069 677 consarci-

233 716 342 748 nata.
404 707 601 748 Bidental
633 722 657 748 a
690 705 879 749 Cornuto
911 708 1071 749 dictum
1102 715 1162 750 est
1193 708 1352 750 fulmen
1384 709 1489 751 duos
1521 709 1666 750 dentes
1697 708 1871 759 habens,
1916 709 2069 750 deinde

232 781 349 822 locus
380 762 554 822 fulmine
587 796 824 835 percussus,
870 790 996 836 atque
1028 781 1153 823 etiam
1185 781 1301 823 locus
1333 783 1389 824 bis
1425 782 1600 823 fulmine
1647 789 1780 824 tactus
1826 782 1981 839 (‘Ergo
2013 783 2071 824 bis

233 854 380 896 eadem
413 858 459 895 de
492 854 607 895 coelo
640 856 797 907 tacta),
830 854 882 895 ab
915 854 1086 897 Acrone
1118 855 1248 896 ‘locus
1279 855 1478 897 fulminis’
1512 856 1706 912 (glossa),
1739 856 1828 897 siue
1850 857 1992 908 ‘locus,
2025 856 2070 897 in

233 942 314 983 quo
335 927 493 969 fulmen
515 937 575 969 est
608 928 850 977 condstum’,
898 944 922 970 a
953 928 1249 984 Porphyrione
1280 936 1442 971 tantum
1474 929 1544 979 ‘id,
1593 930 1704 984 quod
1736 931 1849 972 Iouis
1895 929 2068 972 fulmine

231 1016 477 1057 percussum
509 1003 595 1043 est.7
657 1001 741 1043 Pro
774 1002 915 1043 uerbis
947 1003 1020 1044 ‘bis
1041 1003 1216 1044 fulmine
1240 1005 1500 1059 percussum’
1532 1003 1843 1058 Porphyrionis
1864 1003 1964 1045 libri
1993 1003 2069 1044 ha-

231 1075 349 1117 bent:
384 1076 507 1117 ‘Iouis
529 1075 704 1117 fulmine
727 1077 1000 1130 percussum)
1049 1075 1176 1129 Quod
1197 1076 1363 1127 falsum,
1396 1077 1439 1117 id
1460 1085 1534 1127 est,
1558 1076 1829 1132 superfluum,
1851 1076 1955 1118 mihi
1977 1091 2067 1118 esse

230 1149 325 1190 ideo
346 1149 525 1197 uidetur,
558 1149 671 1203 quod
703 1149 879 1204 ‘Iupiter
910 1150 1009 1191 iacit
1040 1150 1280 1204 (iaculatur,
1322 1150 1485 1200 emittit,
1533 1150 1717 1206 spargit)
1763 1150 1942 1192 fulmina
1975 1149 2068 1192 Cic.

230 1221 332 1264 Diu.
365 1222 422 1271 ΙΙ,
458 1225 533 1271 193
567 1222 659 1264 Ioui
692 1223 769 1265 soli
792 1222 969 1265 Veteres
999 1223 1158 1265 fulmen
1189 1224 1387 1265 tribuisse
1419 1224 1535 1266 testis
1567 1230 1626 1265 est
1650 1222 1815 1266 Seneca
1845 1223 1959 1265 Natt.
1983 1223 2067 1276 Qu.

229 1295 285 1346 II,
304 1298 371 1336 41.
430 1296 540 1338 Nam
573 1298 763 1339 manubia
794 1312 876 1339 11011
910 1305 970 1338 est
1002 1297 1161 1338 fulmen
1193 1298 1266 1339 sed
1298 1313 1397 1352 pars
1428 1297 1631 1348 fulminis,
1663 1297 1838 1339 testibus
1870 1297 1997 1340 Festo
2029 1304 2070 1338 et

232 1370 396 1412 Seneca
414 1370 464 1411 N.
484 1369 537 1422 Q.
559 1370 613 1420 II,
633 1373 683 1411 41
701 1387 709 1411 ;
735 1370 798 1411 ‘In
821 1371 894 1413 illo
916 1371 1181 1422 dissentiunt,
1201 1371 1313 1426 quod
1337 1371 1510 1413 fulmina
1531 1371 1675 1413 dicunt
1693 1387 1717 1412 a
1734 1371 1836 1413 Ioue
1853 1371 1961 1413 mitti
1982 1377 2067 1412 tres

229 1443 291 1484 illi
315 1444 414 1499 (510)
447 1444 669 1486 manubias
700 1444 838 1485 dante.
899 1444 1058 1494 Prima,
1091 1453 1134 1487 ut
1170 1445 1299 1493 aiunt,
1331 1452 1484 1495 manet,
1518 1445 1727 1500 etplacata
1748 1452 1821 1495 est,
1859 1453 1896 1485 et
1936 1444 2068 1499 ipsius

231 1517 405 1559 consilio
427 1517 541 1559 Iouis
580 1518 771 1559 mittitur.
823 1517 1064 1560 Secundam
1101 1519 1228 1560 mittit
1250 1518 1421 1573 quidem
1459 1518 1664 1573 Iuppiter,
1707 1519 1780 1559 sed
1815 1533 1865 1559 ex
1904 1517 2068 1560 consilii

230 1592 458 1633 sententia:
492 1592 714 1633 duodecim
748 1592 859 1633 enim
891 1592 992 1634 deos
1013 1592 1203 1634 aduocat.
1265 1592 1454 1633 Tertiam
1476 1592 1720 1633 manubiam
1742 1592 1854 1633 idem
1876 1591 2069 1647 Iuppiter

228 1665 367 1715 mittit,
401 1666 475 1707 sed
506 1665 707 1707 adhibitis
738 1666 782 1706 in
815 1666 1035 1708 consilium
1068 1666 1170 1717 deis,
1204 1681 1308 1719 quos
1340 1666 1579 1721 superiores
1610 1673 1651 1707 et
1671 1665 1882 1708 inuolutos
1903 1673 2067 1707 uocant.

231 1737 353 1791 Quae
385 1746 519 1781 uastat
552 1748 589 1780 et
624 1739 799 1781 includit
834 1748 871 1781 et
904 1747 1034 1781 mutat
1067 1747 1219 1782 statum
1252 1739 1466 1795 priuatum
1488 1751 1527 1781 et
1549 1739 1778 1795 publicum’
1812 1747 1889 1781 etc.
1942 1737 2066 1781 Conf.

230 1809 350 1854 Seru.
385 1813 438 1854 ad
469 1812 601 1870 Verg.
633 1815 687 1854 A.
720 1813 752 1863 I,
785 1816 851 1855 42.
915 1814 987 1855 Sic
1034 1813 1231 1855 differunt
1275 1814 1429 1867 fulmen
1461 1813 1738 1868 (fulminatio)
1771 1820 1810 1854 et
1838 1813 2067 1868 fulquratio

229 1886 342 1941 apud
374 1886 583 1929 Senecam
613 1886 666 1928 N.
700 1886 753 1938 Q.
784 1886 840 1936 ΙΙ,
876 1889 948 1928 16ε
983 1886 1114 1940 ‘Quid
1145 1887 1254 1928 inter
1274 1887 1604 1944 fulgurationem
1626 1897 1663 1928 et
1686 1886 1845 1928 fulmen
1867 1886 2066 1929 interest?

228 1958 407 2001 Dicam:
440 1960 669 2016 fulguratio
691 1968 750 2002 est
774 1961 855 2002 late
887 1960 1000 2016 ignis
1030 1960 1280 2016 explicitus3
1313 1960 1470 2002 fulmen
1502 1968 1564 2003 est
1594 1968 1761 2002 coactus
1792 1960 1905 2017 ignis
1927 1966 1967 2002 et
1986 1960 2067 2001 im-

228 2040 328 2088 petu
358 2033 515 2075 iactus’.
554 2033 612 2083 II,
648 2035 716 2075 12:
750 2034 980 2090 fulgul-atio
1011 2034 1191 2076 ostendit
1222 2034 1380 2090 ignem,
1411 2034 1650 2076 fulminatio
1681 2033 1844 2076 emittit.
1876 2035 1952 2075 21:
1984 2033 2066 2075 ful-

228 2108 395 2163 guratio
426 2107 532 2149 nihil
563 2107 679 2149 aliud
710 2116 769 2149 est
802 2123 929 2163 quani
960 2108 1130 2150 flamma
1164 2109 1304 2150 futura
1351 2107 1524 2158 fulmen,
1570 2108 1604 2150 si
1651 2107 1746 2161 plus
1791 2107 1946 2149 uirium
1990 2106 2066 2148 ha-

229 2180 416 2223 buisset?

340 2254 410 2296 De
441 2254 514 2296 illa
544 2255 693 2297 scholii
723 2262 843 2310 parte
874 2256 988 2311 apud
1018 2256 1357 2312 Porphyrionem
1389 2264 1428 2298 et
1458 2255 1688 2306 Acronem,
1720 2270 1848 2310 quam
1878 2255 1984 2298 alter
2014 2269 2064 2297 ex

227 2328 359 2371 altero
392 2336 462 2371 aut
493 2335 667 2384 uterque
699 2344 750 2371 ex
781 2330 928 2371 eodem
965 2331 1078 2372 fonte
1122 2330 1278 2386 petisse
1322 2330 1535 2385 putandus
1579 2337 1659 2372 est:
1713 2331 1869 2372 Errant
1911 2336 2064 2379 autem,

227 2403 299 2458 qui
330 2409 479 2458 putant
511 2403 677 2457 (dicunt
706 2401 866 2459 ACR.)
898 2404 952 2446 ab
984 2419 1096 2460 agna
1127 2404 1286 2446 dictum
1316 2403 1533 2454 bidental’,
1569 2403 1837 2445 manifestum
1868 2410 1930 2446 est
1960 2403 2064 2445 scri-

227 2476 413 2518 bendum
444 2491 556 2519 esse:
595 2479 726 2519 Erant
754 2486 907 2527 autem,
949 2478 1022 2532 qui
1058 2479 1258 2534 putabant
1298 2477 1547 2533 (ducebant)
1579 2484 1670 2528 etc„
1718 2492 1814 2519 cum
1858 2476 2065 2518 deriuatio

226 2550 279 2592 ab
302 2565 414 2606 agna
444 2550 615 2592 bidente
646 2551 795 2606 negari
826 2559 1020 2606 nequeat.
1079 2551 1278 2594 Editores
1308 2567 1360 2593 va
1381 2558 1624 2607 posuerunt,
1647 2551 1788 2601 simili,
1819 2558 1864 2592 ut
1883 2550 2063 2599 uidetur,

225 2624 388 2666 ratione
420 2623 557 2666 ducti:
607 2624 727 2667 ‘Sunt
756 2626 924 2676 autem,’
971 2640 1055 2681 qua
1084 2625 1264 2668 lectione
1295 2640 1488 2668 seuerum
1519 2624 1722 2667 iudicium
1744 2623 2063 2667 scholiastarum

224 2697 456 2754 mitigatur,
492 2712 578 2740 non
608 2712 759 2740 reuera
791 2704 987 2740 mutatur.

315 2814 346 2854 †)
373 2814 457 2845 conf.
486 2814 524 2845 Ο.
551 2815 678 2845 Miiller.
706 2815 866 2845 Etruskcr
891 2815 932 2853 II,
961 2817 1011 2847 12.
1042 2817 1115 2845 171.
1143 2817 1219 2847 426.
1247 2816 1362 2847 Orellii
1388 2816 1489 2846 Inscr.
1517 2815 1589 2845 Lat.
1618 2815 1714 2845 2483.
1741 2814 1859 2845 Lucan.
1878 2813 1967 2852 VIII,
1986 2814 2061 2844 864.

225 2870 422 2901 Artemidor.
448 2871 489 2909 11,
518 2873 535 2901 9
562 2881 591 2909 p.
622 2872 683 2901 143
709 2871 802 2902 Reiff.
829 2873 911 2903 dicit
935 2870 1039 2916 χωρία
1063 2869 1181 2915 εἴρημα
1205 2870 1260 2903 καὶ
1284 2869 1387 2915 ἄβατα
1411 2873 1503 2904 ποιεῖ.

317 2927 350 2966 *)
377 2929 487 2966 Egent
512 2932 619 2958 autem
645 2938 705 2967 ope
730 2933 876 2959 ueterum
903 2930 1060 2966 codicum,
1086 2930 1171 2959 inter
1196 2939 1274 2968 quos
1301 2929 1499 2960 Oxoniensis
1526 2929 1744 2959 bibliothecae
1768 2928 1963 2958 Bodleianae
1987 2930 2062 2956 ante

226 2993 336 3013 omnes
364 2985 577 3014 nominandus
605 2989 651 3014 est
678 2989 775 3024 atque
812 2986 880 3024 ille,
919 2987 972 3024 qui
998 2986 1030 3015 in
1054 2985 1165 3015 Museo
1189 2986 1270 3016 Brit.
1298 2987 1356 3015 sub
1381 2986 1420 3015 N.
1451 2987 1501 3016 15.
1529 2985 1566 3015 Β.
1591 2986 1667 3015 XIX
1692 2995 1722 3024 p.
1749 2985 1824 3015 240.
1852 2983 1938 3013 Plut.
1956 2982 2060 3012 XXII.

228 3037 263 3068 C.
291 3040 489 3078 adseruatur,
528 3052 545 3070 a
570 3042 709 3080 catalogi
734 3046 862 3073 auctore
889 3043 1016 3072 saeculo
1040 3041 1086 3071 IX
1103 3043 1305 3081 adsignatus.
1355 3042 1461 3078 Hunc,
1499 3043 1539 3071 ad
1562 3042 1707 3071 Persium
1733 3042 1858 3078 saltem,
1888 3039 2060 3069 Bentleius

226 3096 415 3126 adhibuisse
451 3098 551 3127 fertur
587 3098 740 3135 (Classic.
778 3099 908 3129 lom-na]
946 3098 1053 3128 XVIII
1078 3108 1108 3137 p.
1136 3099 1176 3128 62
1204 3099 1307 3137 sqq.);
1346 3098 1520 3128 nonnullas
1545 3102 1652 3128 autem
1677 3107 1760 3127 uarr.
1786 3097 1874 3127 lectt.
1901 3095 1940 3126 O.
1966 3094 2060 3124 Iahn.

226 3151 374 3190 Prolegg.
402 3151 462 3182 Cb.
482 3152 587 3183 CXIII
606 3155 664 3184 sub
691 3155 739 3184 lit.
768 3163 784 3196 ρ
809 3155 940 3186 adtulit.
992 3155 1108 3185 Totum
1133 3154 1272 3185 codicem
1298 3164 1356 3193 ego
1382 3154 1623 3185 accuratissime
1649 3153 1784 3185 contuli.
