2148 3412
258 114 338 155 554
887 122 991 155 Acir.
1017 121 1078 155 ET
1104 121 1269 155 PORPH.
1295 120 1444 155 coMM.

371 248 463 288 141.
495 247 653 303 Sapere.
684 245 1017 301 Philosophiam.
1077 246 1218 300 Nuqz's.
1251 243 1442 301 Operam
1473 244 1586 286 dare.

370 322 464 361 142.
500 321 536 362 T
535 322 803 376 empeslz'uum.
865 317 1213 369 Conuenientem,
1235 326 1392 375 aptum.
1453 318 1607 361 ludum.
1640 315 1837 360 Studium
1857 314 2077 365 carminis,

256 393 448 435 uersibus
478 393 602 436 modo
632 395 762 449 nuqz's.
824 393 1050 436 concedere.
1081 392 1301 434 Tribuere.

371 468 463 509 143.
496 468 554 508 Ac
583 481 663 509 non
696 468 816 509 uerba
847 468 966 523 sequi.
1042 464 1214 508 Scilicet
1243 465 1344 508 utile
1381 473 1454 516 est,
1502 471 1542 507 et
1572 464 1738 507 studere
1769 463 2080 520 philosophiam
2115 503 2117 506 ⁴

190 551 207 581 5
255 541 395 596 potius
425 540 527 582 utile
558 549 631 582 est.

372 616 464 655 144.
495 615 783 670 Numerosque.
845 611 1090 669 Sapientiae
1120 612 1245 655 modo
1275 619 1504 668 praecepta
1533 627 1646 655 uera.

370 689 463 730 146.
497 687 544 730 δι’
571 688 642 730 tibi
666 688 784 729 mella
813 703 844 729 s.
875 688 906 741 s.
938 702 969 728 e.
1001 687 1026 728 l.
1084 685 1230 728 Verba
1261 701 1335 728 sua
1366 686 1481 742 apud
1513 701 1569 728 se.

371 763 464 804 148.
496 762 648 804 nulline
680 762 846 815 faterier
878 762 1029 803 audes?
1085 759 1182 802 Non
1214 760 1355 802 audes.

370 836 464 878 150.
496 836 634 878 leuius.
668 833 835 877 Sanius.

192 920 231 952 10
371 910 464 951 151.
496 910 705 952 Audieras.
765 908 837 951 Ab
883 909 1035 964 aliquo.
1116 909 1200 951 Cui.
1243 906 1402 958 Alicui,
1448 907 1597 962 inquit,
1643 912 1815 963 propter
1859 905 2082 963 pecuniam

256 982 471 1038 demptam
500 983 629 1025 fuisse
660 983 903 1025 stultitiam?
938 981 1047 1025 Non.

370 1057 462 1099 152.
494 1057 568 1099 illi.
598 1055 707 1098 Non.
768 1057 969 1099 Decedere
995 1070 1167 1113 prauam
1197 1055 1432 1098 stultitiam?
1458 1053 1778 1111 Interrogatiue.
1811 1054 1990 1097 audisti?

371 1131 463 1172 154.
499 1131 673 1173 Plenior.
703 1129 893 1172 Diuitiis.
959 1131 1106 1172 Tamen
1137 1130 1274 1172 uteris.
1310 1127 1589 1184 Increpatiue.
1650 1129 1919 1172 Mom'toribus
1946 1128 2083 1171 isdem.

257 1203 424 1257 Quibus
454 1204 632 1260 adeptus
662 1219 719 1255 es,
751 1203 923 1245 diuitiis.

192 1288 230 1319 15
372 1279 464 1321 155.
496 1278 550 1320 Ac
570 1278 1039 1334 sidiailiaeprudemem.
1103 1275 1371 1333 Sapientem3
1402 1277 1513 1319 unde
1536 1277 1692 1319 Cicero:
1722 1278 1814 1319 iure
1835 1277 2081 1320 amatoribus

255 1354 404 1395 nostris
425 1354 619 1409 sapientia
641 1360 709 1394 est.
770 1352 1024 1393 Prudentem.
1056 1350 1289 1393 Prudentia
1321 1351 1433 1393 enim
1464 1351 1577 1393 dicta
1607 1357 1681 1402 est,
1719 1351 1832 1406 quod
1862 1365 1989 1407 porro
2018 1350 2084 1393 ui-

256 1426 353 1468 deat
383 1433 421 1467 et
452 1427 591 1468 futura
622 1425 837 1467 diiudicet.

371 1501 464 1553 156.
497 1500 543 1542 Si
571 1501 762 1557 cupidum
783 1506 860 1541 etc.
921 1497 969 1541 Si
999 1506 1175 1554 possunt
1204 1498 1381 1540 reddere
1412 1514 1497 1541 non
1528 1498 1742 1555 cupidum,
1774 1513 1859 1541 non
1888 1498 2083 1541 timidum

256 1574 488 1623 hominem3
520 1574 719 1629 bonumr)
752 1579 826 1624 est,
857 1579 903 1614 ut
922 1579 1130 1628 petantur.
1190 1572 1247 1614 Et
1277 1572 1435 1615 bonum
1457 1580 1530 1624 est,
1558 1579 1603 1614 ut
1623 1573 1747 1615 homo
1769 1579 1810 1614 et
1830 1572 2083 1629 (mutiensis)

190 1657 231 1690 20
257 1648 311 1691 sit
340 1663 391 1690 ex
422 1647 593 1689 diuitiis.
627 1645 676 1689 Si
706 1647 900 1688 auferunt
931 1646 1205 1702 cupiditatem
1227 1653 1266 1688 et
1296 1646 1576 1703 timiditatem,
1609 1647 1682 1689 sed
1702 1647 1797 1703 plus
1828 1647 1929 1688 dant
1958 1646 2083 1697 mala,

257 1737 382 1778 quam
413 1722 604 1778 (bona?).
665 1722 858 1763 Ruberes.
888 1720 974 1763 Pro
1006 1721 1267 1771 erubesceres,
1300 1721 1333 1763 si
1356 1727 1527 1777 propter
1548 1721 1718 1764 diuitias
1738 1721 1997 1778 perdidisses
2019 1754 2027 1763 .
2047 1753 2056 1763 .
2075 1752 2084 1763 .

258 1795 464 1851 (omnia‘?)
498 1828 506 1837 .
526 1828 534 1836 .
553 1828 562 1837 .
593 1795 716 1837 mala.
1367 1810 1372 1813 >

371 1871 464 1912 159.
500 1870 720 1921 Quaedam.
750 1868 901 1911 Multa.
947 1869 1157 1912 Consultis.
1189 1868 1419 1912 Iudicibus.
1480 1871 1824 1927 Manezpatusus.
1853 1869 2086 1925 Postquam

256 1943 308 1984 de
339 1943 480 1999 aliquo
510 1958 603 1986 meo
634 1943 838 1985 beneficio
869 1943 958 1985 siue
988 1957 1110 1986 seruo
1140 1943 1329 1985 chartam
1359 1943 1441 1985 feci
1471 1943 1639 1985 cuidam
1669 1943 1912 2000 mancipaui
1941 1944 1967 1985 i.
1999 1950 2084 1986 tra-

191 2028 231 2059 25
258 2017 347 2058 didi
377 2017 451 2059 alii
481 2033 532 2059 ex
561 2032 655 2059 mea
685 2024 888 2073 potestate
918 2017 961 2059 in
993 2018 1131 2060 aliam.
1205 2019 1427 2075 Mam-ipat.
1473 2017 1694 2073 Mancipio
1739 2017 1908 2074 accipit,
1948 2023 2084 2060 trans-

257 2098 400 2133 mutat.
460 2106 571 2134 usus.
601 2091 818 2134 Publicus.

371 2166 464 2208 160.
500 2166 585 2218 Qae'
613 2174 648 2207 te
664 2167 795 2222 pascit
816 2180 924 2221 aqer,
957 2173 1051 2208 tuus
1072 2173 1138 2208 est.
1196 2164 1294 2208 Non
1324 2165 1591 2220 possidentis.
1658 2166 1836 2209 Ve'llicus.
1868 2180 1946 2221 pro
1978 2180 2084 2222 quo·-

256 2239 370 2281 libet.
432 2240 542 2282 Orbi.
575 2237 747 2281 Scilicet
779 2238 950 2280 diuitiis.

372 2314 464 2355 161.
497 2314 649 2369 Seqetes
680 2322 805 2356 occat.
868 2312 1128 2364 Conminuit,
1175 2313 1297 2368 quasi
1328 2320 1534 2364 occaecat,
1567 2313 1750 2356 daturus.
1811 2313 2083 2356 Venditurus.

213 2398 255 2430 30
372 2389 465 2429 162.
498 2388 551 2429 Te
582 2387 786 2429 [lominum
816 2388 946 2430 sentit.
1021 2386 1137 2440 Quia
1166 2387 1270 2430 emis
1301 2401 1363 2440 ea,
1410 2402 1516 2443 quae
1547 2402 1598 2430 ex
1628 2403 1725 2430 rure
1755 2396 1918 2431 exeunt.
1979 2389 2083 2431 acci-

254 2463 329 2518 pis.
361 2460 494 2503 Emis.

374 2630 406 2669 l)
431 2629 498 2673 Βφε
525 2638 641 2669 sapere.
661 2630 805 2660 laborare
823 2629 1056 2669 sapia1n(sic).
1117 2629 1152 2667 2)
1180 2637 1269 2659 conu.
1297 2628 1334 2666 C,
1359 2639 1420 2660 om.
1447 2634 1558 2668 aptum
1583 2630 1651 2672 Βφε
1678 2640 1695 2661 o
1720 2633 1890 2669 portunum
1914 2631 2090 2670 pueritiae.-
2146 2654 2148 2659 ⁴

259 2704 297 2708 —-
325 2696 421 2717 carm.
445 2686 596 2717 scribendi
619 2687 704 2716 stud.
731 2686 767 2717 C.
818 2687 852 2726 6)
877 2695 1080 2725 numerosque.
1098 2686 1117 2716 i.
1142 2695 1253 2716 ueram
1278 2686 1528 2725 philosophiam.
1554 2690 1724 2726 praecepta
1746 2687 1807 2731 Βφ.
1869 2688 1902 2726 7)
1929 2688 2012 2719 conf.
2037 2686 2082 2718 C:

260 2744 349 2774 'haec
374 2745 473 2774 uerba
497 2749 573 2775 sunt
598 2744 726 2774 Horatii
753 2752 860 2773 secum
885 2744 1070 2781 loq11ent1s.⁷
1137 2743 1193 2782 10)
1222 2744 1331 2773 sanius
1357 2742 1430 2780 b‚C.
1499 2742 1554 2782 11)
1580 2743 1661 2774 conf.
1690 2743 1731 2774 C:
1758 2761 1800 2765 ——
1817 2753 1879 2783 per
1913 2745 2081 2784 pecuniam

259 2801 356 2830 alicui
381 2802 542 2831 ademtam
569 2801 744 2831 stultitiam
769 2804 801 2830 et
825 2800 947 2830 factum
971 2800 1172 2838 sapientem.⁷
1240 2802 1294 2841 13)
1320 2799 1443 2830 Plenior
1467 2809 1507 2830 es.
1535 2801 1557 2831 i.
1584 2801 1680 2831 ditior
1706 2800 1812 2831 factus
1837 2801 1898 2845 Βφ.
1950 2800 2006 2842 15)
2032 2811 2081 2832 sa-

260 2858 412 2895 pientem.
438 2858 611 2896 prudentia
636 2861 733 2887 autem
759 2857 787 2887 d.
816 2867 842 2887 e.
869 2858 953 2896 quod
979 2868 1070 2896 porro
1095 2859 1218 2888 uideret
1234 2877 1276 2880 -
1294 2859 1499 2897 diuidicaret,
1525 2859 1610 2889 unde
1636 2858 1703 2889 Cic.
1729 2860 1797 2889 iure
1821 2860 2019 2890 amatoribus
2044 2857 2080 2897 C,

260 2923 319 2943 om.
347 2924 398 2944 no.
426 2924 491 2953 sap.
519 2919 578 2945 est.
628 2916 685 2954 21)
710 2914 843 2945 ruberes.
871 2915 956 2944 erub.
982 2914 1088 2958 Bq>‚C.
1137 2916 1195 2955 27)
1214 2915 1325 2955 pascit.
1352 2915 1440 2946 Ordo
1465 2920 1529 2946 est:
1559 2926 1638 2955 ager
1663 2917 1718 2955 qui
1743 2920 1774 2947 te
1797 2917 1901 2955 pascit
1925 2920 1998 2947 tuus
2023 2919 2081 2954 est,
2145 2931 2148 2936 Α

261 2971 403 3008 quamuis
429 2972 537 3002 orbius
562 2972 710 3001 uideatur
735 2981 806 3002 esse
831 2981 996 3011 possessor
1020 2972 1084 3014 Βφ.
1110 2990 1151 2993 -
1177 2973 1289 3003 uilicus
1321 2972 1410 3002 orbiz'.
1447 2982 1502 3011 pro
1539 2974 1683 3012 quolibet
1718 2973 1809 3004 diuite
1844 2973 1908 3016 Βφ.
1957 2973 2016 3014 29)
2041 2974 2079 3004 b:

260 3028 447 3057 comminuit
474 3028 572 3066 (conf.
597 3028 690 3059 Voss.
717 3028 854 3069 Etym.).
882 3038 959 3067 quas
984 3032 1131 3059 occessat.
1157 3031 1249 3067 posui
1275 3033 1427 3060 occaecat.
1455 3028 1523 3063 Cic.
1550 3030 1676 3061 Senect.
1706 3031 1762 3061 15:
1788 3034 1875 3061 terra
1900 3040 2010 3062 semen
2033 3039 2080 3061 oc-

260 3087 410 3113 caecatum
435 3084 570 3122 cohibet,
600 3095 642 3114 cx
667 3094 727 3124 quo
752 3085 867 3116 occatio
890 3086 1056 3116 nominata
1081 3089 1138 3116 est.
1176 3086 1244 3130 Βφι
1271 3091 1363 3118 occat.
1391 3088 1590 3118 comminuit.
1631 3087 1742 3118 Occare
1780 3090 1812 3118 et
1848 3088 1961 3127 glebas
1998 3097 2080 3119 eom-

259 3140 410 3171 minucre.
466 3140 499 3180 ss)
524 3141 745 3174 Hirschfelder
770 3142 892 3175 uoluit:
918 3144 959 3174 Et
981 3143 1099 3175 bonum
1125 3147 1187 3182 est,
1213 3147 1248 3175 ut
1274 3145 1366 3176 homo
1391 3148 1506 3184 erpetui
1529 3143 1660 3183 diuitias,
1688 3145 1714 3175 si
1741 3145 1804 3176 auf.
1831 3148 1890 3176 etc.
