2148 3412
774 144 821 175 IN
848 144 983 176 sumu.
1010 145 1035 183 1,
1062 150 1091 176 4.
1796 137 1848 178 89

137 266 201 308 21.
233 266 368 308 beatas
399 266 595 315 Fannius,
625 266 734 308 ultro
768 268 923 309 Delatz‘s
955 282 1061 323 caps.
1093 276 1127 310 et
1157 269 1274 324 inm-q.
1352 268 1652 312 Urbanissima
1696 270 1849 311 amari-

24 339 165 381 tudine
194 339 273 380 hoc
303 338 468 380 dicitur.
529 338 688 381 Sensus
719 347 857 381 autem
891 339 1012 397 [est]:
1048 340 1087 382 O
1120 340 1289 383 beatum
1309 341 1536 393 Fannium,
1568 343 1686 385 cuius
1706 343 1848 399 imago

24 420 64 454 et
92 426 242 467 capsae
273 426 367 453 cum
396 411 517 454 libris
547 412 591 453 in
621 412 898 455 bibliothecas
941 413 1050 456 ultro
1081 421 1274 470 receptae
1305 415 1400 466 sint,
1447 431 1540 458 cum
1571 431 1666 458 mea
1695 431 1717 458 e
1749 431 1848 459 con-

23 485 149 527 trario
179 485 335 540 scripta
371 499 493 527 nemo
524 486 634 528 norit
664 501 742 527 nec
771 487 873 528 uelit
902 501 1037 538 nosse,
1083 488 1267 543 primum
1311 489 1423 543 quod
1467 505 1551 532 non
1581 490 1751 546 publice
1781 505 1847 532 re-

24 558 211 609 citentur,
242 558 394 600 deinde
425 559 536 613 quod
568 560 725 601 conscii
755 560 836 601 sibi
867 567 1136 616 peccatorum
1156 577 1241 604 non
1262 561 1521 605 delectentur
1540 563 1620 606 hoc
1641 564 1847 619 poematis

24 646 190 688 genere,
222 646 302 687 quo
334 631 438 673 uitia
468 646 612 674 eorum
644 640 884 688 carpuntur.
1169 634 1173 635 ⁷

132 707 196 748 28.
229 714 358 761 stupet
388 706 529 748 Albius
565 721 669 748 aere.
728 705 917 758 Albium,
964 722 1088 762 quem
1132 707 1244 750 infra
1289 709 1347 764 (u.
1382 710 1482 765 109)
1527 724 1694 764 quoque
1738 711 1848 753 male

21 778 229 821 uiuentem
259 778 453 830 ostendit,
484 778 713 834 cupiditate
744 795 941 822 uasorum
963 787 1003 822 et
1024 781 1241 837 signorum
1265 780 1582 824 Corinthiorum
1613 784 1747 825 teneri
1778 785 1846 826 ait.

130 854 195 894 34.
226 853 389 907 foenum
419 853 455 894 Ιι.
485 854 510 894 τ’.
543 867 573 894 c.
607 854 630 894 l.
661 854 690 906 s.
750 852 963 896 Imitatiuo
995 854 1239 896 charactere
1270 855 1350 897 hoc
1384 856 1506 912 fingit
1550 871 1645 898 eum
1693 857 1846 908 dicere,

21 925 91 981 qui
121 925 174 967 ob
205 925 503 967 conscientiam
534 933 803 981 peccatorum
825 927 968 968 timeat
988 927 1244 969 maledicum
1276 935 1457 983 poetam.
1516 928 1677 971 Romae
1708 937 1847 972 autem

20 999 209 1041 uidemus
238 998 446 1053 hodieque
476 999 645 1041 foenum
676 999 790 1041 uelut
820 1000 1009 1042 ansulam
1040 1001 1193 1042 factam
1225 1001 1268 1042 in
1300 1002 1472 1044 cornulo
1493 1001 1593 1044 boui
1613 1004 1727 1058 poni,
1765 1019 1847 1060 quo

21 1072 185 1129 signum
216 1071 338 1113 datur
368 1071 694 1123 transeuntibus,
726 1080 769 1114 ut
801 1088 896 1115 eum
917 1073 1061 1115 uitent.
1122 1073 1209 1116 Hic
1229 1089 1331 1131 ergo
1353 1076 1570 1118 translatio
1592 1077 1645 1118 ad
1666 1085 1846 1133 poetam.

130 1147 182 1187 36
194 1146 307 1188 -38,
340 1161 471 1188 omnes
493 1146 638 1188 Gestiec
667 1162 691 1187 a
720 1148 846 1201 furno
868 1148 1078 1190 redeuntes
1108 1150 1222 1190 scire.
1280 1148 1331 1190 Id
1363 1156 1443 1191 est:
1475 1149 1617 1192 Etiam
1648 1152 1847 1207 uulgares

19 1219 107 1261 uult
136 1219 256 1269 scire,
290 1234 384 1261 cum
414 1219 619 1262 maledice
651 1220 702 1261 de
732 1235 983 1276 unoquoque
1015 1221 1179 1262 dixerit.

129 1293 195 1335 39.
224 1294 401 1349 primum
431 1309 462 1335 e.
495 1309 544 1336 m.
573 1294 626 1335 ill.
660 1301 700 1335 et
730 1293 904 1349 reliqua.
981 1293 1101 1336 Ordo
1132 1302 1210 1336 est:
1243 1295 1434 1337 Primum
1471 1311 1550 1353 ego
1581 1312 1648 1339 me
1678 1298 1846 1341 illorum

20 1365 226 1422 excipiam
255 1381 444 1417 numero,
476 1366 627 1421 quibus
658 1367 847 1409 dederim
868 1375 1014 1423 poetas
1035 1382 1136 1409 esse.
1199 1367 1358 1410 Sensus
1379 1377 1441 1411 est
1461 1377 1617 1412 autem:
1654 1371 1845 1414 Primum

20 1439 204 1482 omnium
236 1454 314 1496 ego
345 1454 412 1481 nie
443 1454 527 1481 non
557 1455 669 1495 pono
703 1440 784 1497 [in]
817 1455 991 1483 numero
1023 1455 1180 1492 eorum,
1214 1457 1317 1497 quos
1339 1443 1554 1486 consentio
1575 1452 1721 1499 poetas
1743 1460 1846 1496 esse,

23 1512 177 1569 quippe
208 1513 388 1555 sermoni
422 1513 650 1555 cottidiano
681 1513 882 1570 propiora
913 1514 1113 1557 scribens.

129 1587 194 1628 42.
226 1588 293 1629 43.
326 1596 442 1644 aeque
474 1603 516 1630 os
547 1589 699 1642 Maqna
730 1596 980 1630 sanaturum.
1053 1587 1104 1629 Id
1135 1595 1214 1630 est:
1262 1604 1440 1645 magnas
1484 1606 1580 1646 spes
1619 1592 1753 1649 (res?)
1783 1593 1845 1635 lo-

0 1673 149 1715 ;quens
179 1675 225 1703 os
256 1668 294 1702 et
327 1660 524 1703 sublimia
555 1676 722 1704 canens.

0 1722 2 1788 ζ
128 1735 194 1775 47.
226 1736 308 1776 m'sz'
334 1736 439 1789 qaod
461 1736 563 1791 pede
594 1744 701 1778 certo
735 1736 877 1791 Differt
905 1737 1087 1778 sermoni.
1164 1735 1251 1788 Qui
1296 1736 1339 1777 in
1385 1738 1603 1780 comoedia
1645 1739 1760 1780 uelut
1803 1740 1846 1780 in

0 1807 209 1872 {uersibus
238 1809 391 1851 nostris
425 1808 607 1866 [metris]
642 1809 889 1859 continetur,
924 1808 1004 1851 hoc
1036 1808 1123 1851 solo
1154 1808 1291 1850 differt
1323 1824 1471 1862 sermo,
1505 1812 1617 1867 quod
1647 1812 1718 1854 ille
1748 1827 1846 1855 me·-

0 1883 82 1948 {tro
113 1881 397 1924 concludatur.

131 2015 166 2054 2)
193 2015 251 2045 hoc
276 2024 335 2045 oin.
361 2015 409 2045 fh.
434 2032 478 2038 —
504 2020 554 2047 est
578 2026 639 2047 om.
665 2016 708 2045 M.
733 2015 861 2054 inmago
885 2015 929 2045 M.
978 2015 1013 2054 4)
1041 2016 1149 2045 norint
1173 2026 1226 2046 nec
1251 2016 1378 2054 (Halm.
1404 2021 1431 2046 et
1454 2017 1483 2053 Q
1506 2018 1526 2047 1.
1553 2017 1591 2057 l.)
1616 2018 1718 2049 uelint
1741 2018 1785 2049 M.
1804 2037 1846 2040 ——

0 2061 82 2126 {non
105 2072 230 2110 publice
255 2072 289 2101 M
315 2071 468 2112 (Halm)
488 2072 525 2102 R.
554 2076 649 2104 recte.
675 2082 735 2102 non
760 2083 821 2103 om.
848 2073 911 2109 2,v.
937 2072 1005 2101 rell.
1033 2081 1086 2110 pu.
1115 2082 1187 2102 uon.
1239 2073 1273 2112 5)
1299 2073 1415 2102 deinde
1431 2074 1688 2105 —delectentur
1713 2086 1776 2105 om.
1803 2075 1846 2104 M.

21 2146 63 2150 —
86 2129 146 2159 hoe
169 2130 326 2167 poematis
351 2138 470 2168 genere
494 2139 555 2167 quo
581 2128 773 2166 MRA2G,v.
800 2129 861 2159 hoc
882 2132 1017 2167 poemate
1041 2138 1167 2167 quorum
1190 2130 1251 2158 uit.
1278 2138 1363 2168 carp.
1389 2129 1456 2159 ash.
1481 2140 1612 2168 quorum
1629 2141 1713 2170 carp.
1732 2142 1762 2161 v.
1812 2132 1845 2169 7)

22 2185 145 2215 albinus
170 2195 198 2215 a.
224 2185 340 2215 albium
365 2185 408 2215 M.
458 2186 493 2224 8)
519 2185 675 2215 chorinth.
702 2185 744 2215 M.
773 2186 909 2215 corinth.
936 2194 1002 2215 uas.
1022 2189 1053 2215 et.
1079 2186 1164 2224 sign.
1193 2187 1223 2215 2.
1274 2186 1309 2225 9)
1334 2185 1441 2215 fenum
1465 2186 1510 2224 M,
1537 2190 1568 2216 et
1593 2188 1688 2217 infra.
1716 2205 1756 2209 —
1777 2197 1847 2217 euin

23 2241 126 2272 dicere
150 2242 203 2280 qui
228 2242 270 2271 M.
297 2242 366 2271 rell.
394 2242 500 2271 dicere
526 2251 597 2271 eum
622 2242 685 2280 qui.
713 2243 830 2279 dicere,
856 2251 925 2271 cum
951 2242 1004 2280 qui
1031 2242 1077 2271 fh.
1144 2243 1200 2281 10)
1226 2252 1313 2272 roma
1337 2242 1371 2271 M
1397 2242 1550 2282 (Halm)
1614 2244 1669 2282 11)
1696 2253 1847 2274 ausuram

21 2298 54 2328 M
77 2297 296 2338 (tesseram‘e).
324 2299 467 2329 ansulam
492 2298 682 2338 A2G(Q)‚a.
709 2299 862 2329 ansuclarn
887 2299 948 2337 R,v
974 2298 1029 2337 (an
1054 2299 1182 2338 sudam)
1212 2299 1260 2328 fh.
1286 2298 1327 2329 C:
1366 2300 1485 2329 ‘sumta
1509 2300 1681 2329 translatio
1715 2309 1733 2329 a
1764 2301 1845 2330 boue

1 2344 202 2410 {cornupetay
240 2357 354 2395 quibus
379 2357 528 2386 cornibus
553 2356 585 2385 in
609 2356 725 2385 modum
748 2356 873 2386 ansulae
912 2356 1040 2386 foenum
1065 2356 1195 2393 alligari
1222 2356 1315 2392 solet,
1354 2356 1388 2385 in
1413 2356 1552 2394 signum,
1588 2360 1623 2386 ut
1659 2357 1734 2395 quia
1758 2357 1848 2385 fieret

2 2413 157 2457 {obuiam,
183 2414 252 2443 eius
277 2414 395 2443 uitaret
421 2414 608 2443 occursum.'
635 2431 676 2434 —
702 2412 821 2442 factam
846 2413 879 2441 M
905 2412 1047 2451 (Halm.)
1074 2411 1138 2441 Ae.
1166 2412 1234 2441 rell.
1271 2411 1392 2441 factam.
1429 2412 1528 2450 bouis,
1567 2422 1628 2442 om.
1661 2413 1744 2451 poni,
1782 2412 1847 2442 afh.

23 2468 106 2507 boni,
131 2479 189 2500 om.
216 2470 290 2508 poni
315 2480 345 2500 v.
370 2470 439 2500 rell.
464 2470 537 2500 boui
559 2471 643 2508 poni.
708 2471 762 2509 14)
788 2469 955 2499 maledicat
978 2469 1016 2499 de
1041 2478 1104 2506 un.,
1130 2478 1189 2498 orn.
1215 2468 1336 2505 (luerit,
1362 2468 1406 2498 fh.
1434 2469 1517 2498 male
1542 2469 1621 2498 dicet
1646 2469 1684 2498 de
1709 2478 1761 2498 un.
1787 2478 1848 2499 0111.

24 2525 92 2556 dix.
117 2535 145 2556 a.
169 2526 328 2557 maledicet
351 2527 389 2556 de
415 2537 470 2557 un.
496 2527 566 2556 dix.
593 2536 624 2556 v.
652 2526 808 2555 maledice
833 2526 864 2555 d.
890 2535 920 2554 u.
947 2526 1017 2555 dix.
1043 2524 1201 2555 MRA2G.
1269 2526 1323 2565 16)
1351 2525 1489 2555 dederim
1513 2525 1605 2554 MRA
1630 2525 1752 2565 (Hor)
1777 2526 1847 2555 rell.

25 2581 158 2611 dederis.
208 2582 263 2621 17)
290 2592 373 2621 pono
397 2582 429 2612 in
452 2592 533 2612 mero
558 2582 591 2611 Μ
616 2580 813 2621 (11011101οῬ).
840 2591 923 2620 pono
948 2591 1078 2612 numero
1103 2582 1141 2619 R,
1161 2592 1220 2612 om.
1247 2581 1287 2611 in.
1314 2591 1431 2620 ponere
1456 2591 1586 2612 numero
1610 2586 1787 2619 poetarum,
1814 2586 1849 2612 ut

25 2637 132 2668 haberi
158 2648 286 2670 numero
314 2639 491 2677 sapientum
516 2639 596 2677 Nep.
622 2638 736 2668 Thi-as.
763 2639 793 2668 4.
844 2638 900 2677 19)
926 2638 962 2667 Id
988 2642 1038 2668 est
1062 2647 1177 2676 magna
1201 2638 1336 2677 eloqueas
1353 2647 1385 2667 os
1411 2642 1442 2668 et
1466 2638 1578 2667 similia
1603 2647 1720 2668 canens
1744 2648 1764 2668 v
1789 2638 1848 2677 (si-

26 2694 115 2734 mila)
140 2704 168 2724 a.
196 2695 232 2725 Id
258 2699 316 2732 est,
343 2705 402 2725 om.
428 2705 548 2735 magma,
575 2695 656 2733 eloq.
682 2705 717 2724 os
744 2698 775 2724 et
800 2695 870 2724 sim.
897 2704 968 2724 can.
994 2694 1041 2723 fh.
1095 2694 1130 2724 Id
1157 2700 1206 2725 est
1230 2704 1335 2733 magn.
1363 2704 1410 2733 sp.
1438 2695 1571 2732 loquens
1598 2704 1632 2724 os
1659 2698 1690 2724 etv
1713 2694 1849 2724 sublimia

4 2753 94 2787 lcan.
112 2751 298 2791 MR2G(Q).
327 2751 364 2781 Id
389 2755 438 2782 est
461 2761 594 2790 magnas
619 2760 668 2780 res
692 2752 754 2789 loq.
781 2760 815 2781 os
841 2755 873 2781 et
896 2750 970 2780 subl.
997 2761 1066 2780 can.
1093 2751 1132 2780 A.
1159 2752 1222 2781 nisi
1248 2751 1304 2790 quz'
1318 2750 1453 2788 MRG‚v.
1473 2751 1543 2780 rell.
1568 2751 1633 2780 nisi
1658 2750 1743 2789 quod.
1791 2750 1850 2789 21)

27 2807 87 2843 Qui
112 2809 145 2838 in
169 2809 334 2839 comoedia
356 2808 442 2838 uei-bi
466 2809 545 2848 (sic)
571 2809 721 2838 uersibus
745 2807 856 2837 nostris
881 2826 921 2829 ——
948 2807 1056 2838 differt
1080 2807 1112 2837 in
1134 2812 1228 2838 metro
1253 2817 1355 2837 sermo
1381 2808 1465 2846 quod
1500 2808 1554 2836 illo
1588 2811 1691 2837 metro
1726 2808 1850 2836 conclu-

6 2861 8 2866 ’
28 2865 120 2896 datur
136 2866 179 2896 M.
205 2867 266 2903 Qui
292 2868 326 2896 in
350 2876 429 2897 com.
454 2876 558 2896 uerum
582 2875 664 2896 uers.
691 2861 758 2895 n'r'i‘s
784 2869 867 2896 cont.
893 2866 953 2896 hoc
978 2866 1046 2896 solo
1072 2864 1181 2895 differt
1206 2868 1300 2894 metro
1325 2873 1427 2893 sermo
1452 2864 1536 2902 quod
1562 2863 1616 2892 ille
1633 2867 1724 2892 metro
1749 2863 1849 2892 concl.

28 2921 64 2951 R.
90 2922 170 2958 Quia
196 2924 229 2952 in
245 2924 389 2953 comedia
408 2924 441 2952 in
460 2923 604 2953 uersibus
629 2922 697 2951 ffiis
722 2926 808 2952 cont.
835 2923 894 2952 hoc
918 2923 984 2952 solo
1010 2923 1077 2952 diff.
1103 2921 1135 2951 in
1158 2925 1259 2950 mett-0.
1285 2920 1312 2949 δι’
1336 2930 1437 2949 sermo
1463 2924 1563 2949 metro
1590 2920 1672 2958 quod
1699 2919 1753 2948 ille
1779 2928 1851 2948 con-

29 2979 172 3009 cludatur
199 2980 276 3019 (sic)
304 2980 332 3009 2.
358 2980 410 3008 Ex
435 2979 464 3008 A
488 2979 637 3008 Danielis
664 2980 820 3008 enotauit:
864 2978 896 3007 in
920 2978 1021 3008 metris
1046 2987 1101 3016 pro
1124 2977 1225 3007 mett-is
1251 2981 1281 3006 et
1305 2985 1401 3005 sermo
1429 2975 1507 3014 quod
1541 2985 1597 3013 pro
1633 2975 1711 3013 quod
1744 2983 1850 3003 sermo.

32 3032 76 3065 G:
114 3035 176 3071 Qui
202 3037 235 3065 in
260 3045 339 3065 corn.
365 3045 419 3065 uer
445 3037 477 3065 iu
502 3045 586 3065 uers.
612 3034 723 3064 nostris
747 3039 831 3064 cont.
858 3035 888 3063 h.
915 3044 940 3064 s.
968 3033 1036 3063 diff.
1063 3034 1095 3063 in
1119 3037 1210 3063 metro
1234 3032 1262 3062 εἰ
1286 3032 1393 3061 Sermo
1420 3031 1503 3069 quod
1529 3031 1582 3061 ille
1606 3041 1646 3060 m.
1673 3031 1772 3059 concl.
1809 3047 1851 3050 --—

31 3089 90 3126 Qui
117 3092 148 3121 in
175 3091 348 3122 Comoedia
371 3092 420 3121 uel
442 3093 474 3121 in
499 3092 645 3121 uersibus
669 3091 772 3120 metris
797 3095 880 3121 cont.
906 3091 937 3119 h.
965 3100 989 3120 s.
1017 3090 1086 3120 diff.
1113 3089 1222 3127 (metro
1246 3089 1281 3127 v)
1308 3088 1389 3126 quod
1415 3097 1517 3117 sermo
1542 3088 1598 3116 ille
1623 3090 1727 3116 metro
1751 3087 1850 3116 concl.

31 3146 106 3177 vafh
130 3152 160 3178 et
186 3147 225 3185 Q,
252 3148 305 3187 qui
331 3148 446 3178 iterum
472 3148 645 3186 desperans
670 3147 872 3186 conqueritur
897 3150 929 3176 et
954 3145 1141 3177 confitetur:
1177 3144 1256 3174 ‘alit's
1280 3143 1465 3174 emendanda
1490 3143 1563 3173 haec
1587 3141 1716 3183 reliqui?

1896 574 1914 604 ΕΠ

1874 941 1915 972 10

1874 1308 1913 1339 15
