2148 3412
155 926 194 957 lO

155 1295 194 1326 15

219 121 298 161 ¹572
853 127 958 159 ACR.
984 126 1044 158 ET
1070 125 1237 160 PORPH.
1262 124 1410 158 COMM.

337 254 430 295 208.
464 254 557 294 209.
590 251 766 299 Somnia,
799 259 971 293 terrores
994 252 1181 305 Μαρίους,
1212 249 1426 298 miracula,
1458 263 1591 303 saqas,
1621 248 1864 291 Nocturnos.
1922 239 2044 287 Haec

218 327 355 368 onmia
389 326 441 367 ad
474 325 810 380 superstitionem
842 325 1093 366 referuntur:
1154 322 1267 364 Mire
1298 322 1401 363 dicit
1430 337 1545 377 sayas
1566 320 1763 363 mulieres
1783 319 2046 376 magicarum

218 415 356 442 rerum
389 406 429 441 et
458 399 691 441 carminum
727 397 847 448 scias,
879 404 1093 452 tamquam
1129 396 1335 452 satisagas
1366 402 1405 436 et
1432 395 1610 437 multum
1630 400 1816 450 agentes,
1846 399 1891 435 ut
1910 407 2047 448 maqos

218 473 409 521 dicimus,
441 472 561 526 quasi
591 487 766 526 nmqnos,
798 487 822 512 a
852 471 1020 527 magnis
1050 470 1188 521 rebus,
1221 485 1326 525 quas
1361 476 1504 525 agunt.

331 547 425 588 209.
457 547 689 589 Noclurnos
721 546 902 587 lemures.
963 543 1150 586 Vmbras
1180 550 1384 600 uagantes
1414 543 1630 585 hominum
1663 548 1759 584 ante
1791 541 1903 582 diem
1933 554 2044 582 mor-

217 628 396 671 tuorum,
429 627 470 661 et
507 620 602 662 ideo
634 619 903 666 metucndas3
943 626 983 660 et
1012 625 1172 672 putant,
1211 618 1382 659 lemures
1411 631 1501 658 esse
1540 616 1686 667 dictos,
1725 615 1843 671 quasi
1875 615 2047 658 remules

219 710 243 735 a
272 695 409 743 Remo,
443 694 561 735 cuius
592 693 720 735 occisi
751 692 924 734 umbras
963 692 1093 733 frater
1122 690 1327 732 Romulus
1358 705 1453 731 cum
1485 689 1655 745 placare
1686 689 1825 740 uellet,
1858 689 2047 730 Lemuria

218 768 413 818 instituit,
445 767 490 808 id
520 775 592 815 cst,
625 766 872 822 parentalia,
906 780 1012 821 quae
1042 779 1185 807 mense
1206 764 1325 806 Maio
1356 778 1432 819 per
1461 763 1648 804 triduum
1679 762 1884 805 celebrari
1916 761 2048 803 solent

219 849 314 882 ante
345 841 535 882 additum
566 856 675 882 anno
706 854 893 882 mensem
923 838 1205 880 Februarium
1216 855 1226 888 3
1264 837 1317 879 ob
1350 853 1476 893 quam
1506 852 1595 879 rem
1625 836 1744 878 Maio
1774 850 1918 878 mense
1947 834 2047 876 reli-

220 916 291 972 gio
322 923 384 957 est
413 915 583 963 nubere,
616 922 656 955 et
686 914 784 955 item
814 913 985 963 Martio,
1019 913 1063 954 in
1093 927 1175 966 quo
1206 912 1257 953 de
1287 911 1446 967 nuptiis
1476 910 1619 953 habito
1651 910 1877 953 certamine
1908 925 1933 951 a
1960 908 2048 950 Mi-

218 1004 350 1031 nerua
379 988 498 1031 Mars
528 988 665 1030 uictus
696 994 769 1038 est,
802 995 842 1029 et
862 987 1032 1028 obtenta
1051 985 1295 1042 uirginitate
1327 987 1520 1030 Minerua
1541 985 1708 1027 Neriene
1736 991 1798 1026 est
1824 982 2048 1039 adpellata.

329 1071 587 1120 portentaque
622 1062 818 1104 Thessala.
879 1060 1178 1103 Thessalorum
1208 1059 1508 1116 promissiones
1527 1059 1849 1108 incantatorum,
1881 1057 1933 1098 de
1955 1056 2049 1112 qui-

220 1137 296 1179 bus
327 1137 384 1178 ait
422 1137 615 1191 Verye'lz'us
647 1134 722 1190 (A.
754 1134 833 1185 IV,
865 1135 990 1191 487):
1026 1136 1134 1177 Haec
1163 1151 1202 1177 se
1245 1135 1488 1176 carminibus
1509 1134 1705 1190 promittit
1748 1133 1900 1174 soluere
1944 1145 2050 1172 men-

221 1221 274 1253 tes
308 1212 421 1262 Quas
451 1211 549 1252 uelit
579 1215 669 1257 ete„
702 1216 740 1250 et
772 1208 843 1263 (B.
875 1207 999 1259 VIII,
1032 1210 1127 1264 97):
1170 1209 1244 1250 Hz's
1275 1223 1344 1264 eqo
1375 1223 1488 1265 saepe
1520 1208 1661 1265 lupum
1688 1206 1779 1263 fieri
1807 1214 1842 1248 ec
1872 1221 1911 1248 se
1943 1219 2049 1248 con-

222 1287 314 1328 dere
343 1286 455 1327 saeluz's
486 1286 669 1329 Moerim..
702 1290 742 1324 et
771 1283 885 1338 quod
916 1282 1114 1337 sequitur.

333 1360 450 1401 rides.
484 1356 774 1412 Contempnis.

334 1434 427 1475 210.
458 1434 623 1476 Natales
651 1440 766 1488 gyrate
801 1431 1017 1473 numeras?
1078 1428 1206 1482 Quod
1250 1443 1336 1470 non
1378 1428 1537 1470 faciunt
1579 1426 1757 1469 nimium
1801 1425 1939 1467 timidi
1985 1438 2049 1467 se-

221 1506 399 1548 nectutis
429 1513 471 1548 et
500 1506 659 1557 mortis,
692 1520 818 1560 quam
852 1504 990 1562 [quia]
1023 1518 1074 1546 ex
1104 1502 1315 1545 natalibus
1345 1502 1486 1544 multis
1520 1500 1735 1558 [mortem]
1767 1500 1852 1542 iam
1882 1500 2049 1555 iamque

221 1580 457 1636 proximam
487 1579 824 1636 perhorrescunt.

335 1656 428 1696 212.
466 1654 575 1705 Quid
606 1654 652 1695 de
684 1661 864 1709 eoeempta
894 1653 1014 1694 leuat.
1073 1650 1305 1707 Allegoria.
1353 1649 1470 1702 Quid
1501 1649 1684 1705 prodest,
1716 1648 1864 1704 inquit,
1895 1662 1980 1690 uno
2010 1653 2050 1688 te

222 1742 364 1769 carere
395 1728 497 1769 uitio
532 1727 611 1785 [et]
646 1743 669 1768 a
700 1734 784 1768 tam
816 1726 959 1768 multis
989 1740 1227 1782 possessum
1261 1723 1421 1781 [csse]‘?

334 1803 428 1843 213.
467 1802 606 1843 waere
637 1803 675 1842 εἰ
700 1810 805 1843 recte
835 1805 977 1851 neseis,
1012 1801 1092 1842 dec.
1121 1801 1274 1855 peritis.
1332 1797 1405 1838 Da
1430 1796 1581 1846 locum,
1612 1795 1761 1852 inquit,
1792 1794 2049 1843 melioribus,

222 1875 294 1930 qui
326 1877 502 1930 (recte?)
533 1874 678 1916 uiuere
710 1874 844 1916 sciunt
878 1872 1022 1930 [atque
1053 1872 1131 1914 tibi
1162 1871 1412 1928 succedunt]
1446 1878 1484 1912 et
1515 1870 1649 1925 perite
1680 1869 1909 1912 succedunt
1938 1868 2027 1911 tibi.

335 1950 429 1990 214.
462 1949 614 1991 Lusisti
641 1950 748 1990 salis.
809 1947 908 1989 Hoc
944 1947 1058 2003 apud
1087 1946 1361 2002 philosophos
1390 1946 1700 2000 frequentatum
1745 1950 1819 1995 est,
1866 1944 1919 1985 de
1962 1943 2051 1985 uita

156 2039 184 2063 2>
222 2022 453 2078 sapientem
485 2022 602 2064 abire
633 2028 826 2077 oportere
857 2036 991 2076 aequo
1022 2020 1175 2069 animo,
1220 2028 1265 2061 ut
1296 2035 1317 2061 e
1349 2019 1544 2062 conuiuio
1584 2025 1750 2075 pastum
1781 2024 2050 2072 saturumque

223 2096 457 2139 conuiuam.
516 2095 575 2137 Et
604 2095 818 2138 moraliter
848 2095 1071 2151 repetitum
1102 2096 1211 2144 satis,
1244 2093 1355 2149 quod
1386 2093 1705 2135 adclamationis
1735 2099 1808 2135 est.

339 2236 370 2276 l)
396 2234 554 2265 filit-acula
580 2235 657 2265 dicit
682 2234 765 2273 sagis
790 2235 867 2264 mul.
893 2234 966 2264 MR.
992 2235 1074 2264 mira
1099 2233 1138 2265 G.
1165 2234 1233 2264 rell.
1258 2233 1346 2263 Mire.
1408 2233 1442 2272 3)
1469 2233 1594 2263 scientes
1619 2232 1674 2262 afh
1697 2232 1767 2262 rell.
1792 2230 1872 2262 scias
1897 2230 1975 2270 (sias
1999 2229 2048 2270 v).

221 2294 257 2332 4)
283 2302 361 2331 quas
385 2302 416 2322 se
437 2292 581 2331 perficere
602 2301 688 2330 posse
712 2291 826 2321 ‘lactant
849 2291 938 2322 vafh.
964 2291 1033 2321 rell.
1059 2300 1138 2330 quas
1163 2295 1262 2331 ayunt.
1324 2291 1359 2329 5)
1385 2291 1516 2319 lemores
1541 2288 1615 2319 MG.
1643 2293 1725 2327 spat.
1751 2299 1819 2319 uae.
1844 2288 1881 2318 R.
1908 2288 1978 2318 rell.
2003 2287 2049 2317 le-

221 2359 334 2380 mures.
401 2347 436 2389 6)
461 2349 611 2379 Remulos
635 2358 654 2378 a
676 2349 776 2380 Remo
801 2348 837 2377 R.
864 2348 999 2378 remulos
1024 2357 1042 2377 a
1066 2357 1152 2378 remo
1176 2347 1247 2376 MR.
1284 2356 1426 2377 remuros
1448 2345 1537 2376 vafh.
1574 2345 1706 2376 remules
1736 2345 1832 2376 Auct.
1858 2355 1887 2384 p.
1915 2345 1991 2375 695.
2015 2353 2050 2373 re

221 2406 318 2436 mules
341 2406 405 2449 Βφ.
454 2406 488 2445 8)
515 2405 660 2436 solebant
683 2404 777 2435 Auct.
803 2406 824 2435 l.
850 2406 871 2434 1.
898 2409 930 2435 et
954 2406 1001 2435 fh.
1069 2406 1123 2444 10)
1151 2409 1183 2434 et
1210 2405 1256 2434 ire
1280 2403 1385 2434 MRG.
1450 2404 1505 2443 11)
1530 2403 1669 2433 Neriene
1693 2401 1926 2441 MRA(GQ)‚v.
1951 2404 2049 2431 recte.

222 2467 349 2501 praeter
372 2463 478 2492 Plaut.
505 2463 575 2492 Mil.
601 2463 643 2500 ΙΙ,
670 2464 701 2500 6,
728 2463 769 2492 34
795 2462 867 2500 lege
891 2462 996 2492 locum
1021 2462 1188 2492 classicum
1215 2461 1298 2491 Gell.
1323 2460 1411 2498 XIII,
1427 2460 1486 2489 22:
1515 2477 1552 2481 —
1580 2469 1654 2489 nam
1678 2459 1814 2498 proinde
1837 2462 1873 2488 ut
1897 2458 2048 2497 Anienem,

223 2521 268 2548 sic
292 2519 451 2549 Nerienem
477 2520 634 2549 dixerunt
659 2519 791 2549 Veteres
816 2519 910 2548 tertia
936 2519 1063 2558 syllaba
1087 2520 1261 2558 producta;
1299 2519 1332 2548 id
1362 2521 1470 2547 autem
1496 2517 1564 2546 siue
1589 2517 1689 2546 Nerio
1714 2517 1783 2546 siue
1807 2516 1962 2546 Nerienes
1989 2518 2049 2551 est,

223 2576 379 2606 Sabinum
403 2577 538 2606 uerbum
564 2577 635 2606 est.’
662 2576 790 2605 Nereine
815 2575 911 2605 Auct.
938 2586 968 2614 p.
996 2576 1078 2606 695:
1117 2576 1146 2604 ‘a
1169 2575 1317 2605 Minerua
1340 2573 1427 2604 Mars
1453 2574 1557 2603 uictus
1583 2576 1631 2602 est
1661 2572 1726 2613 [et]
1755 2573 1889 2603 obtenta
1912 2572 2049 2610 uirgini-

223 2636 299 2669 tate,
326 2637 352 2662 et
378 2632 491 2672 [Min.]
519 2634 648 2662 Nereine
674 2638 723 2662 est
747 2633 922 2671 appellata'
947 2632 1108 2671 (transpo.
1134 2636 1162 2662 et
1186 2635 1283 2671 atque
1308 2641 1370 2662 om.
1396 2631 1571 2669 Minerua).
1589 2629 1700 2660 Nerine
1725 2630 1790 2659 afh.
1843 2630 1897 2669 12)
1923 2630 2050 2659 thessa-

223 2690 275 2719 lio.
303 2688 361 2728 (G)
388 2690 608 2728 promissionis
632 2689 702 2719 MR.
755 2687 812 2727 14)
838 2693 897 2718 etc.
923 2698 982 2719 om.
1010 2689 1055 2719 fh.
1076 2706 1114 2710 ——-
1135 2693 1165 2719 et
1192 2689 1320 2718 secund.
1348 2687 1426 2727 (sic)
1455 2698 1478 2717 s.
1505 2686 1624 2717 moerin
1648 2685 1713 2716 MG
1739 2687 1773 2725 (1
1793 2696 1834 2716 m.
1863 2686 1919 2716 sed
1943 2683 2048 2725 corn).

223 2747 254 2774 iu
280 2746 307 2775 R
331 2751 413 2784 spat.
440 2756 506 2776 uac.
534 2747 582 2776 his
608 2747 716 2776 uerbis
743 2746 797 2775 rel.
826 2750 883 2776 est.
941 2746 996 2785 16)
1023 2746 1195 2776 contemnis
1220 2745 1262 2774 M.
1290 2745 1451 2774 Lemmati
1476 2743 1511 2773 fh
1535 2744 1677 2773 addunt:
1702 2742 1831 2782 a‘ynoscis
1855 2760 1894 2764 —-
1921 2745 2048 2772 senecta.

227 2803 282 2841 18)
309 2803 423 2833 mortis
448 2813 536 2842 quam
562 2813 603 2832 cx
621 2813 652 2833 n.
679 2813 719 2832 m.
746 2803 810 2832 iam
835 2802 960 2840 iamque
985 2803 1072 2840 perh.
1100 2802 1252 2841 M(neg1.
1281 2801 1324 2841 Q)
1350 2802 1388 2831 R.
1413 2801 1481 2831 rell.
1509 2802 1633 2839 mortis,
1659 2799 1729 2839 quia
1755 2809 1797 2830 ex
1813 2809 1843 2829 n.
1862 2810 1903 2829 m.
1927 2804 2050 2829 mortem

223 2857 283 2887 iam
308 2869 401 2896 prox.
429 2860 516 2897 perh.
542 2860 631 2889 vafh.
659 2860 769 2889 multis
797 2859 860 2888 iam
885 2859 949 2887 iam
987 2858 1135 2896 (mortem
1162 2860 1195 2888 in
1221 2858 1338 2896 marg.)
1376 2867 1468 2897 prox.
1506 2858 1594 2896 perh.
1621 2856 1660 2887 G.
1725 2857 1782 2896 21)
1807 2860 1835 2885 et
1858 2865 1876 2885 a
1900 2859 1925 2886 t.
1951 2865 1992 2885 m.
2018 2865 2048 2894 p.

223 2923 285 2943 esse
309 2916 395 2944 vaffi.
445 2917 501 2955 22)
528 2916 658 2946 Lemma
690 2916 755 2946 Vsu.
781 2916 808 2945 εἰ
830 2926 856 2944 r.
883 2916 1090 2954 amplificaui.
1140 2917 1196 2955 23)
1223 2916 1328 2945 sciunt
1365 2919 1391 2944 et
1407 2918 1500 2954 patre
1529 2913 1668 2944 succedit
1700 2913 1761 2943 tibi
1798 2912 1842 2941 M.
1879 2912 1985 2942 sciunt
2019 2915 2050 2941 nt

223 2974 301 2999 recte
328 2972 503 3001 sut-cederit
527 2974 589 3002 tibi
614 2972 650 3002 R.
689 2976 786 3011 atque
813 2996 820 3002 .
848 2995 854 3001 .
882 2995 889 3002 .
916 2995 923 3002 .
951 2972 1094 3001 succedit
1119 2972 1180 3001 tihi
1207 2970 1244 3002 G.
1276 2975 1372 3010 atque
1396 2972 1455 3001 tibi
1479 2970 1642 3001 succedunt
1664 2969 1752 3000 vafh.
1800 2969 1852 2998 Da
1877 2986 1918 2990 -—
1943 2969 2048 2998 sciunt

224 3026 286 3070 Βφ.
322 3027 349 3061 Q
375 3028 493 3057 uoluit:
521 3033 551 3058 ct
571 3034 681 3067 patere
706 3029 869 3059 succedere
893 3029 964 3059 tibi.
991 3028 1026 3058 C.
1052 3028 1233 3058 Hermann:
1262 3029 1370 3058 sciunt
1395 3031 1484 3058 recte
1503 3031 1534 3057 et
1549 3025 1653 3056 meo-ito
1671 3035 1695 3058 s.
1713 3029 1737 3055 t.
1763 3025 1921 3063 Equidem
1938 3024 2047 3063 posui:

226 3088 257 3113 et
275 3084 374 3122 perite
399 3086 571 3115 succedunt
598 3087 669 3116 tibi.
734 3086 790 3124 26)
816 3086 989 3124 repetitum
1013 3084 1178 3125 MRG(Q).
1202 3085 1323 3124 petitum
1347 3095 1377 3115 v.
1415 3085 1556 3122 positum
1582 3083 1647 3113 afh.
1674 3099 1714 3105 -—
1741 3082 1824 3122 apud
1845 3081 2048 3112 elamationis

226 3139 305 3178 (sic)
332 3140 402 3169 MP..
429 3142 498 3171 rell.
525 3142 600 3172 accl.
