2148 3412
223 134 304 176 500
853 138 959 172 Aca.
984 138 1045 170 ET
1071 137 1237 170 Pom‘n.
1263 136 1412 170 COMM.

222 268 466 314 animumY).
503 279 569 306 ros
601 271 641 305 ct.
672 269 920 319 argumenta
950 260 1132 318 neglexi,
1170 260 1323 316 quibus
1366 260 1437 302 ille
1466 259 1731 316 Lycambam
1767 258 2047 316 persequitur,

223 357 247 382 a
278 355 358 395 quo
389 338 632 393 repudiatus
664 344 724 379 cst
756 351 899 393 gener.
1979 327 1992 334 ”

336 414 401 453 26.
433 413 489 453 ,lc
520 427 568 453 ue
599 427 657 452 me
687 412 794 465 foliis
814 411 912 452 ideo.
971 408 1238 455 Timendum,
1269 422 1321 449 ne
1351 422 1417 449 me
1448 407 1618 463 parcius
1647 407 1807 456 laudes,
1837 413 2051 462 tamquam

222 487 266 527 in
297 485 440 527 metris
470 484 574 525 nihil
603 484 804 526 incohare
835 498 982 525 ausum
1014 497 1062 523 ac
1093 482 1280 536 proferre
1310 496 1387 536 pro
1418 495 1524 529 meo,
1555 480 1698 531 multa,
1729 480 1878 534 inquit,
1915 494 1966 521 ex
1986 479 2051 520 di-

157 571 175 602 5
224 559 359 601 uersis
389 558 631 600 auctoribus
661 558 787 599 etiam
817 557 908 613 ipsc
941 555 1158 611 conposui,
1195 554 1412 610 docetque,
1445 554 1799 609 quemadmodum
1828 553 1920 609 ipse
1952 567 2052 595 con-

224 632 422 688 posuerit.

339 707 405 747 28.
443 706 653 760 Temperat
682 703 915 745 Archilochi
942 703 1118 745 Musam.
1177 700 1234 742 Et
1264 700 1527 751 Archilochi,
1560 699 1711 755 inquit,
1742 699 1870 741 Musa
1899 699 2056 741 utimur

226 787 265 821 et
298 777 528 834 Sapphicis
558 776 764 818 uersibus.
835 777 1026 819 Mascula
1056 781 1195 816 autem
1228 772 1415 829 Sappho,
1462 773 1531 815 uel
1561 774 1660 829 quia
1690 773 1734 814 in
1764 772 1929 828 poetico
1962 772 2055 816 stilo

228 852 385 909 [studio
415 859 582 892 uersata
613 856 685 899 est,
718 850 761 890 in
792 864 874 904 quo
906 848 1073 904 saepius
1104 847 1259 904 mares]
1294 854 1356 889 est
1384 847 1574 901 aequalis
1604 846 1726 897 mari,
1757 846 1825 888 uel
1856 846 1955 901 quia
1983 845 2055 887 tri-

164 936 207 968 10
232 926 307 968 bas
339 925 581 966 diffiunatur
609 924 750 965 fuisse.

341 1000 406 1039 29.
441 999 650 1054 Temperat
682 997 864 1039 Alcaeus.
923 994 1168 1044 Miscemus,
1200 993 1348 1049 inquit,
1380 1000 1419 1034 et
1448 992 1600 1035 Alcaei
1628 999 1820 1044 metrum,
1853 993 1927 1035 sed
1958 993 2052 1049 (ne-

228 1087 308 1128 que
339 1071 489 1113 iisdem
520 1070 664 1125 rebus)
696 1083 833 1123 neque
864 1068 1011 1110 codem
1042 1067 1189 1109 ordine
1219 1067 1376 1108 utimur
1405 1081 1618 1108 uersuum.

341 1147 408 1186 30.
439 1145 520 1186 Nec
550 1158 734 1185 socerum
764 1147 931 1198 quaerit.
994 1139 1197 1184 Socerum
1227 1140 1491 1196 Lycambam
1522 1139 1672 1196 poscit.

342 1220 408 1259 31.
441 1219 524 1261 Nec
556 1231 725 1273 sponsae
757 1217 954 1271 laqueum.
1014 1214 1257 1270 Νεοβούλην
1290 1213 1404 1255 dicit.

162 1303 202 1335 15
342 1293 408 1333 30.
441 1293 506 1332 31.
538 1292 621 1334 Nec
637 1305 820 1332 socerum
854 1316 900 1319 -—
935 1290 1017 1332 Nec
1037 1303 1204 1345 sponsae
1237 1314 1303 1329 .—-
1334 1286 1427 1330 Hos
1459 1287 1570 1329 enim
1601 1287 1655 1328 ad
1685 1286 1879 1342 laqueum
1909 1286 2062 1329 dicitur

229 1365 511 1407 Archilochus
543 1364 782 1419 conpulisse
813 1363 960 1404 infami
992 1362 1189 1404 carmine.

342 1441 407 1480 32.
442 1440 563 1480 Hunc
593 1453 674 1492 eqo.
733 1436 1040 1478 Archilochum
1072 1435 1245 1477 scilicet.

342 1527 423 1554 uon
454 1513 533 1553 alio
565 1513 726 1554 dictum.
799 1510 896 1552 Hoc
927 1518 1001 1560 est,
1048 1509 1161 1564 quod
1192 1508 1307 1558 dicit,
1350 1508 1568 1550 dumtaxat
1597 1509 1640 1549 in
1673 1509 1923 1563 auctoresi')‚
1969 1508 2062 1550 nul-

229 1586 310 1628 lius
342 1600 384 1628 se
415 1585 669 1626 imitatorem
700 1600 790 1626 esse
811 1586 828 1639 Η
850 1584 1068 1625 dumtaxat
1097 1583 1141 1624 in
1172 1589 1375 1624 auctores.
1398 1583 1415 1636 Η

162 1672 204 1703 20
343 1661 409 1701 33.
440 1662 482 1700 iu
514 1667 744 1700 memorata.
804 1656 848 1698 A
878 1657 994 1698 nullo
1025 1656 1230 1711 scriptore
1264 1655 1334 1711 [ex
1362 1654 1551 1712 Latinis]
1586 1662 1681 1697 ante
1712 1670 1778 1697 me
1809 1656 1933 1698 dicta.

343 1734 409 1774 34.
442 1734 634 1787 inqenue's.
695 1731 792 1773 Hoc
822 1731 891 1772 uel
921 1731 975 1771 ad
995 1729 1302 1771 Archilochum
1333 1729 1512 1770 refertur
1542 1729 1672 1771 multa
1703 1729 1885 1771 obscena
1918 1729 2064 1772 dicen-
2107 1746 2109 1751 ⁴

230 1814 327 1854 tem,
358 1805 426 1847 uel
457 1805 510 1847 ad
540 1805 769 1855 Lucilium,
802 1804 874 1859 qui
905 1818 1037 1858 aeque
1067 1803 1198 1844 multa
1231 1801 1434 1859 [P]unice
1465 1817 1618 1858 spurca
1650 1803 1881 1859 conposuit.

231 1956 291 1985 tuli
312 1957 341 1985 2.
368 1956 438 1984 rell.
465 1959 576 1985 transt.
602 1955 659 1984 nil.
686 1959 823 1985 metrum
847 1958 976 1984 ceterum
1000 1963 1051 1983 res
1076 1951 1227 1989 MR2G‚v
1253 1952 1375 1991 (caet).
1404 1970 1444 1973 a
1471 1957 1608 1983 metrum
1633 1954 1685 1983 sed
1708 1963 1758 1984 res
1784 1955 1849 1984 afh.
1876 1954 1959 1984 conf.
1986 1954 2063 1984 Acr.

233 2017 260 2041 et
283 2012 414 2041 (utimum
441 2012 607 2049 (numeros
633 2012 821 2049 animosque
846 2010 938 2048 Hor.)
973 2011 1074 2039 latere
1099 2010 1227 2039 uidetur
1252 2010 1284 2039 in
1310 2013 1451 2046 ceterum,
1490 2019 1553 2040 11011
1577 2014 1622 2039 set
1646 2020 1668 2040 s.
1699 2012 1768 2040 sed.
1796 2011 1939 2050 neglexit
1961 2010 2065 2041 MRG.

232 2069 302 2098 rell.
340 2067 478 2106 neglexi.
506 2072 590 2097 recte
614 2067 768 2097 transtuli
793 2085 831 2088 —
859 2067 998 2105 neglexi,
1024 2076 1102 2096 non:
1130 2066 1231 2104 inquit
1255 2084 1293 2086 —
1321 2070 1469 2096 caeterum
1492 2076 1541 2096 res
1565 2071 1593 2096 et
1615 2077 1681 2108 ary.
1707 2068 1855 2106 negleoez't-

338 2125 370 2163 1)
397 2124 575 2163 lycambam
592 2124 794 2162 MRG,v(Q).
813 2124 988 2163 lycambem
1006 2123 1090 2166 2Βφ.
1109 2123 1287 2163 Lycamben
1305 2122 1372 2152 afh.
1398 2132 1416 2152 a
1433 2132 1494 2153 0111.
1514 2123 1616 2154 MRG.
1665 2123 1700 2163 3)
1727 2134 1763 2154 ac
1779 2134 1862 2154 mene
1875 2125 1953 2164 (sic)
1968 2124 2066 2155 foliis.

234 2181 311 2210 Ideo
336 2180 494 2210 timendam
518 2190 555 2210 ac
580 2190 621 2210 ne
648 2190 697 2210 me
722 2179 825 2210 MRG.
864 2181 909 2210 Ac
933 2189 969 2209 ue
992 2189 1037 2209 me
1050 2179 1111 2218 fol.
1141 2179 1208 2208 ideo
1231 2179 1313 2208 brea.
1340 2188 1437 2208 ornes.
1464 2179 1513 2208 Ne
1538 2188 1587 2209 me
1611 2179 1657 2209 fh.
1684 2190 1721 2210 ac
1744 2190 1789 2210 me
1812 2191 1848 2210 ue
1872 2181 1969 2211 foliis.
1996 2182 2067 2211 ideo

233 2246 269 2266 ac
295 2246 333 2266 ne
360 2247 409 2266 me
434 2247 463 2266 v.
502 2237 551 2266 Ac
576 2246 616 2266 ne
642 2247 692 2266 me
716 2237 802 2267 foliis
828 2237 909 2269 ideo,
936 2246 976 2266 ne
1000 2246 1049 2266 me
1075 2246 1102 2265 a.
1139 2235 1188 2265 Ac
1212 2245 1251 2265 ne
1277 2245 1326 2265 me
1350 2236 1371 2264 f.
1398 2236 1446 2264 An
1470 2245 1509 2265 ne
1534 2245 1584 2265 me
1610 2236 1647 2271 Q.
1712 2238 1747 2277 4)
1773 2238 1807 2267 in
1833 2247 1931 2276 quare
1956 2237 1990 2267 M
2015 2237 2065 2276 (in

233 2302 295 2331 qua
321 2303 354 2322 re
379 2294 487 2324 Halm.
514 2294 646 2332 inquare
672 2294 728 2332 Q).
755 2295 788 2323 in
813 2303 875 2332 qua
900 2303 933 2323 re
960 2294 988 2322 2.
1014 2294 1147 2331 inquare
1173 2291 1210 2322 G.
1248 2292 1392 2322 incohare
1416 2292 1453 2322 R.
1479 2293 1549 2322 rell.
1576 2294 1736 2323 innouare.
1801 2294 1836 2333 5)
1864 2295 1962 2324 etiam
1988 2293 2066 2332 MG,

232 2350 293 2385 vQ.
319 2351 389 2379 rell.
416 2361 478 2380 om.
506 2369 547 2371 ὴ-
574 2350 739 2389 conposuit
762 2351 804 2379 M.
830 2351 901 2381 rell.
930 2350 1102 2388 composui.
1129 2366 1171 2370 ——
1197 2349 1308 2379 doceat
1343 2348 1422 2387 (non
1459 2349 1633 2388 doceatque,
1671 2354 1708 2380 ut
1742 2350 1799 2380 ref.
1825 2350 1868 2390 Q)
1905 2349 2061 2390 MR(G‘.>).

235 2407 413 2445 doceatque
429 2417 460 2436 v.
487 2408 665 2445 quemadm.
692 2408 760 2445 ipse
778 2407 907 2444 MR-2‚v.
928 2407 998 2445 ipse
1015 2416 1075 2437 om.
1096 2405 1238 2443 G‚ath.
1267 2406 1408 2444 quomodo
1433 2416 1533 2444 comp.
1559 2406 1623 2436 afh.
1675 2407 1708 2446 7)
1735 2407 1917 2438 Archilocis
1941 2407 1981 2436 A.
2031 2407 2066 2446 8)

235 2463 353 2492 Safficis
380 2482 405 2484 —
423 2463 502 2494 saffo
520 2464 563 2493 M.
581 2465 721 2502 saphicis
740 2481 775 2484 —
793 2465 894 2502 sapho
912 2463 947 2492 R.
976 2463 1148 2502 Sapphicis
1161 2462 1222 2492 Ae.
1244 2466 1275 2491 et
1294 2461 1450 2500 Sapphus,
1476 2473 1537 2493 om.
1556 2464 1715 2501 uersibus,
1732 2464 1788 2493 afh
1807 2464 1858 2502 (νε
1879 2463 2006 2503 saphz‘s).
2025 2480 2066 2484 —-

234 2519 306 2549 stilo
324 2521 360 2549 R.
380 2525 509 2551 uersata
526 2530 584 2551 om.
603 2520 730 2550 MR2G.
758 2521 864 2550 studio
884 2525 1032 2559 tamquam
1056 2519 1185 2549 uerbata
1202 2520 1219 2549 ἓ
1235 2529 1265 2548 v.
1286 2520 1417 2556 scripsi:
1446 2524 1495 2549 est
1519 2520 1652 2559 aequalis
1677 2530 1700 2549 s.
1725 2520 1831 2550 similis
1854 2522 1946 2550 mari.
1971 2519 2066 2550 Auct.

234 2586 264 2614 p.
293 2578 376 2607 694:
402 2577 461 2606 Vel
487 2578 561 2615 quia
587 2578 621 2606 in
640 2576 766 2615 poeticis
790 2586 889 2606 mares
913 2576 1060 2615 aequauit.
1087 2576 1188 2605 vafh:
1219 2577 1250 2605 111
1270 2585 1331 2614 quo
1350 2576 1476 2614 saepius
1494 2575 1605 2606 enituit.
1658 2577 1712 2616 12)
1739 2587 1834 2616 neque
1857 2577 1960 2607 iisdem
1982 2576 2067 2607 rebus

236 2642 277 2662 ex
302 2633 379 2663 Hor.
407 2638 463 2663 aut
486 2643 578 2672 neque
603 2633 706 2664 eadem
733 2633 861 2662 materia
899 2643 939 2662 ex
964 2634 1093 2663 Acrone
1130 2632 1314 2662 addendum
1349 2636 1408 2662 est.
1436 2651 1475 2653 —
1501 2633 1588 2662 rebus
1614 2651 1653 2655 »-
1681 2633 1789 2663 ordine
1814 2652 1856 2655 -4
1881 2634 1958 2664 Hor.
2011 2633 2064 2672 13)

235 2695 261 2718 ει
286 2700 349 2719 soc.
378 2700 429 2728 qu.
456 2690 531 2719 MG.
559 2708 600 2710 ——
627 2690 831 2729 Lycambam.
858 2690 932 2719 uide
958 2699 1062 2728 supra.
1090 2699 1215 2727 poscam
1239 2688 1314 2718 MG.
1349 2693 1467 2727 postam
1491 2689 1538 2719 Ra
1566 2689 1773 2729 (lycambem).
1801 2690 1977 2730 Lycambae
2001 2689 2066 2720 afh.

239 2749 293 2786 14)
319 2748 394 2783 Hos,
420 2756 563 2776 soc-erum
591 2750 621 2776 ct
649 2756 811 2785 sponsam,
839 2747 940 2784 posui.
966 2747 1043 2776 lzanc
1070 2746 1107 2781 Q.
1134 2747 1211 2775 Eam
1236 2746 1282 2775 fh.
1349 2746 1404 2784 16)
1430 2746 1493 2775 Nec
1517 2755 1578 2784 spo.
1604 2746 1662 2785 laq.
1689 2755 1748 2776 om.
1774 2747 1845 2777 MR.
1872 2747 2065 2777 NEOBOY-

236 2800 304 2834 MN
331 2805 419 2833 uicit.
453 2805 510 2833 has
548 2804 591 2833 M.
637 2799 806 2845 νεοβούλιμ
830 2803 916 2833 uicit.
943 2804 1000 2832 has
1026 2802 1064 2832 G.
1102 2799 1294 2845 τρεοβοΰὶψ.
1319 2803 1398 2832 uicit
1422 2803 1479 2832 has
1506 2803 1567 2832 Ae.
1607 2803 1706 2841 (spat.
1731 2805 1817 2842 uae.)
1845 2805 1923 2834 uicit
1948 2804 2005 2833 has
2028 2803 2064 2833 R.

236 2861 302 2889 Noc
322 2861 460 2898 spondae
486 2860 569 2890 inicit
593 2861 753 2899 laqueum.
781 2870 810 2889 11.
826 2859 884 2897 (z
903 2860 1002 2898 enim)
1018 2860 1058 2888 ad
1084 2860 1235 2898 laqueum
1261 2860 1378 2889 dicitur
1403 2859 1613 2889 Archilochus
1639 2861 1808 2898 copulisset
1833 2860 1890 2890 inf.
1916 2870 2010 2890 carm.
2036 2869 2066 2889 v.

238 2917 303 2945 Nec
322 2922 429 2954 sponte
447 2918 478 2946 z'u
497 2918 559 2955 laq.
579 2927 643 2947 eum
668 2918 753 2946 0111111
772 2917 811 2946 ad
830 2917 892 2954 laq.
921 2917 963 2945 (li.
990 2926 1091 2954 comp.
1118 2917 1174 2945 inf.
1202 2926 1295 2946 carm.
1315 2926 1342 2945 a.
1369 2916 1438 2959 Βφε
1465 2917 1497 2945 id
1523 2920 1591 2946 est:
1617 2917 1691 2946 Non
1716 2925 1809 2946 narro
1835 2925 1893 2955 ego
1918 2918 2066 2955 laqueum

2083 2710 2087 2729 1

2083 2872 2086 2883 t

239 2982 299 3010 quo
326 2974 439 3002 nexuit
468 2975 648 3003 archilocus
675 2983 825 3011 sponsam
852 2982 952 3002 suam.
1006 2973 1059 3010 17)
1085 2972 1179 3001 Hunc
1203 2982 1278 3011 ergo
1302 2973 1372 3002 MR.
1441 2973 1496 3012 18)
1524 2983 1589 3003 non
1613 2972 1737 3002 aliunde
1760 2977 1810 3003 est.
1837 2973 1897 3003 hoc
1921 2977 1970 3003 est
1993 2972 2064 3002 MR.
2108 2982 2111 2990 s

238 3029 462 3059 Archilochum
490 3032 626 3066 scilicet,
652 3041 711 3060 non
735 3031 826 3060 alium
850 3030 942 3060 vasli.
958 3048 997 3050 *a
1014 3030 1185 3060 dumtaxat
1212 3030 1318 3068 (dunt.
1344 3029 1417 3068 afh)
1444 3030 1477 3058 in
1503 3033 1649 3059 auctores
1678 3029 1779 3068 (auth.
1796 3029 1846 3068 fh)
1873 3039 1956 3060 omn.
1981 3029 2064 3059 libri.
2106 3028 2107 3034 ¹

242 3088 298 3125 20)
325 3096 342 3115 a
369 3088 455 3116 nullo
480 3097 510 3116 se
536 3087 650 3117 timoris
675 3092 748 3117 ante
774 3098 824 3117 me
850 3088 893 3117 di.
919 3085 1044 3116 MR2G.
1072 3096 1090 3115 a
1114 3087 1202 3117 nullo
1227 3097 1263 3116 ea:
1288 3086 1389 3117 latinis
1418 3090 1494 3116 ante
1530 3095 1578 3115 me
1615 3086 1658 3115 di.
1695 3085 1813 3121 vath.
1850 3085 1971 3116 Acron:
2008 3093 2079 3123 ego¹
2104 3102 2105 3105 =

241 3143 322 3181 apud
345 3144 468 3173 Latinos
493 3145 624 3182 primus.
663 3146 754 3183 posui
778 3144 936 3184 scriptore.
962 3143 1116 3174 lucillium
1140 3143 1184 3174 M.
1250 3145 1307 3185 22)
1333 3142 1462 3182 punices
1487 3152 1602 3183 purcea
1626 3142 1669 3172 M.
1695 3143 1812 3182 punice
1837 3151 1976 3182 spurcea.
2003 3140 2084 3230 2G'l
2140 3139 2143 3141 “

2140 345 2148 387 i

2139 422 2148 460 r.

2108 2192 2119 2210 :a
2106 1930 2123 2155 »ωε-εὔρῳ.»
2113 1907 2117 1915 -
