2148 3412
753 131 802 162 IN
828 130 963 163 snRM.
990 131 1017 171 1,
1047 135 1096 163 10.
1761 120 1840 160 173

16 255 161 312 tangit.
197 257 214 309 Η
249 254 411 309 quuIat.
453 268 555 309 ergo
600 253 718 304 dixit,
756 260 826 295 aut
855 269 931 295 nos
961 253 1179 296 audientes
1211 253 1538 309 descriptionem
1570 253 1723 304 Rheni,
1770 260 1842 294 aut

16 331 152 387 ipsum
182 327 413 369 Memnona
443 327 596 368 occidit
627 326 917 369 describendo.

125 403 191 443 36.
223 402 289 442 37.
322 401 493 456 dumque
512 401 600 454 Des.
636 401 768 441 Rhene·
800 401 947 442 luteum
983 410 1113 457 caput.
1174 400 1225 442 Id
1256 407 1335 443 est:
1368 408 1409 442 et
1437 400 1536 442 facit
1567 400 1656 442 eius
1685 400 1843 442 fontem

17 489 147 533 paene
168 473 383 515 sordidum
409 472 511 530 [ac]‚
543 473 806 522 lutulentum,
838 473 895 514 ita
926 473 1202 530 describens[.
1244 474 1450 530 Iuyulass,
1480 481 1526 515 ut
1555 472 1626 528 (Β.
1642 472 1721 522 VI,
1745 474 1841 527 62):

16 562 151 591 musco
182 547 405 588 circumdat
434 561 590 588 amarae
626 547 804 588 Corticis.

128 620 295 676 definqit..
357 618 494 676 [Male
523 619 676 660 format
705 619 731 660 i.
762 619 816 676 e.]
850 619 1090 661 describit..-
1127 673 1131 678 ι

128 694 286 735 luteum.
346 692 463 733 Male
495 692 683 734 canendo
715 694 876 735 luteum.
934 692 1031 735 Non
1063 692 1160 748 quia
1192 694 1343 734 luteum
1374 701 1496 749 caput
1516 692 1640 733 habet
1657 691 1844 741 Rhenus,

19 767 90 811 sed
120 766 231 822 quod
262 766 413 807 luteum
441 766 539 820 facit
567 765 658 820 ipse
690 765 968 807 describendo
999 766 1121 807 male.
1184 767 1354 808 Luteum
1389 773 1430 806 et
1460 766 1514 806 ad
1544 772 1738 806 naturam
1766 764 1844 806 flu-

17 839 140 883 minis
169 838 338 888 rettulit,
385 838 581 893 quoniam
614 853 780 894 semper
810 845 869 880 est
906 839 1098 881 turbidus
1146 838 1381 895 [turbidum
1412 838 1507 895 est]‚
1555 844 1595 879 et
1639 837 1694 878 ad
1739 849 1845 892 opus

21 912 205 972 [uitium]
239 918 400 966 poetae.

127 985 224 1026 haec
252 999 321 1039 eqo
343 984 451 1026 ludo.
511 985 636 1026 Ludo.
669 984 892 1027 Desoribo.
953 986 1062 1028 Ludo
1085 985 1155 1036 ait,
1189 984 1388 1040 quoniam
1422 984 1661 1026 uerecunde
1697 993 1846 1039 poetae

18 1073 160 1102 uersus
190 1072 285 1100 suos
315 1057 436 1099 ludos
467 1057 692 1113 adpellant.

20 1209 135 1240 Barrus
160 1207 269 1246 supra)
297 1209 408 1238 noster
433 1210 528 1245 poeta
554 1207 607 1245 sit,
633 1217 716 1237 nunc
740 1208 799 1237 uix
823 1209 969 1246 quaestio
994 1218 1065 1238 esse
1090 1212 1208 1247 potest.
1258 1208 1443 1238 Verisimile
1469 1208 1555 1237 enim
1579 1211 1639 1245 est,
1677 1207 1848 1237 Horatium

20 1265 102 1295 hunc
126 1265 175 1295 sui
200 1265 450 1295 obtrectatorem
475 1264 594 1302 pluries
619 1265 776 1301 carpsisse
800 1269 930 1303 propter
954 1266 1079 1303 ineptas
1118 1266 1212 1295 istius
1237 1265 1455 1304 metaphoras,
1492 1263 1588 1293 sicuti
1613 1263 1633 1292 l.
1659 1264 1681 1293 l.
1707 1263 1849 1294 hibernas

20 1319 106 1362 Allms
128 1322 257 1352 uocauit
280 1331 388 1351 canam
413 1320 531 1359 (Iouis)
558 1330 693 1360 spumam
719 1320 866 1359 (sputum
890 1321 1037 1360 HeimL).
1076 1322 1157 1351 conf.
1185 1321 1269 1351 Gell.
1295 1321 1413 1358 XVIII,
1443 1322 1480 1350 11
1520 1324 1552 1350 et
1590 1319 1730 1355 Quintil.
1766 1319 1846 1349 Inst.

22 1377 75 1408 Or.
99 1377 184 1413 VIII,
211 1379 240 1415 6,
271 1377 320 1414 17,
347 1378 401 1416 qui
427 1381 535 1407 tamen
560 1386 674 1407 nomen
700 1377 841 1407 auctoris
867 1386 931 1407 non
955 1378 1052 1407 dixit.
1092 1377 1185 1412 Quod
1211 1377 1333 1407 factum
1361 1381 1409 1407 est
1434 1387 1453 1407 a
1477 1376 1583 1406 Plinio
1609 1377 1709 1414 praef.
1736 1376 1760 1413 Ι,
1789 1377 1847 1406 22:

20 1433 127 1464 Nostri
151 1434 321 1463 crassiores
336 1433 585 1472 Antiquitatem‚
619 1434 850 1472 Exemplorum
875 1433 1070 1472 Attiumque
1094 1434 1196 1464 libros
1221 1435 1432 1472 scripserunt,
1458 1436 1494 1463 ut
1518 1434 1572 1472 qui
1598 1432 1762 1463 Bibaculus
1785 1435 1852 1462 erat

21 1493 47 1520 ei
68 1489 236 1520 uocabatur.
285 1489 354 1519 Hoc
390 1490 611 1520 testimonium
647 1491 875 1529 grauissimum
909 1499 1032 1520 mecum
1068 1490 1214 1520 habebis.
1253 1491 1337 1521 conf.
1364 1491 1525 1520 Harduin.
1560 1494 1592 1520 et
1617 1489 1659 1520 Is.
1684 1489 1781 1519 Voss.
1808 1489 1849 1518 ad

23 1544 139 1576 Catuli.
167 1555 196 1584 p.
223 1547 274 1575 32.
300 1550 394 1585 atque
418 1547 526 1576 Bentl.
554 1547 594 1576 ad
612 1546 704 1584 S.11,
725 1548 754 1584 5,
773 1547 825 1576 41.
877 1546 949 1582 Quo
973 1547 1042 1576 loco
1068 1547 1197 1584 quidem
1223 1557 1286 1577 non
1312 1547 1400 1577 biba-1:
1424 1550 1560 1577 uocatus
1586 1551 1636 1576 est
1664 1546 1720 1576 sed
1747 1546 1849 1575 edax:

17 1600 121 1642 pinyui
144 1606 234 1632 tentus
257 1612 358 1632 omaso
384 1603 484 1643 (conf.
504 1603 543 1634 E.
562 1603 586 1639 Ι,
604 1605 654 1641 15,
674 1604 742 1642 34).
767 1603 835 1632 Hoc
853 1613 916 1633 non
940 1612 1099 1633 moramur
1124 1603 1208 1639 ideo,
1234 1604 1318 1642 quod
1343 1613 1503 1643 coynomen
1516 1603 1664 1643 familiae
1689 1603 1852 1632 Furiorum

22 1657 120 1688 fuisse
143 1659 271 1689 uidetur
293 1659 465 1696 Bibaculus,
502 1664 539 1690 ut
565 1664 656 1698 patet
681 1670 722 1689 ex
746 1660 879 1690 Hieron.
905 1661 939 1689 in
966 1659 1086 1689 Chron.
1114 1660 1233 1690 Euseb.
1260 1660 1392 1700 Olymp.
1419 1659 1563 1697 CLXIX,
1590 1661 1627 1689 2:
1665 1659 1708 1688 M.
1735 1659 1851 1688 Furius

22 1715 207 1753 cognomine
230 1715 407 1754 Bibaculus,
436 1716 611 1746 Cremonae
636 1718 788 1747 nascitur.
819 1717 882 1746 Hic
906 1725 1101 1755 praenomen
1126 1716 1216 1746 Furii
1242 1721 1291 1746 est
1314 1718 1455 1754 Marcus,
1492 1720 1527 1746 ut
1553 1717 1588 1745 in
1615 1715 1684 1745 val.
1710 1715 1800 1744 Max.
1825 1714 1851 1752 Ι,

28 1771 75 1801 19.
100 1770 214 1801 Liuius
239 1776 349 1803 contra
365 1772 467 1811 XXII,
487 1774 527 1803 49
554 1773 681 1803 Lucium
706 1783 776 1803 euin
801 1774 954 1812 adpellat.
980 1773 1029 1802 De
1054 1773 1115 1802 hoc
1139 1773 1266 1803 rhetore
1293 1777 1324 1803 et
1350 1778 1444 1811 poeta
1461 1774 1542 1803 conf.
1563 1773 1695 1811 insuper
1714 1771 1851 1807 Quintil.

24 1826 61 1862 X,
89 1829 116 1866 1,
144 1830 182 1858 96
210 1833 242 1859 et
266 1829 398 1859 Sueton.
426 1828 567 1859 Gramm.
593 1830 646 1867 IV,
674 1831 703 1859 9.
733 1831 783 1859 11.
810 1830 853 1859 Ει
877 1829 1052 1859 Weichert.
1080 1830 1110 1858 in
1137 1830 1228 1868 reliq.
1258 1831 1296 1859 13
1324 1840 1411 1868 seqq.
1438 1830 1619 1859 audiendus
1645 1833 1704 1859 est.

133 1884 168 1923 2)
193 1894 346 1915 memnona
371 1885 539 1924 (mennona
564 1886 655 1916 Baro.
682 1886 798 1916 Bernn.
816 1884 903 1925 AC).
930 1885 965 1915 Id
991 1891 1039 1915 est
1066 1886 1221 1916 describit
1245 1886 1489 1926 quemadmodum
1512 1886 1551 1916 sit
1572 1885 1731 1926 unyulalus
1757 1894 1854 1915 mem-

26 1948 98 1977 non,
123 1950 180 1970 rex
206 1943 389 1980 aethiopiae
415 1943 478 1985 Βφ.
495 1960 535 1963 —
550 1944 670 1972 Insana
688 1947 720 1972 et
737 1943 834 1981 plane
859 1942 998 1972 absurda
1023 1943 1119 1972 lect-io
1144 1943 1232 1981 uulg.
1260 1943 1452 1973 describendo
1478 1947 1509 1973 et
1533 1943 1612 1973 facit
1630 1951 1701 1972 eum
1714 1941 1854 1981 fortem

26 2003 44 2024 a
59 1995 136 2025 uiris
160 1997 262 2027 doctis
279 1999 409 2028 omnino
436 1999 583 2037 neglecta
609 2004 668 2029 est.
698 1999 881 2037 interposui
906 2000 1022 2028 lemma
1047 1999 1172 2037 dumque
1188 2004 1331 2038 —caput
1354 2005 1386 2030 et
1410 2000 1529 2038 scripsi
1555 1999 1619 2029 eius
1631 1997 1761 2037 fontem.
1782 1997 1853 2036 fon-

26 2054 88 2082 tem
113 2053 210 2091 petiui
236 2063 278 2083 ex
304 2054 347 2085 C:
374 2055 481 2084 luteum
504 2060 601 2094 caput.
629 2056 778 2092 lutosum,
805 2056 898 2094 quasi
923 2056 1028 2094 ipsum
1052 2054 1151 2084 Rheni
1161 2055 1282 2095 fontem
1305 2057 1489 2095 limpidum,
1516 2055 1729 2086 describendo
1753 2055 1854 2084 faciat

28 2108 186 2139 sordidum
212 2114 243 2140 et
269 2111 466 2141 lutulentum
491 2115 525 2141 ut
553 2112 664 2150 (Verg.
691 2112 726 2141 B.
752 2111 809 2148 VI,
836 2112 910 2151 62):
948 2122 1047 2141 musco
1071 2112 1230 2141 cz'rcunclae
1253 2123 1378 2143 amarae
1402 2112 1532 2142 corticis.
1560 2112 1604 2148 Q:
1641 2111 1855 2141 describendo

28 2167 58 2194 ot
81 2165 157 2195 facit
182 2176 251 2196 eum
265 2166 382 2206 sortem
408 2178 508 2206 paene
532 2169 694 2198 sordidum
719 2172 746 2197 et
769 2168 967 2198 luculentum
994 2168 1068 2206 (err.
1095 2170 1181 2208 typ.)
1208 2169 1255 2198 ita
1280 2170 1478 2199 describens.
1504 2169 1556 2199 fh:
1595 2169 1696 2198 deser.
1723 2172 1755 2198 et
1779 2168 1800 2196 f.
1828 2176 1853 2196 e.

19 2220 133 2260 sortem
154 2232 253 2261 poene
290 2225 374 2254 sord.
411 2234 448 2254 ac
474 2225 532 2255 lut.
561 2226 605 2254 ita
642 2225 744 2254 deser.
772 2234 806 2254 a:
844 2225 874 2253 d.
902 2229 933 2255 et
958 2225 977 2254 f.
1005 2234 1031 2254 e.
1046 2225 1125 2264 sort.
1148 2234 1226 2263 pene
1252 2226 1335 2255 sord.
1362 2230 1388 2254 et
1412 2227 1431 2255 l.
1459 2227 1477 2255 i.
1505 2226 1571 2255 des.
1597 2236 1634 2255 v:
1669 2225 1699 2254 d.
1726 2233 1753 2253 e.
1778 2224 1800 2253 f.
1829 2232 1854 2252 e.

19 2276 98 2316 sort.
125 2287 202 2316 pene
226 2280 399 2310 sordidum.
442 2280 654 2311 Lutulentum
680 2282 725 2310 ita
751 2281 818 2310 des.
844 2298 887 2301 ——
912 2291 946 2323 γε
984 2281 1083 2310 deser.
1111 2285 1142 2311 et
1168 2282 1248 2311 facit
1274 2291 1345 2311 eum
1371 2282 1518 2321 efontem
1552 2290 1652 2320 paene
1690 2280 1855 2311 sordidum

29 2330 104 2375 (om.
128 2335 178 2374 ac)
204 2336 263 2365 lut.
288 2337 335 2366 ita
360 2337 559 2367 describens.
609 2339 644 2377 4)
669 2342 705 2367 ut
729 2355 771 2359 —
797 2336 932 2367 corticis
957 2346 983 2379 γ.
1009 2337 1095 2367 conf.
1121 2336 1145 2366 C
1170 2339 1209 2367 ad
1235 2338 1341 2368 luteum
1366 2343 1458 2378 caput
1481 2343 1511 2368 et
1537 2338 1611 2367 Aer.
1637 2338 1678 2367 ad
1703 2336 1740 2367 C.
1757 2336 1798 2373 ΙΙ,
1828 2337 1856 2373 1,

34 2391 81 2420 17.
105 2390 192 2421 Seru.
217 2392 255 2422 B.
281 2393 337 2430 IX,
366 2394 415 2424 l9.
452 2393 611 2424 Priscian.
638 2395 712 2424 583.
739 2394 775 2423 P.
826 2394 861 2433 6)
889 2394 1032 2432 Defingit
1057 2403 1073 2435 γ
1099 2394 1218 2432 aliique
1244 2395 1336 2432 pauci
1360 2395 1451 2425 Parr.
1479 2398 1535 2424 aut
1560 2404 1648 2433 pure,
1673 2396 1710 2423 ut
1729 2393 1743 2422 I
1769 2393 1798 2422 N
1824 2391 1855 2421 S.

35 2447 82 2476 18.
109 2448 161 2478 20.
186 2448 303 2479 Bernn.
330 2449 401 2479 BD.
427 2450 536 2480 Ambr.
564 2450 657 2480 Barc.
684 2451 787 2480 Harll.
814 2460 899 2493 γηικ,
925 2454 980 2480 aut
1006 2460 1098 2487 corn,
1125 2454 1160 2479 ut
1186 2450 1257 2479 Par.
1284 2450 1326 2484 M,
1369 2452 1403 2480 in
1429 2460 1489 2490 quo
1516 2459 1599 2480 man.
1626 2449 1817 2488 glossatoris
1843 2457 1858 2477 e

33 2502 63 2532 in
86 2502 98 2532 i
119 2506 264 2535 mutauit.
290 2506 453 2544 Deffingit
479 2506 548 2536 Par.
573 2507 609 2537 P.
636 2507 732 2536 Bern.
760 2506 799 2536 A.
825 2506 854 2535 V
880 2507 911 2536 in
936 2510 1090 2544 apparatu
1115 2506 1276 2536 Vanderb.
1302 2510 1334 2536 et
1359 2507 1468 2542 Fran„
1505 2507 1540 2535 in
1577 2516 1638 2544 quo
1671 2510 1780 2535 tamen
1807 2504 1857 2534 lit.

33 2557 60 2587 D
84 2568 174 2590 erasa
200 2565 258 2599 est,
295 2563 381 2592 unde
417 2563 525 2600 prodit
550 2564 671 2601 optima
697 2563 794 2592 lectio
820 2562 954 2602 Effinyit.
981 2563 1098 2601 quippe
1125 2563 1280 2592 sollemne
1304 2563 1437 2593 uerbum
1463 2566 1494 2592 et
1520 2566 1686 2600 poetarum
1721 2560 1857 2598 (Lucan.

33 2613 68 2652 V,
95 2617 166 2645 713.
192 2617 286 2656 Verg.
311 2619 351 2648 A.
377 2619 431 2655 VI,
459 2619 510 2649 32.
537 2619 576 2655 X,
599 2619 682 2657 640)
723 2625 753 2648 et
779 2620 812 2648 in
838 2619 981 2657 pedestri
1007 2619 1152 2649 oratione
1180 2620 1263 2649 Plin.
1290 2620 1328 2649 E.
1354 2620 1380 2656 Ι,
1408 2621 1436 2649 2.
1462 2619 1516 2655 IV,
1544 2619 1584 2648 28
1611 2622 1670 2647 etc.
1697 2617 1734 2646 R.
1752 2617 1789 2646 R.
1816 2616 1857 2645 54

0 2706 1 2710 Ἰ
35 2675 65 2701 et
90 2673 148 2702 121
175 2683 212 2703 ac
235 2674 401 2715 diffinyere,
435 2676 517 2714 quod
542 2676 697 2706 Horatius
723 2676 788 2705 alio
814 2676 983 2706 intellectu
1020 2676 1172 2705 adhibuit
1209 2675 1245 2705 C.
1270 2676 1295 2712 I,
1322 2677 1376 2713 35,
1403 2677 1455 2705 39.
1494 2679 1526 2704 et
1561 2674 1618 2712 111,
1646 2675 1699 2710 29,
1725 2674 1766 2702 47
1804 2681 1859 2710 pro

0 2751 2 2771 ;
34 2728 107 2758 male
118 2729 245 2770 finyere.
272 2731 413 2772 Dtffinffl
437 2732 611 2770 (Orellius2
645 2732 735 2762 codd.
761 2733 882 2771 aliquot
908 2732 1043 2762 Pottieri
1069 2736 1100 2762 et
1125 2732 1154 2772 t)
1191 2742 1299 2763 omnes
1326 2733 1395 2762 edd.
1433 2731 1566 2761 Acronis
1602 2731 1725 2760 habent
1761 2733 1859 2767 atque

0 2785 3 2827 ξ
35 2784 159 2822 plurimi
185 2788 271 2826 iique
295 2789 510 2819 uetustissimi
535 2790 663 2820 codices
689 2788 827 2827 Horatii,
853 2792 887 2819 ut
912 2789 1027 2828 Regin.
1054 2789 1208 2828 Magdall.
1234 2790 1307 2826 duo,
1333 2789 1421 2819 Parr.
1440 2789 1466 2818 E
1492 2789 1535 2826 gl.
1563 2787 1734 2824 describet,
1760 2786 1788 2815 D
1816 2786 1860 2824 gl.

0 2835 3 2888 l
37 2841 196 2881 describit,
221 2844 245 2873 F
260 2846 303 2884 gl.
332 2846 477 2876 imitatus
504 2851 563 2883 est,
591 2850 632 2879 et,
659 2850 692 2875 ut
716 2846 793 2876 alios
811 2846 865 2875 hic
890 2846 1028 2884 mittam,
1058 2846 1111 2889 Βφ
1136 2856 1205 2875 cum
1224 2846 1334 2884 glossa
1347 2846 1468 2885 figurat
1483 2844 1502 2874 i.
1519 2842 1671 2879 describit,
1697 2851 1778 2881 quae
1804 2852 1859 2872 ex-

2 2890 5 2942 ζ
37 2898 162 2936 plicatio
185 2902 289 2939 magis
314 2903 354 2932 ad
378 2902 490 2942 effinyit
512 2904 565 2933 uel
589 2903 722 2942 depinyit
744 2912 838 2941 quam
865 2903 907 2931 ad
931 2902 1071 2943 diffingit,
1109 2903 1269 2942 quadrare
1293 2903 1433 2932 uidetur.
1468 2918 1506 2921 —-
1533 2900 1619 2929 Male
1644 2900 1761 2929 format
1786 2899 1806 2928 i.
1832 2908 1858 2928 e.

4 2994 5 3003 ἵ
39 2965 96 2986 ⁰¹1²·
119 2967 144 2998 γ-
195 2960 228 2997 7)
253 2959 336 2989 Male
361 2961 503 2990 canendo
527 2961 650 2991 luteum
677 2961 720 2999 gl.
747 2970 787 2990 ex
812 2970 839 3002 γ.
866 2960 934 2990 rell.
960 2970 1022 2990 om.
1087 2960 1122 2998 9)
1150 2964 1200 2990 est
1223 2959 1374 2989 turbidus
1399 2967 1425 2999 γ.
1452 2958 1521 2987 rell.
1550 2956 1710 2986 turbidum
1734 2960 1792 2985 est.
1818 2972 1861 2976 -—

4 3009 7 3051 i
39 3013 77 3043 ad
99 3024 169 3053 opus
192 3025 219 3057 γ.
245 3017 313 3046 rell.
339 3018 380 3046 ad
403 3017 516 3047 uitium.
542 3022 638 3056 potest
660 3028 685 3060 γ.
754 3018 807 3056 ll)
833 3017 920 3047 ludos
943 3027 971 3059 γ.
999 3021 1093 3054 recte,
1121 3017 1212 3055 quasi
1240 3016 1301 3045 ioci
1328 3014 1417 3044 seriis
1443 3014 1585 3052 oppositi
1615 3011 1661 3050 (S.
1688 3012 1714 3048 Ι,
1746 3013 1771 3049 1,
1799 3012 1859 3041 27:

40 3073 136 3100 amoto
159 3081 347 3110 quaeramus
373 3075 457 3104 seria
481 3075 567 3104 ludo.
593 3074 632 3104 A.
659 3079 744 3113 poet.
772 3075 863 3113 226).
904 3074 1006 3105 Notus
1036 3078 1085 3104 est
1109 3073 1222 3103 Naeuii
1245 3073 1339 3102 ludus
1378 3071 1492 3110 (liber)
1530 3069 1597 3099 Cic.
1623 3068 1698 3099 Sen.
1726 3070 1755 3098 6.
1789 3069 1859 3098 rell.

6 3130 8 3155 ¹,
40 3125 127 3157 lusus.
173 3128 243 3160 Hoc
266 3131 419 3161 uocabulo
445 3132 542 3161 semel
567 3135 693 3162 tantum
719 3131 796 3161 Hor.
823 3140 900 3161 usus
925 3134 975 3161 est
998 3132 1033 3161 in
1050 3131 1106 3161 illo
1124 3139 1218 3161 uersu
1244 3128 1277 3159 S.
1296 3129 1323 3168 Ι,
1342 3129 1370 3165 6,
1394 3128 1475 3158 126:
1502 3127 1664 3166 lusumque
1690 3125 1861 3165 trigonam.

1889 554 1908 584 Q'!

1871 920 1912 952 10
