2148 3412
767 134 811 165 nx'
840 134 975 165 suum.
1002 134 1044 164 11.
1075 139 1100 165 1.
1771 126 1848 166 189

137 259 201 300 16.
234 259 417 299 Attamen
448 266 485 299 et
503 259 654 299 iustum
669 266 846 313 poteras.
893 256 1130 299 Trebatius.
1190 257 1241 298 Id
1272 264 1350 299 est:
1385 256 1433 299 Si
1463 272 1531 300 res
1560 257 1733 300 bellicas
1763 259 1852 301 eius

27 347 108 375 non
138 336 303 386 poteras
333 330 585 381 describere,
617 336 799 371 attamen
829 331 1029 372 iustitiam
1061 337 1099 372 et
1129 331 1417 373 fortitudinem
1447 331 1577 373 animi
1600 332 1727 389 [eius]
1760 331 1851 373 lau-

28 405 126 448 dare
146 410 325 459 poteras,
349 404 453 445 sicut
477 402 692 459 Scipionis
715 419 739 444 a
760 403 930 445 Lucilio
952 403 1039 444 uita
1060 404 1230 445 laudata
1251 411 1325 446 est.
1388 407 1548 447 z'ustmn.
1610 404 1851 448 Caesarem.

138 481 201 520 17.
234 478 473 534 Scipiadam.
534 477 620 518 Pro
651 477 873 533 Scipionem
904 477 1163 532 Africanum,
1195 477 1268 531 qui
1289 477 1578 520 Hannibalem
1610 486 1852 522 reuocatum

28 568 78 595 ex
105 551 227 594 Italia
255 550 357 592 uicit
389 558 428 591 et
460 549 688 592 Africanus
720 550 857 592 dictus
889 557 962 600 est,
997 550 1040 607 [i.
1073 565 1107 592 e.
1140 549 1311 608 scribe]

141 626 262 667 Haud
290 624 391 666 milvi
419 625 548 666 deero.
618 624 667 664 ld
700 632 778 665 est:
826 624 991 671 faciam,
1039 623 1221 665 scribam
1252 624 1304 666 de
1335 624 1424 667 eius
1453 626 1696 668 fortitudine
1727 633 1852 682 atque

28 699 192 742 iustitia.

137 774 306 829 sapiens.
366 770 540 814 Scilicet
569 772 678 814 fecit.

137 847 330 888 Lucilius.
389 845 560 887 Primus
591 852 715 900 poeta
746 844 952 886 satiricus.

139 921 202 961 18.
235 920 333 961 Cum.
363 934 427 960 res
457 921 544 975 ipsa
574 920 685 973 seret.
748 916 858 959 Cum
889 919 1182 973 opportunitas
1216 919 1342 960 fuerit
1364 926 1402 960 et
1424 928 1599 974 tempus.
1661 921 1753 964 Non
1784 920 1857 962 sibi

30 995 128 1037 deest
158 993 205 1043 is,
237 992 308 1046 qui
339 992 439 1033 facit
469 999 508 1032 et
539 992 650 1046 quod
681 1006 786 1047 opus
817 1000 891 1042 est,
924 998 964 1032 et
994 992 1106 1046 quod
1137 999 1311 1048 oportet.

136 1068 215 1108 nisi
241 1066 385 1107 dextro
416 1074 528 1122 temp.
587 1065 766 1106 Inuenta
797 1065 1122 1120 opportunitate.
1185 1064 1305 1108 Ordo
1339 1065 1460 1124 [est]:
1504 1081 1588 1108 non
1626 1067 1745 1108 ibunt
1774 1067 1856 1109 nisi

31 1141 174 1183 dextro
194 1146 395 1194 tempore,
419 1139 462 1179 id
483 1146 557 1189 est,
580 1145 830 1194 opportuno,
853 1138 999 1180 Flacci
1020 1139 1165 1189 uerba,
1189 1139 1231 1180 id
1254 1146 1336 1181 est:
1359 1139 1473 1182 felici
1497 1140 1598 1196 (nisi
1608 1141 1645 1196 P)
1667 1148 1855 1196 tempore

30 1229 77 1256 ac
97 1227 297 1269 prospero
318 1227 402 1253 non
424 1227 593 1267 possum
617 1213 815 1262 scribere,
855 1213 954 1267 quia
974 1213 1169 1254 adtentae
1191 1220 1285 1254 sunt
1316 1228 1438 1255 aures
1470 1211 1667 1255 Caesaris
1690 1222 1729 1255 et
1750 1213 1856 1256 bene

29 1287 223 1330 iudicant.
284 1287 447 1328 Alias:
491 1286 573 1327 nisi
603 1286 716 1327 felici
747 1294 935 1341 tempore
967 1287 1176 1341 scripsero
1208 1286 1232 1327 i.
1266 1301 1299 1327 e.
1332 1287 1501 1341 quando
1533 1287 1640 1328 bene
1672 1287 1855 1342 positum

30 1368 90 1403 est
117 1366 273 1402 astrum
304 1374 456 1410 meum,
503 1375 586 1401 non
618 1374 788 1414 possum
820 1360 989 1415 placere
1022 1358 1212 1410 Caesari,
1258 1360 1358 1414 quia
1388 1360 1557 1416 sapiens
1587 1368 1647 1402 est
1679 1369 1719 1402 et
1749 1362 1856 1403 bene

29 1434 195 1484 iudicat,
224 1433 290 1475 cui
322 1434 355 1475 si
386 1433 572 1475 uolueris
602 1433 813 1475 adsentire
847 1433 1115 1491 [adsentari]‚
1147 1434 1308 1489 respuit
1330 1441 1368 1475 et
1391 1435 1662 1489 contempnit.

140 1509 282 1550 dextro
314 1516 497 1564 tempore.
560 1505 669 1548 Cum
700 1515 820 1549 uacet
853 1522 878 1548 a
907 1507 1103 1549 ciuilibus
1133 1507 1294 1548 officiis.

141 1581 206 1622 20.
244 1581 319 1623 Cui
346 1582 449 1623 male
479 1582 518 1622 εἰ
541 1582 715 1637 palpem,
746 1583 991 1623 recalcitrat.
1064 1581 1114 1622 Id
1145 1588 1225 1623 est:
1273 1581 1321 1623 Si
1353 1582 1601 1637 (uolueris?)
1647 1583 1859 1624 adsentari

33 1653 111 1712 [est
129 1655 339 1712 palpare]‚
371 1662 412 1696 et
440 1655 508 1697 hic
539 1655 659 1709 quasi
690 1670 713 1695 a
744 1655 874 1697 uerbo
905 1655 1132 1709 deponenti
1163 1655 1269 1696 dixit
1301 1654 1479 1713 [palpor,
1505 1656 1728 1712 palpares}
1762 1671 1855 1697 cum
1883 1669 1889 1679 ⁶

32 1728 82 1770 sit
110 1728 305 1771 actiuum.
369 1730 529 1785 Palpor,
571 1730 757 1785 palpares
802 1729 828 1770 i.
875 1743 908 1770 c.
954 1728 1162 1777 blandior,
1210 1729 1412 1771 adsentio.
1469 1730 1649 1786 palpere.
1711 1728 1792 1771 Cui
1824 1729 1858 1771 si

33 1801 209 1843 inaniter
239 1802 437 1854 aduleris,
470 1801 630 1856 respuit
661 1810 702 1843 et
731 1802 879 1843 renuit.

141 1877 381 1917 recalcitrat.
456 1875 697 1917 Translatio
728 1874 781 1916 ab
813 1875 971 1931 equis[:
1019 1875 1277 1930 contempnit.
1308 1882 1347 1916 et
1379 1876 1538 1931 spernit
1568 1886 1621 1926 te,
1668 1876 1703 1916 si
1732 1875 1860 1917 falsas

33 1947 173 1990 laudes
203 1949 455 2005 scripseris]
529 1947 606 1990 Est
637 1956 776 1990 autem
808 1963 974 1990 sensus:
1022 1946 1069 1989 Si
1102 1948 1195 2003 quis
1228 1946 1456 1990 Caesarem
1487 1949 1582 1990 ficta
1620 1949 1859 1990 adulatione

34 2021 274 2077 adgreditur
321 2022 393 2078 [ad
441 2020 703 2078 Caesarem]‚
749 2034 959 2078 repugnat
1005 2029 1043 2063 et
1088 2022 1246 2077 respuit
1292 2037 1369 2063 nec
1414 2037 1457 2064 se
1503 2023 1642 2078 decipi
1683 2023 1858 2078 patitui-3
1909 2033 1923 2060 Γ

148 2232 179 2270 l)
206 2232 378 2262 Trebatius
402 2243 430 2275 γ.
456 2233 524 2262 rell.
552 2243 612 2263 om.
678 2232 712 2271 2)
740 2234 809 2262 eius
834 2242 893 2263 om.
920 2243 946 2275 γ.
1012 2234 1046 2271 3)
1073 2233 1242 2263 Caesarem
1268 2243 1294 2275 γ.
1325 2234 1394 2263 rell.
1421 2243 1482 2264 om.
1547 2235 1583 2273 4)
1610 2234 1787 2272 Scipiadem
1810 2243 1861 2264 va.

0 2319 3 2328 ,
36 2287 95 2319 Pro
119 2290 195 2327 scip.
222 2290 279 2319 afr.
304 2300 331 2332 γ.
358 2291 426 2320 rell.
454 2300 514 2320 om.
530 2308 569 2311 -—-
585 2290 636 2319 Ad
662 2301 693 2320 u.
721 2290 898 2329 Scipiadam
923 2290 1004 2320 conf.
1032 2290 1151 2319 Lucilii
1178 2294 1253 2320 satt.
1278 2291 1370 2329 reliq.
1397 2291 1445 2320 ed.
1472 2290 1620 2320 Gerlach.
1648 2301 1677 2329 p.
1700 2291 1772 2320 122.
1802 2291 1860 2319 78:

0 2338 3 2346 ’
37 2344 80 2374 Ut
105 2345 247 2376 Lucilius
273 2346 419 2385 Scipioni
444 2347 533 2384 fecit,
562 2349 615 2385 qui
641 2348 742 2377 uitam
769 2348 837 2377 eius
862 2348 1023 2385 priuatam
1049 2348 1233 2385 descripsit,
1260 2347 1384 2377 Ennius
1409 2357 1484 2377 uero
1509 2348 1604 2378 bella.
1669 2348 1703 2386 6)
1732 2347 1862 2377 Lemma

2 2391 3 2396 ¹
39 2401 210 2440 interposui
233 2403 325 2432 Haud
359 2403 433 2433 milti
468 2403 566 2433 deero.
617 2404 653 2432 ld
680 2408 726 2433 est
754 2403 796 2433 fu.
825 2413 884 2433 ser.
911 2414 937 2445 γ.
965 2404 1033 2432 rell.
1060 2413 1120 2432 om.
1156 2407 1203 2432 et:
1243 2404 1262 2432 i.
1293 2413 1319 2432 e.
1353 2405 1466 2433 scribe.
1531 2405 1565 2443 8)
1593 2414 1660 2442 sap.
1688 2404 1707 2433 Γ.
1734 2403 1812 2433 fecit
1834 2413 1861 2445 γ.

3 2501 4 2504 ¹
38 2458 103 2488 rell.
129 2468 187 2489 om.
252 2460 286 2499 9)
312 2460 388 2489 Luc.
416 2460 467 2490 Pr.
494 2470 544 2498 po.
573 2464 630 2490 sat.
657 2470 686 2503 γ,
712 2461 781 2490 rell.
808 2470 869 2491 om.
938 2461 992 2499 10)
1018 2464 1141 2499 opport.
1169 2459 1211 2489 fu.
1239 2469 1265 2501 γ.
1294 2460 1365 2489 rell.
1393 2460 1437 2489 fu.
1465 2470 1514 2498 op.
1583 2460 1638 2499 ll)
1663 2459 1708 2489 his
1744 2460 1799 2498 qui
1835 2469 1862 2501 γ.

38 2531 76 2536 --
102 2515 196 2554 uulgo
220 2526 277 2555 quo
302 2526 351 2554 op.
377 2517 459 2555 quod
482 2526 532 2555 op.
558 2527 618 2559 ·s‚v.
646 2516 726 2547 Cum
753 2517 774 2546 f.
801 2522 1008 2555 opportunum
1035 2522 1162 2556 tempus:
1191 2518 1251 2547 sibi
1277 2521 1383 2546 autem
1409 2517 1508 2547 deest.
1536 2517 1589 2554 qui
1615 2525 1674 2545 non
1699 2516 1777 2545 facit.
1803 2525 1864 2554 quo

4 2605 6 2611 ‚
40 2571 98 2600 sibi
123 2581 200 2610 opus
227 2578 275 2603 est
301 2577 330 2602 et
346 2573 424 2612 quod
440 2578 566 2611 oportet
585 2573 621 2603 C.
680 2574 732 2612 12)
760 2584 819 2603 om.
845 2578 886 2603 est
911 2584 937 2615 γ.
990 2574 1046 2613 16)
1073 2575 1155 2604 bene
1179 2574 1264 2604 uadit
1288 2584 1313 2614 γ.
1341 2574 1410 2603 rell.
1435 2575 1515 2602 bene
1541 2573 1673 2602 iudicat..
1729 2572 1782 2611 17)
1808 2572 1863 2601 ad-

4 2614 7 2624 ’
41 2627 150 2657 sentire
172 2638 197 2670 γ.
225 2630 256 2658 h.
285 2630 304 2658 l.
331 2631 399 2659 rell.
426 2631 593 2660 assentari.
612 2648 650 2652 —
666 2635 851 2668 contempn.
878 2641 905 2673 γ.
933 2632 1001 2660 rell.
1028 2631 1209 2661 contemnit.
1236 2630 1271 2660 Id
1297 2634 1345 2660 est
1371 2630 1456 2659 felici
1481 2635 1578 2667 temp.
1601 2646 1638 2649 —u
1665 2629 1865 2666 contempnit

41 2693 98 2714 om.
124 2684 316 2724 G(Q)‚mva.
367 2688 422 2727 18)
449 2688 553 2717 dextro
568 2706 605 2708 —m
623 2687 729 2727 offici-is
754 2697 779 2729 γ.
808 2689 878 2719 rell.
907 2699 967 2718 om.
1022 2686 1075 2729 19)
1101 2688 1137 2717 Id
1155 2691 1202 2716 est
1229 2687 1254 2716 si
1279 2686 1443 2716 adsentari
1471 2690 1499 2715 et
1526 2686 1578 2715 hic
1603 2695 1629 2727 γ.
1657 2685 1772 2722 vulgo:
1798 2685 1864 2714 Ad-

6 2760 9 2788 Ε
42 2742 157 2770 eentari
183 2746 230 2772 est
256 2743 385 2781 palpare
408 2744 518 2773 ethic.
545 2743 627 2775 conf.
643 2744 685 2774 C:
712 2746 967 2783 metaphoricos:
995 2746 1044 2774 cui
1068 2744 1096 2774 .ςί
1112 2744 1250 2774 aduleris
1277 2747 1308 2773 et
1332 2742 1502 2775 ussonia-is.
1529 2741 1710 2771 offenditur.
1736 2741 1866 2780 Pullion-i

7 2800 9 2810 ¹
43 2798 163 2835 proprie
189 2803 236 2828 est
260 2800 407 2829 manibus
434 2801 583 2831 mulcere.
610 2801 739 2838 palpere
766 2802 852 2831 dixit
879 2810 896 2830 a
922 2811 951 2831 u.
980 2803 1050 2839 dep.
1077 2806 1137 2832 etc.
1166 2801 1241 2830 uide
1268 2800 1358 2829 infra.
1409 2800 1464 2837 20)
1491 2798 1612 2836 palpor,
1638 2797 1778 2835 palparis
1804 2807 1865 2829 om.

8 2866 10 2872 ⁸
43 2861 68 2893 γ.
92 2853 122 2883 h.
148 2854 167 2883 l.
231 2855 288 2893 21)
314 2856 460 2894 Palparis
483 2866 510 2899 γ.
537 2857 606 2887 rell.
635 2867 694 2887 om.
721 2858 752 2886 h.
781 2859 799 2889 l,
825 2876 863 2878 ---
892 2857 1029 2887 assentio
1062 2866 1146 2887 omn.
1176 2857 1252 2886 libri
1286 2855 1393 2897 (fifh).
1427 2858 1569 2884 assentot·
1601 2853 1698 2883 tacite
1732 2854 1794 2883 inc.
1827 2854 1864 2889 Q,-

45 2906 207 2940 Caeterum
233 2910 260 2941 G
286 2921 346 2942 om.
371 2917 477 2943 totum
503 2914 603 2944 schol.
632 2918 662 2943 et
687 2924 727 2943 va
753 2914 863 2953 palpor
902 2932 942 2935 ψ
979 2914 1138 2944 adsentio.
1166 2913 1275 2943 eadem
1299 2912 1397 2941 uerba
1430 2914 1456 2940 et
1479 2910 1526 2940 laic
1546 2909 1674 2949 palpet-e
1705 2910 1797 2949 quasi
1824 2927 1865 2931 --

45 2964 170 2995 actiuum
195 2967 328 2998 inferius
354 2973 531 3007 posuerunt
556 2975 628 3008 post
653 2980 682 2999 u.
710 2969 820 3000 deludi.
846 2971 980 3009 palpare.
1011 2960 1072 3000 Cui
1099 2987 1137 2990 -—
1166 2969 1271 2999 renuit
1297 2978 1324 3011 γ.
1353 2968 1421 2997 rell.
1449 2976 1509 2997 om.
1536 2968 1654 2997 renuit.
1680 2966 1867 2997 Translatio

45 3020 82 3050 ab
107 3023 204 3061 equis,
230 3034 288 3054 om.
313 3025 385 3055 lem.
410 3025 597 3064 recalcitrat,
623 3037 646 3068 γ.
675 3028 777 3065 equis.
804 3026 864 3056 Est
890 3029 995 3056 autem
1021 3035 1144 3061 seusuS‚
1177 3036 1237 3056 om.
1265 3025 1521 3063 contempnit—
1539 3023 1706 3061 scripseris
1731 3032 1758 3064 γ.
1808 3024 1866 3062 24)

47 3075 161 3108 Sensus
188 3085 234 3111 est
259 3081 451 3121 mth(G‘.²).
478 3082 608 3120 Sensus,
636 3093 696 3113 om.
713 3088 782 3116 est,
821 3093 868 3113 va.
897 3083 955 3112 Est
982 3087 1087 3112 autem
1116 3092 1225 3111 seusus
1251 3091 1277 3123 γ.
1373 3081 1405 3110 Si
1433 3082 1504 3119 quis
1531 3089 1671 3110 cesarem
1697 3090 1721 3122 γ.
1749 3081 1864 3119 uulgo:

47 3136 246 3172 aggrediatur
270 3138 311 3167 ad
335 3137 516 3169 Caesarem.
545 3139 729 3179 adgreditur
755 3150 779 3182 γ.
831 3141 886 3177 25)
914 3149 968 3169 nec
994 3139 1027 3169 (le
1052 3149 1082 3169 se,
1107 3139 1169 3169 <lici
1185 3139 1307 3176 patitur
1331 3148 1356 3180 γ.

1882 930 1921 961 lo

1884 1298 1922 1329 15
