2148 3412
222 123 302 164 512
855 133 962 166 Aen.
987 133 1047 166 ΕΤ
1072 132 1239 182 rORPH.
1264 133 1412 167 COMM.

222 272 389 298 carmen
421 257 586 307 efficiat,
618 263 756 298 utrum
788 257 893 298 illud
924 271 1106 305 carmen,
1142 256 1255 310 quod
1286 263 1396 299 retro
1427 264 1595 299 centum
1626 257 1746 300 annis
1782 258 2043 314 conpositum

222 338 295 380 cst,
327 346 380 370 an
412 329 539 378 aliud,
572 330 685 385 quod
714 345 862 385 nuper.
924 331 1101 385 aclroyet.
1134 329 1325 371 Adferat.

332 405 397 444 315.
430 403 614 459 Scriptor
645 404 800 445 abhinc.
832 403 1154 459 Interrogatiue.
1216 404 1369 445 decidit.
1402 403 1596 445 Mortuus
1627 410 1699 445 est.

331 477 397 518 38.
428 478 561 533 iuryz'a
598 477 701 532 finis.
780 476 1076 519 Nominatiuus
1122 483 1202 519 est:
1249 476 1435 519 definitio
1480 483 1623 519 nostra
1668 477 1864 520 excludat
1906 478 2044 534 iurgia

153 555 171 585 5
219 556 373 591 nostra.

331 624 397 665 40.
434 624 545 675 Quid
575 626 646 681 qui
673 625 847 679 deperiit.
906 623 1214 680 Interrogatiue
1244 623 1407 665 iterum.

330 698 396 739 45.
430 699 659 754 caudaeque
676 699 912 754 pilosuteq.
974 696 1106 748 Sicut,
1137 697 1287 752 inquit,
1320 697 1522 755 paulatim
1553 697 1739 753 carpitur
1770 697 1904 739 cauda
1934 697 2043 752 equi,

218 784 434 825 quousque
455 777 540 812 tota
576 771 629 812 sit
663 777 850 812 extracta
881 770 938 811 ita
970 770 1047 827 [et]
1081 785 1161 827 ego
1192 771 1396 826 paulatim
1419 771 1595 812 euellam
1628 786 1848 812 numerum
1879 777 2044 812 centum

218 858 436 892 annorum,
476 845 611 886 donec
642 845 845 886 subducto
876 859 1029 886 aceruo
1060 845 1226 886 numeri
1257 844 1492 900 decipiatur
1524 842 1648 900 [ille]‚
1695 843 1767 898 qui
1798 858 1874 899 per
1903 850 2043 885 uetus-

152 921 191 952 10
217 923 343 958 tatem
375 919 575 973 temporis
604 918 748 960 laudat
777 926 921 974 poetas
951 926 992 960 et
1022 918 1211 960 aestimat
1241 918 1439 959 uirtutem
1476 917 1673 959 carminis
1704 932 1847 959 eorum
1869 932 2042 959 numero

217 1005 434 1032 annorum.

331 1066 395 1107 50.
427 1066 595 1107 Ennius.
657 1063 877 1107 Secundus
908 1064 960 1106 ab
991 1064 1194 1112 Homero,
1227 1063 1325 1120 quia
1355 1064 1495 1105 anima
1516 1063 1708 1114 Homeri,
1740 1071 1784 1105 ut
1813 1064 1949 1106 uisum
1980 1071 2043 1106 est

216 1136 291 1187 illi,
322 1137 365 1178 in
397 1153 550 1193 corpus
581 1154 701 1180 suum
730 1139 857 1179 uenit.
915 1137 1093 1186 Ennius,
1130 1138 1200 1186 ait,
1247 1138 1387 1179 leuiter
1433 1153 1580 1179 curare
1623 1139 1799 1188 uidetur,
1845 1138 1924 1179 hoc
1970 1145 2043 1187 est,

216 1210 340 1252 uilior
385 1218 457 1260 est,
503 1226 629 1266 quam
660 1212 897 1267 putabatur,
942 1226 1020 1253 nec
1049 1211 1266 1266 promissis
1297 1212 1381 1253 suis
1413 1212 1653 1254 satisfaciat.
1727 1211 1838 1253 Nam
1868 1212 2043 1262 dixerat,

150 1289 190 1321 15
216 1284 260 1324 111
290 1285 446 1326 somnis
476 1285 632 1327 uidisse
663 1300 719 1335 se,
766 1285 878 1340 quod
908 1285 1049 1326 anima
1079 1285 1257 1327 Homeri
1289 1285 1331 1326 in
1367 1285 1506 1340 ipsum
1537 1300 1613 1340 per
1653 1300 1861 1340 pauonem
1906 1293 2043 1327 trans-

215 1357 349 1407 iisset3
399 1358 511 1415 [sed]
558 1358 739 1400 nonita
784 1358 887 1399 dicit
930 1358 1109 1407 Ennius,
1153 1367 1198 1399 ut
1240 1358 1430 1400 Homero
1476 1359 1624 1401 similis
1669 1359 1873 1400 uideatur.
1933 1358 2044 1400 Nam

215 1432 345 1473 multa
373 1432 484 1473 leuia
513 1439 554 1473 et
582 1431 759 1488 indigna
789 1432 1033 1474 auctoritate
1062 1432 1107 1473 in
1136 1447 1263 1488 opere
1294 1433 1382 1474 eius
1403 1430 1684 1474 inueniuntur.

328 1507 393 1547 51.
429 1506 477 1547 Ue
508 1507 637 1547 critici
664 1506 815 1547 dicunt.
874 1504 1015 1561 Κρίεις
1045 1506 1261 1557 iudicium,
1292 1506 1405 1547 unde
1437 1508 1566 1548 critici
1591 1506 1751 1549 iudices
1782 1506 2043 1563 singularum

215 1593 367 1620 rerum.

147 1657 189 1689 20
328 1654 394 1694 52.
434 1653 521 1703 Quo
538 1667 670 1709 prom.
695 1654 784 1695 cad.
846 1651 943 1705 Quo
974 1653 1130 1703 tendat,
1162 1659 1207 1694 ut
1236 1653 1367 1708 possit
1389 1653 1644 1709 respondere
1666 1653 1895 1709 promissis.
1954 1653 2041 1710 Py-

212 1726 412 1781 thagoras
443 1726 554 1767 enim
585 1727 791 1776 adfirmat,
823 1726 949 1767 anim.
986 1726 1031 1767 in
1062 1727 1146 1768 diu.
1178 1742 1238 1768 co.
1270 1734 1320 1768 tr.
1351 1728 1503 1775 facere,
1549 1734 1586 1768 et
1632 1727 1746 1776 dicit,
1790 1727 1908 1768 illum
1937 1727 2043 1768 nihil

213 1800 411 1855 pendere,
444 1815 525 1855 quo
557 1800 710 1842 cadant
739 1800 948 1855 promissa
976 1800 1002 1841 i.
1035 1815 1069 1841 e.
1101 1808 1239 1842 utrum
1270 1800 1328 1842 ita
1359 1801 1424 1851 sit,
1456 1815 1534 1842 nec
1564 1815 1628 1842 ne.
1688 1806 1843 1843 somnia
1874 1801 2041 1858 Pytkaq.

217 1872 428 1929 [Aliterz
460 1874 559 1915 licet
587 1874 750 1916 uideret
780 1874 946 1916 Ennius
981 1874 1024 1915 in
1071 1874 1227 1916 somnis
1272 1874 1457 1915 animam
1487 1873 1757 1930 Pythagorae
1801 1874 1846 1915 in
1890 1890 2042 1930 corpus

213 1947 301 1988 eius
330 1947 486 1997 uenire,
532 1962 615 1989 non
661 1954 893 1989 esttamen
937 1954 1102 1990 secutus
1147 1963 1244 1989 eum
1288 1948 1332 1989 in
1377 1947 1585 1999 omnibus,
1632 1948 1731 2003 quia
1774 1947 2041 2004 Pythagoras

146 2027 186 2057 25
214 2019 381 2075 scripsit
425 2020 749 2077 philosophiam,
799 2021 964 2064 Ennius
1007 2036 1108 2063 uero
1152 2036 1309 2064 uersus.
1341 2023 1357 2076 Η
1385 2021 1506 2063 Tunc
1551 2036 1653 2077 ergo
1698 2037 1827 2077 quare
1867 2022 2041 2064 inferius

214 2093 393 2148 scripsit.
414 2094 448 2150 Η]

325 2170 479 2210 somnia
510 2168 776 2224 Pythaqorea.
843 2167 1111 2224 Pythagoras
1158 2168 1268 2210 enim
1315 2169 1432 2219 dixit,
1479 2169 1642 2210 animas
1672 2169 1716 2210 in
1747 2169 1915 2210 diuersa
1946 2184 2038 2211 cor-

212 2255 316 2296 pora
347 2242 567 2283 transitum
598 2242 749 2283 facere.
807 2241 976 2284 Ennius
1003 2242 1274 2299 Pythagorae
1323 2243 1508 2284 animam
1553 2242 1659 2284 dixit
1688 2243 1743 2284 ad
1780 2258 1823 2284 se
1869 2242 2035 2284 uenisse

212 2314 255 2355 in
287 2315 457 2365 somnis,
490 2322 530 2356 et
559 2315 664 2356 nihil
696 2316 747 2357 de
777 2315 1045 2370 philosophia
1076 2316 1258 2372 scripsit.

326 2516 359 2555 1)
384 2520 490 2546 utrum
517 2533 556 2537 —-
583 2525 684 2555 nuper
710 2526 770 2546 om.
798 2517 828 2546 b.
880 2517 914 2556 2)
940 2516 1064 2547 Afferat
1087 2517 1135 2559 ⁴(b.
1162 2517 1230 2546 rell.
1257 2527 1319 2547 om.
1369 2516 1403 2555 8)
1430 2521 1462 2547 et
1488 2527 1550 2546 om.
1577 2526 1602 2559 γ.
1619 2521 1803 2547 —centum
1827 2526 1855 2558 γ.
1878 2517 1948 2547 1·θ11.
1975 2527 2035 2548 om.

211 2573 268 2602 sub
293 2572 377 2602 dicto
401 2573 489 2602 vafh.
515 2573 573 2602 sub
600 2574 695 2602 ducto
720 2583 745 2614 γ.
794 2573 829 2612 9)
854 2573 908 2602 ille
933 2583 992 2602 om.
1018 2583 1044 2615 γ.
1096 2573 1151 2612 10)
1178 2574 1333 2611 temporis
1358 2583 1385 2614 γ.
1412 2573 1480 2602 rell.
1506 2583 1566 2603 om.
1626 2574 1681 2612 12)
1708 2573 1875 2603 Secundus
1891 2571 2037 2605 -u'enit

208 2639 234 2671 γ.
261 2630 291 2658 Is
316 2629 520 2668 Pythagorae
545 2631 686 2659 animam
711 2630 751 2658 ad
778 2638 810 2658 se
836 2631 964 2659 uenisse
990 2630 1082 2667 dicit,
1119 2634 1149 2660 et
1175 2631 1219 2659 1111
1246 2631 1285 2659 de
1310 2630 1511 2669 plglosophia
1537 2630 1673 2668 scripsit.
1711 2629 1846 2666 vcath.
1913 2631 1968 2669 13)
1994 2631 2038 2660 ait

209 2696 272 2716 0111.
299 2685 435 2723 vcath,
462 2687 545 2724 apud
572 2696 651 2725 quos
678 2687 735 2716 hoc
760 2687 856 2717 schol.
883 2696 952 2715 cum
978 2687 1126 2716 lemmate
1150 2686 1206 2716 Zeu.
1232 2697 1277 2716 cu.
1304 2686 1364 2716 uid.
1392 2687 1540 2725 sequenti
1565 2688 1781 2725 postpositum
1807 2691 1864 2716 est.
1928 2687 1984 2725 15)
2010 2691 2037 2716 et

209 2753 323 2780 pauon.
349 2742 521 2780 b,vcath.
541 2752 601 2781 per
627 2752 698 2780 pau.
723 2753 750 2784 γ.
788 2743 975 2773 transiisset
999 2752 1025 2784 γ.
1055 2744 1124 2772 rell.
1151 2743 1329 2773 transisset.
1356 2752 1416 2772 non
1442 2753 1502 2773 om.
1527 2753 1553 2785 γ.
1622 2743 1676 2782 17)
1705 2744 1895 2773 auctoritate
1922 2753 1982 2773 om.
2005 2751 2032 2784 γ.

209 2800 408 2829 auctoritatis
434 2800 464 2829 b.
491 2799 558 2829 rell.
586 2800 781 2829 auctoritate
808 2799 878 2837 (va)
909 2809 931 2828 s.
960 2800 1061 2829 autho.
1087 2801 1132 2829 fh.
1200 2800 1255 2837 18)
1283 2800 1391 2829 cretici
1416 2800 1446 2829 b.
1485 2795 1595 2841 Κριτος
1619 2817 1661 2820 —
1687 2809 1791 2829 rerum
1817 2801 1866 2842 ⁴(b.
1892 2795 2036 2842 Κριτικὸς

209 2865 333 2893 graece,
360 2856 461 2885 latine
487 2857 605 2885 dicitur
631 2857 742 2892 iudex,
769 2857 941 2885 secundum
967 2866 1099 2894 quorum
1124 2857 1319 2886 sententiam
1344 2856 1470 2885 Ennius
1497 2856 1657 2886 secundus
1682 2856 1751 2885 fuit.
1791 2857 1852 2886 Per
1877 2857 1934 2886 hos
1960 2865 2034 2894 ergo

210 2915 333 2949 poetas,
359 2912 412 2950 qui
439 2917 627 2951 sequuntur,
657 2913 799 2943 ostendit
825 2913 1039 2951 sapientiores
1066 2923 1135 2942 esse
1160 2914 1305 2944 nouellos
1331 2923 1425 2951 quam
1450 2917 1587 2950 uetereS,
1626 2913 1700 2950 quia
1725 2917 1844 2951 quanto
1881 2914 2034 2950 iuniores,

211 2973 301 2997 tanto
327 2970 574 3006 perspicaciores
599 2969 738 3005 vcath.
787 2970 844 3008 27)
864 2970 1056 3007 phitagorea
1081 2987 1123 2990 *e
1141 2970 1302 3008 pitagoras
1328 2979 1344 3011 γ
1370 2969 1534 3007 (pitagora
1558 2970 1603 3008 b).
1630 2969 1836 3008 Pythagoras
1862 2987 1904 2990 —-
1929 2969 2034 2999 faeere

209 3024 256 3065 γὴ.
308 3024 363 3062 23)
390 3024 514 3055 Ennius
540 3027 706 3065 pitagorae
731 3025 891 3066 (pitagorc
916 3025 951 3064 b)
979 3043 1021 3046 —
1046 3027 1174 3064 scripsit
1198 3027 1246 3067 Tb.
1276 3026 1350 3055 uide
1376 3026 1418 3054 ad
1442 3035 1471 3054 u.
1491 3026 1543 3055 50.
1594 3026 1652 3064 29)
1677 3026 1759 3055 nihil
1784 3034 1811 3067 γ.
1839 3026 1886 3055 nil
1911 3025 2031 3064 b.filo-

210 3080 323 3117 sophia
347 3081 375 3109 b.
441 3081 497 3120 20)
525 3082 594 3117 Quo
621 3100 660 3103 —
688 3083 819 3120 scripsit
843 3081 978 3118 vcath.
1016 3081 1085 3117 Quo
1110 3083 1259 3118 tendant,
1296 3087 1331 3111 ut
1355 3081 1455 3120 possis
1478 3091 1504 3123 γ.
1541 3081 1645 3111 Aliter
1671 3099 1713 3102 -
1740 3082 1873 3120 scripsit
1896 3091 1957 3112 om.
1982 3082 2030 3124 γ1).

212 3136 269 3176 21)
294 3137 372 3166 dicit
397 3146 423 3178 γ.
450 3155 488 3159 -
517 3142 546 3167 et
571 3139 652 3169 dicit
677 3157 719 3161 —-
744 3149 783 3169 ne
809 3149 868 3170 om.
895 3148 922 3181 γ.
970 3139 1029 3178 25)
1055 3138 1146 3169 Tunc
1173 3157 1213 3160 —-
1239 3139 1368 3177 scripsit
1391 3148 1461 3168 unc.
1488 3138 1562 3168 incl.
1589 3137 1627 3174 Q.
1655 3139 1738 3168 conf.
1764 3148 1794 3168 u.
1821 3139 1872 3169 33.

2076 2358 2086 2665 J

2067 2751 2101 3078 J.
