2148 3412
137 544 154 573 σι

133 909 173 940 10

130 1276 170 1307 15

204 110 284 151 542
833 120 939 153 ACR.
964 121 1024 152 ΕΤ
1050 120 1217 154 PORPH.
1242 120 1392 154 COMM.

316 245 408 283 214.
441 257 584 284 uerum
615 258 697 298 aye.
756 243 825 284 Ex
854 244 919 285 his
949 243 1098 285 transit
1118 244 1172 284 ad
1194 251 1351 299 poetas,
1384 259 1434 286 ex
1456 245 1607 300 quibus
1628 244 1832 288 Horatius
1853 261 2021 301 quoque

203 323 274 365 cst,
309 316 378 370 qui
410 331 492 357 non
524 316 726 366 dramata,
758 317 837 358 hoc
868 324 940 367 est,
987 317 1150 358 fabulas
1181 317 1382 368 scribunt,
1430 319 1503 360 sed
1547 319 1766 369 eiusmodi,
1813 334 1919 374 quae
1962 320 2022 361 le-

201 396 366 444 gantur,
398 396 437 430 ct
467 389 655 430 hortatur
684 389 940 446 Augustum,
972 399 1016 431 ut
1046 390 1290 446 diligentius
1321 391 1510 433 aestimet
1530 400 1674 447 poetas
1696 392 1848 448 dignos
1869 393 2022 436 biblio-

200 462 332 513 theca,
364 478 489 518 quam
520 463 564 504 in
594 463 750 518 templo
780 462 996 519 Apollinis
1025 463 1163 505 faciat.
1422 466 1425 468 ’

315 537 409 577 218.
445 537 493 578 Ut
523 538 652 578 studio
684 538 830 579 maiore
854 544 1000 593 petant.
1059 537 1217 579 Poetae
1249 537 1420 588 scilicet,
1458 544 1498 578 ct
1527 544 1589 580 est
1619 537 1822 594 allegoria
1851 554 1929 595 pro
1959 554 2022 591 eo,

200 609 311 663 quod
342 616 423 651 est:
455 617 500 651 ut
531 611 713 652 studiose
745 611 934 652 carmina
965 611 1162 653 scribant.

311 685 404 724 219.
437 685 572 727 Multa
593 686 748 740 quidem
767 685 891 726 nobis.
934 683 1120 726 Accusat
1151 692 1318 740 poetas:
1351 685 1508 741 populo
1539 692 1577 727 et
1609 685 1869 727 auditoribus
1901 685 2016 737 dicit,

198 772 513 812 nonnumquam
559 757 603 799 in
633 758 766 813 poetis
798 757 966 813 culpam
996 773 1098 808 esse,
1137 765 1311 814 propter
1344 773 1469 813 quam
1501 758 1689 800 carmina
1719 759 1906 815 ipsorum
1946 775 2022 816 pa-

199 831 354 872 tiantur
384 831 593 872 iniuriam.

312 905 405 945 220.
442 905 490 946 [ft
519 906 657 946 uincla
688 913 835 959 eqomet
866 905 1028 946 caedam
1058 920 1156 947 mea.
1216 904 1313 947 Hoc
1343 912 1424 946 est:
1466 911 1511 947 ut
1539 905 1630 960 ipse
1661 919 1727 947 me
1770 905 1936 948 laeda-m
1982 913 2022 948 et

197 978 286 1034 ipse
319 978 370 1019 de
400 992 466 1019 me
497 978 726 1019 detraham.
1013 985 1015 987 ’

311 1052 403 1093 220.
436 1053 528 1092 221.
563 1066 653 1093 cum
684 1052 754 1093 tz'bz‘
780 1052 926 1094 librum
960 1052 1138 1094 Sollicito
1170 1053 1324 1094 damus.
1403 1052 1560 1108 Incipit
1603 1067 1862 1104 enumerare,
1909 1054 2022 1109 quod

196 1124 325 1166 multa
356 1125 467 1166 mala
496 1125 652 1166 faciant
680 1132 842 1179 poetae.

309 1199 545 1241 226—229.
579 1208 625 1240 ut
653 1199 774 1240 simul
800 1207 914 1255 atque
951 1199 1142 1241 Carmina
1173 1200 1353 1241 rescieris
1376 1225 1414 1229 —
1439 1200 1607 1241 scribere
1630 1215 1758 1254 coya&
1789 1200 1867 1242 Sed
1888 1209 2019 1243 tamen

198 1279 255 1313 est
284 1287 343 1328 op.
361 1287 428 1328 pr.
448 1287 559 1326 coqu.
618 1271 736 1313 Bene
761 1272 852 1329 [et]
877 1270 1099 1314 Subtiliter
1128 1273 1266 1329 tetigit
1298 1270 1523 1315 Caesarem
1567 1273 1687 1328 quasi
1724 1274 2020 1330 neglegentem

195 1351 426 1400 poetarum.
484 1345 694 1387 Proximis
725 1345 916 1388 uersibus
946 1346 1128 1387 addidit:
1161 1347 1239 1387 Sed
1260 1354 1398 1387 lamen.
1457 1346 1508 1387 Id
1529 1353 1608 1387 est:
1641 1361 1725 1388 non
1754 1361 1886 1402 usque
1916 1362 2018 1402 qua-

197 1433 276 1473 que
306 1419 440 1473 poetis
470 1419 708 1469 fauendum,
744 1433 823 1460 nec
852 1419 934 1461 nisi
964 1419 1193 1475 praeclaris
1214 1419 1537 1476 insignibusque
1560 1419 1658 1462 solis
1679 1420 2018 1478 permittendum,

195 1498 241 1533 ut
261 1506 327 1533 res
348 1499 489 1548 gestas
512 1490 708 1534 Caesaris
739 1492 937 1534 scribant.

192 1703 312 1730 testate
336 1718 378 1721 ——
403 1701 493 1730 meis.
521 1700 548 1736 Q
573 1704 645 1738 post
672 1700 746 1729 ordo
772 1701 878 1737 posuit
904 1700 1046 1729 lacunam
1073 1703 1104 1729 et
1128 1700 1226 1729 uerba
1248 1703 1336 1738 poeta
1359 1709 1453 1729 meum
1475 1700 1527 1739 qui
1543 1703 1649 1738 pectus
1673 1710 1729 1739 pro
1753 1701 1904 1731 lemmate
1929 1710 2018 1731 acce-

193 1758 258 1795 pit:
285 1758 356 1796 Ego
382 1758 510 1787 addidi:
537 1758 569 1786 id
596 1762 654 1787 est.
716 1757 773 1796 22)
799 1758 906 1794 magni
933 1758 962 1786 2.
1024 1758 1081 1796 23)
1108 1758 1247 1786 carmine
1271 1760 1307 1786 ut
1331 1758 1377 1786 th.

309 1814 341 1852 1)
369 1815 407 1843 Et
430 1815 479 1844 his
504 1814 546 1843 M.
598 1814 632 1853 2)
658 1814 801 1843 scribunt
825 1813 891 1843 Me.
917 1814 985 1843 rell.
1013 1814 1168 1843 scribant.
1219 1814 1254 1851 3)
1280 1813 1438 1843 existimet
1454 1813 1498 1843 fh.
1525 1814 1628 1843 estim.
1648 1815 1677 1843 2.
1703 1814 1766 1852 Ap.
1791 1813 1852 1853 ipse
1865 1812 1948 1854 fecie
1968 1814 2016 1844 fh.

193 1871 228 1910 5)
253 1875 286 1900 nc
307 1874 363 1900 sta.
387 1871 511 1900 maiore.
537 1875 652 1909 poetae
677 1880 720 1899 sc.
747 1869 878 1906 M2G,v.
904 1879 955 1908 po.
982 1879 1024 1899 sc.
1051 1880 1111 1899 om.
1137 1870 1182 1899 fh.
1220 1873 1332 1908 poetae
1358 1881 1417 1900 om.
1444 1880 1471 1899 a.
1499 1874 1526 1899 ec
1548 1871 1643 1909 alleg.
1668 1870 1820 1908 M2G,va.
1846 1872 1901 1900 Est
1923 1871 2016 1910 alleg.

192 1927 266 1963 shQ.
293 1928 384 1965 posui
410 1931 436 1956 et
459 1930 501 1956 est
524 1927 577 1956 all.
636 1927 671 1966 6)
697 1927 843 1956 studiosa
868 1927 942 1956 libri
970 1926 1064 1969 (Βφ).
1091 1927 1207 1964 scripsi
1233 1927 1380 1963 studiose,
1407 1936 1482 1956 nam
1505 1927 1666 1956 studiosum
1691 1937 1821 1964 carmen,
1848 1931 1884 1957 ut
1907 1927 2016 1958 studio-

191 1994 255 2013 sum
278 1984 366 2013 olium
390 1984 473 2013 Plin.
499 1984 536 2012 E.
553 1983 579 2019 I,
600 1984 629 2020 2,
656 1986 688 2012 et
712 1983 844 2012 studiosa
868 1982 1027 2021 disputatio
1053 1982 1193 2018 Quintil.
1219 1983 1274 2021 XI,
1297 1985 1324 2020 l,
1351 1984 1493 2013 alienum
1517 1984 1649 2021 praebet
1675 1993 1813 2014 sensum.
1864 1984 1897 2023 7)
1925 1994 2017 2014 accu-

192 2045 241 2070 sat
266 2042 381 2079 populo
407 2045 439 2070 et
463 2041 535 2070 aud.
562 2040 605 2069 M.
632 2050 697 2071 acc.
723 2040 852 2078 populos
890 2040 939 2078 (in
964 2049 1066 2079 marg.
1086 2041 1205 2079 poetas)
1244 2045 1275 2070 et
1299 2041 1370 2069 aud.
1390 2040 1429 2070 G.
1456 2049 1520 2069 acc.
1554 2044 1666 2079 poetas
1692 2045 1723 2070 et
1746 2041 1818 2071 aud.
1856 2043 1886 2072 2.
1925 2042 2018 2071 multa

191 2097 306 2137 quidem
331 2097 421 2136 (quod
443 2099 476 2136 v)
500 2097 582 2127 nobis
606 2098 710 2135 poetis
747 2101 779 2126 et
814 2097 886 2126 aud.
924 2096 1003 2126 vafh
1039 2097 1161 2135 (nobis,
1198 2098 1312 2135 poetis,
1354 2101 1385 2127 et
1422 2098 1494 2126 aud.
1529 2097 1592 2137 fh).
1630 2098 1739 2135 posui:
1774 2097 1849 2130 Ace.
1886 2102 2013 2136 poetas:

192 2155 307 2193 populo
346 2158 377 2184 et
414 2155 485 2183 aud.
525 2153 616 2183 Conf.
646 2154 716 2196 Βφε
748 2153 850 2183 ‘Dicit
887 2163 1122 2192 nonnumquam
1159 2155 1191 2183 in
1228 2154 1333 2192 poetis
1371 2163 1440 2183 esse
1477 2154 1612 2192 culpam,
1651 2158 1781 2193 propter
1817 2164 1910 2193 quam
1946 2165 2013 2185 car-

191 2212 277 2241 mina
302 2212 442 2250 ipsorum
467 2211 635 2248 patiantur
659 2211 809 2240 iniuriam
836 2214 863 2239 et
900 2211 979 2240 uilia
1013 2210 1205 2247 efficiantur,
1242 2211 1396 2240 uidelicet
1431 2220 1502 2240 cum
1534 2214 1672 2249 augusto
1705 2212 1917 2249 inopportune
1948 2221 2015 2241 car-

191 2268 277 2297 mina
313 2276 371 2297 sua
407 2267 540 2304 ferrent,
578 2267 653 2296 dum
690 2267 746 2296 ille
783 2271 866 2297 esset
891 2272 1062 2305 occupatus
1088 2268 1281 2306 quibusdam
1306 2268 1458 2306 negotiis,
1485 2271 1541 2297 aut
1567 2278 1637 2297 cum
1655 2268 1752 2297 etiam
1769 2267 2013 2306 rephensionem

191 2324 283 2353 amici
320 2325 353 2353 in
389 2325 539 2353 uersibus
576 2324 718 2354 ferrent.'
786 2325 841 2363 ll)
866 2333 910 2353 me
934 2325 1016 2354 detr.
1042 2324 1085 2361 M,
1122 2328 1158 2354 ut
1183 2325 1224 2354 ad
1248 2324 1320 2354 Aer.
1346 2335 1372 2366 γ.
1399 2325 1469 2354 rell.
1494 2324 1575 2354 mihi.
1603 2325 1701 2354 Recte
1726 2325 1854 2363 quidem
1878 2325 2012 2354 dicitur:

191 2381 312 2411 multum
337 2382 365 2410 ei
392 2381 537 2410 detraxit
564 2381 645 2418 Nep.
673 2380 766 2410 Eum.
796 2382 823 2418 1,
850 2390 912 2410 non
939 2382 1033 2411 item:
1073 2382 1100 2411 ei
1126 2382 1283 2418 detraxit,
1320 2382 1440 2411 omisso
1466 2382 1662 2419 accusatiuo,
1700 2382 1771 2411 sed:
1808 2390 1872 2410 non
1909 2384 2015 2411 cessat

190 2439 282 2467 nobis
309 2439 480 2467 detrahere
507 2436 574 2466 Cic.
601 2437 672 2467 Att.
698 2437 753 2474 XI,
784 2439 833 2466 11.
871 2438 1009 2467 libenter
1034 2438 1069 2467 de
1093 2438 1140 2467 his
1176 2439 1358 2475 detrahant,
1396 2439 1449 2476 qui
1475 2439 1553 2476 Nep.
1582 2438 1700 2468 Chabr.
1729 2440 1758 2468 3.
1784 2438 1819 2467 de
1842 2438 1905 2477 ipso
1929 2439 2010 2468 dett.

189 2495 263 2525 nolo
289 2494 356 2524 Cic.
383 2495 447 2523 Pis.
476 2495 516 2523 29
543 2497 588 2522 et:
628 2494 775 2523 desinant
802 2511 843 2514 —
868 2494 903 2523 de
938 2503 968 2523 se
1003 2495 1118 2533 aliquid
1152 2495 1330 2525 detractum
1367 2496 1513 2525 arbitrari
1551 2494 1618 2525 Cic.
1654 2495 1746 2524 Rosc.
1783 2495 1856 2524 Am.
1883 2496 1924 2524 48
1952 2499 2011 2525 etc.

189 2550 358 2581 Caeterum
383 2554 480 2580 notae
505 2554 578 2580 sunt
605 2550 777 2580 sollemnes
803 2551 997 2580 locutiones:
1026 2551 1062 2581 de
1086 2551 1181 2587 fama,
1220 2552 1334 2590 gloria,
1373 2552 1466 2581 rebus
1492 2553 1607 2590 gestis,
1644 2552 1850 2589 possessione
1885 2551 2012 2581 alicuius

189 2609 366 2645 detrahere,
393 2611 429 2637 ut
454 2606 522 2637 Cic.
549 2606 677 2636 Cluent.
705 2607 763 2636 51:
790 2607 825 2636 de
849 2608 1024 2637 (caeleritate
1048 2612 1176 2638 senatus.
1230 2609 1283 2647 12)
1310 2609 1394 2646 quod
1419 2608 1453 2637 M
1477 2608 1586 2648 (plene
1603 2612 1637 2637 ut
1655 2607 1702 2637 fh.
1721 2608 1807 2646 negl.
1826 2607 1869 2647 Q)
1888 2608 2009 2643 2‚vafh.

187 2665 308 2694 faciant
335 2674 419 2694 omn.
445 2665 521 2694 libri
548 2663 576 2699 Q
600 2664 711 2693 inculc.
739 2673 830 2702 quam
855 2681 896 2684 ᾖ
922 2664 1043 2694 faciunt
1069 2675 1119 2703 po.
1186 2665 1242 2703 15)
1269 2665 1356 2694 Bene
1382 2665 1465 2694 subt.
1491 2664 1589 2701 MA2,
1619 2674 1677 2694 om.
1704 2668 1738 2701 et,
1764 2665 1845 2702 quod
1872 2665 2008 2703 interpo.

189 2721 225 2757 Q.
243 2722 349 2751 Verba
366 2722 448 2751 Bene
466 2739 508 2742 —
526 2722 675 2751 uersibus
693 2731 753 2750 om.
773 2720 862 2757 vafh,
891 2730 981 2758 quae,
1008 2722 1125 2751 omisso
1151 2722 1310 2758 lemmate,
1337 2723 1384 2751 sic
1408 2725 1564 2760 pergunt:
1592 2720 1665 2750 ‘Sed
1690 2725 1809 2759 tamen,
1835 2730 1895 2751 om.
1921 2720 2010 2751 addi-

188 2779 239 2814 dit,
266 2789 325 2808 non
352 2787 452 2816 usque
479 2782 536 2807 etc.
563 2796 605 2799 —
630 2778 721 2816 quasi
746 2787 796 2815 po.
824 2778 909 2815 negl.
961 2779 1016 2817 16)
1043 2780 1190 2809 uersibus
1215 2778 1334 2809 addidit
1358 2779 1414 2808 sed
1439 2782 1548 2807 tamen
1572 2777 1669 2807 MA2.
1701 2778 1757 2807 sed
1782 2782 1892 2808 tamen
1916 2777 2009 2807 addi-

189 2835 238 2863 dit
263 2834 300 2868 Q.
327 2835 442 2864 Totum
468 2835 569 2865 schol.
596 2835 794 2864 constituere
820 2838 953 2863 conatus
979 2844 1060 2873 sum,
1098 2837 1306 2873 praemittens
1343 2836 1476 2865 lemma:
1508 2835 1544 2864 Ut
1577 2834 1667 2864 simul
1691 2852 1729 2856 —-
1756 2844 1856 2874 coya-5¹,
1893 2835 2009 2864 distin-

189 2900 289 2928 guens
307 2895 378 2928 post
395 2892 475 2920 Bene
493 2891 529 2928 (i.
549 2901 575 2921 e.
603 2890 739 2929 (lictum)
767 2895 798 2920 et
824 2895 896 2929 post
921 2891 1047 2929 addidit,
1073 2896 1170 2930 atque
1194 2896 1265 2930 post
1291 2893 1352 2922 Sed
1375 2896 1482 2927 tamen,
1509 2892 1630 2921 scilicet
1655 2891 1782 2921 Horatii
1808 2892 1916 2928 uerba,
1953 2891 2008 2920 ad-

190 2948 285 2975 dens:
314 2947 349 2975 Id
371 2952 411 2975 est
435 2957 470 2976 ac
496 2948 643 2986 denique,
670 2948 813 2977 codicum
839 2949 986 2986 uestigiis
1011 2949 1176 2985 insistens,
1213 2959 1270 2987 pro
1300 2948 1496 2988 aclsiynisque
1523 2947 1724 2988 (eyreyiisque
1748 2948 1837 2986 edd.)
1865 2948 2007 2978 scribens

188 3002 415 3041 insiynibmque.
441 3003 535 3045 1330ss
561 3005 620 3033 hoc
645 3004 745 3033 schol.
772 3014 834 3033 non
862 3005 991 3034 habent.
1045 3005 1099 3043 17)
1126 3023 1167 3026 —
1193 3007 1296 3043 poetis
1322 3005 1455 3035 fauentis
1480 3005 1545 3034 nisi
1564 3004 1687 3043 pictatis
1711 3003 1901 3043 a(lsiynisque
1929 3005 2006 3034 solis

189 3059 268 3097 (sic)
294 3058 326 3087 M
353 3058 391 3088 G.
412 3077 452 3080 w
471 3070 519 3097 po.
547 3060 697 3090 fauentem
721 3060 854 3098 precatis
877 3061 1005 3100 ctssiynis
1030 3071 1090 3100 que
1115 3063 1191 3091 solis
1217 3062 1294 3100 (sic)
1322 3063 1351 3091 2.
1384 3061 1552 3092 fallendum
1576 3062 1640 3090 nisi
1660 3060 1834 3099 praeclaris
1859 3059 2006 3100 egreyiz‘s-

187 3124 241 3155 que
266 3116 343 3145 solis
377 3115 497 3151 vath.
536 3117 616 3147 conf.
641 3117 711 3162 Βφε
750 3119 850 3157 ‘opere
868 3118 941 3157 pict.
979 3118 1082 3155 Licet,
1114 3118 1226 3158 inquit,
1263 3119 1325 3148 ista
1350 3128 1480 3158 agamus
1506 3126 1585 3157 quae
1622 3117 1769 3155 superius
1806 3117 1895 3147 dicta
1930 3120 2006 3147 sunt
