2148 3412
877 139 924 171 {N
951 139 1094 172 EPIST.
1123 139 1148 179 1,
1176 143 1204 172 7.
1871 131 1953 171 409

238 262 275 303 8.
307 261 448 318 opella.
512 262 646 317 Opera
677 260 927 304 diminutius
959 262 1087 319 opella
1119 262 1284 304 dicitur.

238 335 302 376 11.
335 336 398 377 Ad
427 349 538 376 mare
568 335 787 377 descendet.
848 333 962 388 Quia
1006 350 1122 377 mare
1166 336 1303 378 hieme
1349 337 1531 379 calorem
1577 343 1775 392 praestat,
1819 337 1955 393 frigus

125 413 292 449 aestate.

237 482 302 522 14.
328 482 432 537 piris
452 482 564 523 uesci
585 481 751 523 Calaber
771 482 851 523 iub.
872 482 980 537 hosp.
1039 481 1136 523 Non
1156 481 1273 532 mihi,
1296 482 1446 536 inquit,
1478 483 1657 534 donasti,
1689 499 1796 539 quae
1818 491 1956 526 essent

124 568 398 609 superuacua,
444 553 517 596 sed
549 555 620 610 (ex
659 554 736 596 tibi
775 554 922 609 etiam)
954 554 1202 596 necessariis
1233 569 1299 596 me
1339 555 1513 597 diuitem
1552 557 1700 599 fecisti.
1780 556 1954 600 Calabri

122 633 259 669 autem
289 627 475 682 hospites
506 641 555 668 ea
584 627 843 668 humanitate
875 626 1104 682 excipiunt,
1149 634 1194 668 ut
1226 627 1279 668 ad
1309 627 1411 669 uilia
1442 635 1481 669 et
1520 644 1783 685 superuacua
1827 646 1954 686 poma

121 700 350 743 hortentur.

235 774 299 815 18.
335 775 434 815 Tam
465 781 599 815 teneor
630 774 744 815 dono.
804 773 856 814 Id
888 781 967 815 est:
1000 773 1113 815 idem
1144 774 1248 815 mihi
1279 774 1391 816 ualet
1421 774 1614 817 uoluntas
1645 783 1728 827 tua,
1761 791 1887 831 quam
1918 777 1953 819 si

122 846 316 903 (donum)
347 847 492 888 feram.
552 846 742 888 Ironicos
774 846 939 889 aduena
970 847 1051 889 hoc
1082 847 1184 889 dicit
1213 848 1383 903 hospiti.

234 921 298 961 19.
329 921 539 977 relinques.
599 919 694 962 Nisi
726 920 871 975 pueris
901 921 984 962 tuis
1015 921 1318 976 deportaueris.

233 995 297 1034 22.
338 994 404 1035 Vir
435 994 560 1035 bonus
590 1002 625 1034 et
655 995 824 1049 sapiens.
900 992 1078 1035 Sensus:
1128 994 1226 1051 [hoc
1257 994 1395 1051 sonat]
1431 994 1564 1036 bonus
1594 1002 1634 1036 et
1664 995 1850 1050 prudens
1885 996 1953 1037 uir

119 1081 203 1108 non
232 1066 313 1108 nisi
344 1067 487 1123 dignis
518 1066 666 1122 largiri
698 1081 741 1108 se
772 1074 966 1121 paratum
997 1081 1086 1109 esse
1117 1067 1174 1108 ait
1184 1083 1194 1116 3
1226 1081 1304 1109 nec
1334 1067 1541 1118 inmerito,
1575 1069 1773 1123 quoniam
1795 1069 1952 1126 eligere

120 1139 333 1191 debemus,
366 1140 409 1181 in
441 1155 545 1195 quos
576 1139 781 1182 beneficia
812 1140 1087 1182 conferamus.
1147 1140 1229 1182 Vir
1259 1141 1393 1183 bonus
1423 1156 1507 1182 non
1538 1141 1643 1184 adeo
1674 1142 1801 1183 uilem
1833 1149 1952 1197 putat

119 1214 341 1270 pecuniam
372 1221 417 1256 ut
446 1214 626 1270 lupinos,
660 1213 820 1256 scilicet
849 1221 895 1255 ut
925 1213 1109 1255 medium
1140 1219 1279 1255 teneat.
1309 1221 1348 1255 et
1379 1214 1521 1270 dignis
1552 1215 1690 1256 donet.

231 1289 296 1330 23.
329 1289 423 1344 quid
445 1288 590 1330 distent
613 1302 710 1329 aera
733 1288 893 1343 lupznt‘s.
955 1285 1077 1338 Quae
1109 1287 1161 1328 sit
1192 1287 1430 1329 differentia
1461 1287 1570 1329 inter
1590 1287 1723 1330 bonos
1745 1296 1785 1330 et
1805 1289 1949 1332 malos.

231 1363 297 1403 24.
330 1363 503 1416 Diqnum
527 1361 739 1417 praestabo
770 1376 830 1402 me
869 1361 986 1402 etiam
1018 1375 1097 1416 pro
1135 1361 1254 1403 laude
1293 1363 1493 1403 merentis.
1568 1360 1711 1403 Ordo:
1757 1362 1951 1419 Dignum

117 1435 340 1491 praestabo
370 1449 437 1476 me
468 1437 586 1477 etiam
617 1435 737 1476 laude
763 1435 1044 1490 promerentis.
1103 1433 1185 1476 Vel
1217 1434 1395 1476 aliter:
1429 1435 1606 1491 dignum
1637 1442 1681 1477 ut
1704 1436 1756 1478 sit
1776 1435 1952 1492 (dignus

116 1515 162 1550 ut
191 1508 317 1563 simP)
349 1508 430 1550 tuis
460 1508 675 1550 benefieiis
699 1523 780 1564 pro
811 1508 928 1550 laude
957 1510 1156 1558 merentis,
1202 1508 1247 1549 id
1278 1515 1360 1550 est:
1393 1524 1470 1564 pro
1502 1509 1561 1550 tui
1592 1509 1729 1560 laude,
1760 1509 1832 1564 qui
1862 1525 1951 1551 me-

117 1575 251 1624 reris(
295 1580 481 1632 Laboro,
512 1588 558 1622 ut
588 1581 764 1636 dignum
796 1595 861 1622 me
893 1587 1115 1636 praestem,
1162 1597 1265 1624 non:
1312 1585 1432 1624 etiam
1459 1598 1536 1639 pro
1568 1585 1653 1625 eius
1699 1584 1832 1634 laude,
1879 1583 1951 1638 qui

117 1655 161 1697 in
190 1670 257 1697 me
288 1656 450 1698 confert
481 1654 696 1697 beneficia.

230 1730 295 1771 25.
328 1730 540 1772 discedere.
602 1726 779 1770 Sensus:
810 1727 876 1770 uis
906 1742 973 1770 me
1004 1743 1029 1770 a
1058 1734 1097 1769 te
1128 1743 1212 1770 non
1244 1729 1470 1771 recedere?
1507 1746 1579 1770 —z
1624 1728 1773 1772 Redde
1803 1729 1951 1771 iuuen-

115 1809 257 1853 tutem,
290 1803 433 1858 recipe
464 1801 681 1858 pecunias.

232 2011 264 2050 1)
293 2010 399 2048 Opera
415 2027 454 2031 —-
469 2009 590 2039 dicitur
614 2019 641 2051 γ.
670 2009 738 2038 rell.
766 2018 826 2039 om.
854 2008 937 2038 conf.
965 2007 1008 2037 C:
1036 2008 1285 2039 ‘deminutiuum
1310 2010 1349 2039 ab
1367 2009 1483 2047 opera.y
1508 2009 1605 2048 opella
1630 2010 1650 2039 i.
1677 2018 1775 2047 parua
1800 2010 1950 2039 substan-

117 2067 172 2097 tia.
200 2067 432 2097 diminutiuum
457 2070 507 2096 est
532 2066 571 2095 ab
596 2075 660 2104 ope,
687 2066 772 2104 quod
798 2065 877 2095 facit
902 2065 1138 2095 nominatiuum
1163 2075 1214 2103 ops
1250 2065 1306 2109 (φε
1334 2075 1433 2104 parua
1459 2067 1560 2096 subst.
1586 2067 1661 2096 dim.
1688 2067 1727 2095 ab
1753 2075 1786 2095 eo
1808 2065 1887 2104 quod
1910 2070 1951 2095 est

117 2121 228 2165 opsssss.
258 2124 270 2152 1
300 2133 340 2153 m.
368 2124 467 2153 erasit
492 2132 522 2159 u,
549 2127 585 2152 ut
609 2126 694 2151 esset
718 2121 786 2160 ops)
823 2121 884 2164 Βφ.
937 2121 971 2160 2)
999 2122 1081 2157 Quia
1107 2139 1148 2142 v<
1174 2126 1296 2159 prestat
1321 2122 1359 2151 fr.
1386 2126 1481 2152 estate
1506 2132 1535 2165 γ.
1574 2122 1658 2152 conf.
1686 2121 1729 2152 C:
1768 2121 1872 2157 ‘Quod
1896 2131 1951 2160 per

117 2181 255 2211 hIemem
281 2181 418 2210 calorem
443 2182 586 2217 praestat
609 2182 636 2208 et
659 2182 784 2208 aestate
810 2177 933 2216 frigus)
970 2178 1053 2208 unde
1079 2178 1122 2214 Q:
1158 2178 1263 2214 ‘Quod
1287 2197 1330 2200 -—
1355 2183 1501 2217 praestat
1523 2178 1626 2217 frigus
1651 2179 1796 2208 aestate!
1834 2177 1949 2208 vcafh:

117 2237 167 2267 Ad
181 2246 273 2267 mare.
300 2238 360 2268 Per
383 2238 528 2277 hyemem
554 2237 691 2267 calorem
717 2235 883 2276 praeferat,
910 2235 1015 2274 frigus
1040 2239 1167 2266 aestate
1186 2236 1256 2275 (per
1280 2236 1319 2266 fr.
1344 2240 1490 2266 aestatem
1514 2235 1578 2274 fh).
1629 2236 1664 2275 4)
1691 2240 1801 2265 essent
1818 2244 1948 2273 superu.

116 2303 143 2336 γ.
169 2303 249 2333 quae
275 2294 327 2324 tibi
351 2285 478 2333 superu.
505 2297 593 2324 erant
617 2292 652 2323 C.
682 2293 750 2323 rell.
778 2301 906 2331 superu.
935 2295 1054 2322 essent.
1115 2292 1150 2331 5)
1179 2302 1220 2322 ex
1245 2294 1307 2323 tibi
1333 2294 1432 2323 etiam
1457 2291 1558 2331 (KQ).
1621 2291 1655 2330 6)
1684 2301 1776 2330 poma
1799 2290 1856 2333 γ,Ο
1882 2290 1950 2329 (su—

117 2350 236 2390 perflua
259 2351 379 2390 poma).
405 2352 475 2381 rell.
502 2361 562 2381 om.
600 2359 702 2388 supna
726 2357 964 2391 *szsuperna
999 2349 1103 2387 posui,
1141 2350 1227 2387 quod
1263 2350 1326 2379 iam
1364 2358 1463 2387 supra
1499 2352 1578 2385 erat,
1616 2357 1827 2386 superuacua.
1865 2347 1948 2376 conf.

118 2407 241 2438 Colum.
267 2408 306 2445 V,
334 2408 368 2438 5:
395 2408 498 2438 uitem
524 2407 734 2445 superuacuis
760 2405 932 2436 frondibus
958 2414 1101 2435 onerare.
1128 2405 1213 2436 Plin.
1239 2405 1339 2443 XXV,
1367 2408 1395 2436 9.
1421 2404 1554 2441 XXXII,
1575 2406 1603 2434 7.
1654 2405 1689 2443 8)
1716 2405 1799 2434 idem
1824 2414 1851 2446 γ.
1879 2404 1948 2434 rell.

117 2473 178 2495 om.
203 2465 283 2494 mihi
319 2465 383 2494 ual.
422 2465 486 2495 uol.
524 2468 579 2494 tua
614 2473 641 2506 γ.
679 2463 716 2492 Id
742 2466 790 2492 est
814 2461 886 2501 quia
909 2462 989 2492 mihi
1008 2462 1079 2501 plus
1103 2463 1206 2492 ualeat
1229 2473 1258 2492 u.
1285 2467 1307 2493 t.
1334 2472 1364 2501 q.
1391 2472 1415 2492 s.
1441 2462 1541 2492 feram
1567 2471 1635 2491 vea.
1663 2479 1702 2482 —
1730 2462 1812 2491 ualet
1835 2471 1885 2491 uo.
1911 2464 1948 2496 t.‚

117 2530 212 2560 quam
237 2522 263 2551 si
289 2522 414 2552 domum
439 2521 538 2551 feram
563 2520 609 2550 fh.
638 2538 676 2540 -—
703 2520 786 2550 ualet
808 2537 849 2539 —
875 2528 971 2557 quam
997 2518 1022 2548 si
1047 2519 1146 2549 feram
1172 2519 1208 2555 Q.
1245 2519 1329 2549 conf.
1356 2518 1399 2549 C:
1438 2520 1510 2549 ‘tam
1533 2522 1643 2548 teneor.
1682 2518 1780 2548 uerba
1805 2518 1950 2547 aduenae

117 2578 264 2617 hospitis.
291 2582 357 2609 tam
381 2578 470 2608 ualet
495 2578 574 2607 mihi
599 2576 716 2606 animas
741 2580 817 2613 tuus,
843 2584 938 2613 quam
963 2576 991 2605 si
1015 2585 1051 2605 ea
1075 2576 1185 2605 feram.
1212 2576 1367 2606 ironicos.'
1397 2585 1431 2617 γ;
1452 2593 1489 2596 —-
1512 2575 1592 2605 dicit
1617 2575 1739 2613 hospes.
1764 2583 1841 2603 vca:
1868 2574 1951 2603 diaeit

117 2634 238 2674 hospes.
263 2634 346 2670 th:
371 2634 456 2665 discit
480 2633 605 2673 hospiti.
672 2633 727 2672 10)
754 2632 826 2662 Nisi
852 2641 882 2670 p.
902 2635 926 2662 t.
952 2632 1023 2671 dep.
1060 2641 1086 2674 γ.
1112 2633 1182 2662 rell.
1209 2642 1269 2663 om.
1321 2633 1377 2672 11)
1404 2632 1522 2662 Sensus
1550 2648 1587 2653 -
1616 2631 1713 2661 donet
1738 2639 1764 2672 γ.
1791 2631 1860 2660 rell.
1886 2640 1947 2660 om.

119 2692 200 2722 conf.
227 2690 272 2722 C:
309 2691 369 2721 ‘uir
393 2691 494 2721 bonas.
520 2700 633 2720 sensus
659 2693 719 2727 est,
757 2690 859 2719 bonus
885 2693 917 2719 et
940 2698 985 2727 pr.
1015 2707 1054 2710 „-
1081 2689 1283 2720 conferimus.
1309 2706 1353 2711 --
1378 2699 1438 2718 ara
1462 2687 1582 2727 lupinis.
1609 2688 1667 2717 hoc
1694 2689 1753 2724 est,
1780 2696 1845 2717 non
1869 2687 1950 2716 adeo

118 2752 212 2787 putat
235 2750 333 2779 uilem
358 2758 425 2787 pec.
443 2767 485 2770 ——
504 2752 535 2778 et
560 2748 671 2786 dignis
696 2745 790 2786 diyna
815 2746 925 2783 donet,
950 2756 1014 2777 non
1040 2747 1203 2786 ignorans,
1230 2747 1306 2785 quio
1332 2746 1446 2775 debeat
1473 2745 1628 2783 indignis,
1655 2744 1723 2773 scil.
1749 2743 1890 2781 lupinos,
1916 2743 1949 2772 id

120 2810 178 2843 est,
202 2807 284 2836 uilia
308 2807 459 2836 munera!
488 2824 526 2826 -ν
554 2806 615 2835 hoc
640 2808 734 2834 sonat
757 2813 786 2845 γ.
818 2803 899 2833 conf.
926 2802 992 2833 Cic.
1018 2803 1090 2833 Fin.
1117 2803 1160 2841 II,
1189 2803 1224 2832 2:
1252 2803 1329 2841 quid
1355 2805 1446 2832 sonet
1472 2802 1552 2831 haec
1575 2810 1641 2830 uox
1665 2800 1855 2838 uoluptatis.
1885 2799 1948 2829 Off.

118 2861 176 2900 111,
203 2863 262 2893 21:
288 2862 378 2892 Haec
403 2863 465 2893 duo
490 2871 524 2892 re
550 2871 649 2891 unum
677 2869 789 2891 sonare
814 2860 975 2890 uidentur.
1027 2860 1082 2898 12)
1109 2863 1287 2898 separatum
1310 2868 1338 2901 γ.
1366 2868 1400 2887 se
1424 2867 1474 2896 pa.
1500 2856 1536 2887 C.
1590 2857 1644 2896 16)
1671 2855 1759 2886 Ordo
1787 2874 1825 2877 —-
1852 2857 1950 2885 bene-

120 2919 190 2950 ficia
212 2929 240 2962 γ.
266 2921 285 2949 i.
311 2929 361 2950 va.
388 2919 424 2949 Iol
445 2923 488 2949 est
509 2918 585 2954 th.
611 2928 672 2948 om.
698 2928 723 2947 c.
751 2917 840 2947 Ordo
856 2925 884 2959 γ.
909 2934 951 2938 —-
978 2917 1133 2955 ‘Dignum
1157 2926 1204 2956 pr.
1233 2925 1283 2946 me
1308 2914 1364 2944 tuis
1387 2913 1534 2952 beneficiis
1558 2917 1585 2943 et
1607 2914 1670 2942 iam
1689 2922 1751 2952 pro
1775 2917 1827 2942 tua
1851 2912 1948 2948 laude,

119 2975 170 3015 qui
191 2977 325 3015 mereris,
350 2977 470 3013 laboro,
494 2980 528 3005 nt
550 2975 672 3016 diynum
695 2984 740 3004 me
757 2978 921 3013 praestem,
946 2983 1007 3004 non
1030 2973 1119 3003 etiam
1136 2983 1198 3013 pro
1222 2982 1259 3002 ea
1283 2971 1364 3012 (eius
1387 2971 1460 3009 vca)
1486 2969 1583 3006 laude,
1611 2979 1670 3009 qua
1693 2969 1726 2999 in
1750 2978 1800 2999 me
1825 2967 1950 2999 confers

120 3032 256 3071 (confert
278 3034 352 3073 voa)
389 3033 555 3063 beneficia’
591 3030 729 3067 vcath.
767 3031 850 3061 conf.
867 3029 909 3060 C:
947 3030 1080 3070 ‘diynum
1096 3034 1208 3070 praest.
1237 3039 1287 3059 me
1311 3028 1377 3058 tuis
1401 3027 1567 3057 beneficiis
1592 3026 1680 3056 etiam
1704 3035 1760 3064 pro
1784 3035 1819 3055 ea
1842 3025 1948 3054 laude.

120 3098 183 3128 qua
207 3090 241 3120 in
266 3099 316 3121 me
340 3089 466 3121 confers
491 3088 668 3120 beneficia)
719 3087 776 3127 19)
801 3096 877 3118 non.-
904 3087 994 3118 etiam
1018 3097 1077 3118 em.
1104 3086 1312 3118 Doederlein.
1339 3085 1374 3115 in
1399 3084 1489 3114 lectt.
1514 3082 1642 3114 Horatt.
1669 3083 1788 3113 decade
1813 3082 1946 3119 Erlang.

124 3147 207 3177 1828
232 3157 252 3186 p
292 3148 342 3178 13.
391 3148 449 3187 21)
474 3147 640 3178 Discedere
664 3164 705 3167 --
732 3146 884 3185 pecunias
908 3155 934 3188 γ.
961 3144 1031 3175 rell.
1058 3153 1120 3175 om.

1979 934 2020 965 10

1979 1297 2018 1328 15

1974 1663 2017 1696 20
