<?xml version="1.0" encoding="UTF-8"?>
<!DOCTYPE html PUBLIC "-//W3C//DTD XHTML 1.0 Transitional//EN"
    "http://www.w3.org/TR/xhtml1/DTD/xhtml1-transitional.dtd">
<html xmlns="http://www.w3.org/1999/xhtml" xml:lang="en" lang="en">
 <head>
  <title>
</title>
<meta http-equiv="Content-Type" content="text/html;charset=utf-8" />
  <meta name='ocr-system' content='tesseract 3.04.00' />
  <meta name='ocr-capabilities' content='ocr_page ocr_carea ocr_par ocr_line ocrx_word'/>
</head>
<body>
  <div class='ocr_page' id='page_1' title='image "acronisetporphyr02pseuuoft_0070.png"; bbox 0 0 2148 3412; ppageno 0'>
   <div class='ocr_carea' id='block_1_1' title="bbox 261 130 1446 172">
    <p class='ocr_par' dir='ltr' id='par_1_1' title="bbox 261 130 1446 172">
     <span class='ocr_line' id='line_1_1' title="bbox 261 130 1446 172; baseline 0 -2"><span class='ocrx_word' id='word_1_1' title='bbox 261 130 311 170; x_wconf 83' lang='lat'>62</span> <span class='ocrx_word' id='word_1_2' title='bbox 892 139 997 172; x_wconf 75' lang='lat' dir='ltr'>Aen.</span> <span class='ocrx_word' id='word_1_3' title='bbox 1024 140 1083 172; x_wconf 79' lang='lat' dir='ltr'>ET</span> <span class='ocrx_word' id='word_1_4' title='bbox 1108 138 1273 171; x_wconf 74' lang='lat' dir='ltr'>PORPH.</span> <span class='ocrx_word' id='word_1_5' title='bbox 1299 138 1446 171; x_wconf 85' lang='lat' dir='ltr'>COMM.</span> 
     </span>
    </p>
   </div>
   <div class='ocr_carea' id='block_1_2' title="bbox 181 259 2080 2372">
    <p class='ocr_par' dir='ltr' id='par_1_2' title="bbox 257 259 2079 534">
     <span class='ocr_line' id='line_1_2' title="bbox 372 259 2076 318; baseline -0.002 -13"><span class='ocrx_word' id='word_1_6' title='bbox 372 264 463 304; x_wconf 89' lang='grc'><strong>114.</strong></span> <span class='ocrx_word' id='word_1_7' title='bbox 496 264 636 305; x_wconf 71' lang='lat' dir='ltr'>diuidit</span> <span class='ocrx_word' id='word_1_8' title='bbox 665 271 710 305; x_wconf 78' lang='lat' dir='ltr'>ut</span> <span class='ocrx_word' id='word_1_9' title='bbox 739 264 841 305; x_wconf 80' lang='lat' dir='ltr'>bona</span> <span class='ocrx_word' id='word_1_10' title='bbox 873 264 1056 313; x_wconf 74' lang='lat' dir='ltr'>diuersis,</span> <span class='ocrx_word' id='word_1_11' title='bbox 1094 264 1178 318; x_wconf 71' lang='lat' dir='ltr'>suq.</span> <span class='ocrx_word' id='word_1_12' title='bbox 1211 262 1401 318; x_wconf 70' lang='lat' dir='ltr'>petendis.</span> <span class='ocrx_word' id='word_1_13' title='bbox 1462 261 1657 303; x_wconf 78' lang='lat' dir='ltr'>Petendis.</span> <span class='ocrx_word' id='word_1_14' title='bbox 1688 259 1851 302; x_wconf 78' lang='lat' dir='ltr'>Licitis.</span> <span class='ocrx_word' id='word_1_15' title='bbox 1910 259 1962 301; x_wconf 84' lang='lat' dir='ltr'>Id</span> <span class='ocrx_word' id='word_1_16' title='bbox 1993 266 2076 302; x_wconf 86' lang='lat' dir='ltr'>est:</span> 
     </span>
     <span class='ocr_line' id='line_1_3' title="bbox 257 333 2079 392; baseline -0.002 -14"><span class='ocrx_word' id='word_1_17' title='bbox 257 336 467 391; x_wconf 88' lang='lat' dir='ltr'>quomodo</span> <span class='ocrx_word' id='word_1_18' title='bbox 498 343 633 391; x_wconf 87' lang='lat' dir='ltr'>potest</span> <span class='ocrx_word' id='word_1_19' title='bbox 662 344 812 377; x_wconf 83' lang='lat' dir='ltr'>natura</span> <span class='ocrx_word' id='word_1_20' title='bbox 842 350 1038 392; x_wconf 85' lang='lat' dir='ltr'>separare</span> <span class='ocrx_word' id='word_1_21' title='bbox 1069 335 1179 377; x_wconf 85' lang='lat' dir='ltr'>bona</span> <span class='ocrx_word' id='word_1_22' title='bbox 1200 350 1223 376; x_wconf 87' lang='lat' dir='ltr'>a</span> <span class='ocrx_word' id='word_1_23' title='bbox 1245 335 1380 384; x_wconf 85' lang='lat' dir='ltr'>malis,</span> <span class='ocrx_word' id='word_1_24' title='bbox 1411 334 1469 375; x_wconf 88' lang='lat' dir='ltr'>ita</span> <span class='ocrx_word' id='word_1_25' title='bbox 1490 349 1574 376; x_wconf 92' lang='lat' dir='ltr'>non</span> <span class='ocrx_word' id='word_1_26' title='bbox 1594 340 1730 389; x_wconf 87' lang='lat' dir='ltr'>potest</span> <span class='ocrx_word' id='word_1_27' title='bbox 1750 347 1948 388; x_wconf 86' lang='lat' dir='ltr'>separare</span> <span class='ocrx_word' id='word_1_28' title='bbox 1968 333 2079 375; x_wconf 80' lang='lat' dir='ltr'>iusta</span> 
     </span>
     <span class='ocr_line' id='line_1_4' title="bbox 258 406 2079 466; baseline -0.002 -16"><span class='ocrx_word' id='word_1_29' title='bbox 258 410 310 451; x_wconf 91' lang='lat' dir='ltr'>ab</span> <span class='ocrx_word' id='word_1_30' title='bbox 340 409 504 451; x_wconf 86' lang='lat' dir='ltr'>iniustis</span> <span class='ocrx_word' id='word_1_31' title='bbox 537 409 663 465; x_wconf 86' lang='lat' dir='ltr'>[sieut.</span> <span class='ocrx_word' id='word_1_32' title='bbox 694 408 827 451; x_wconf 82' lang='lat' dir='ltr'>Stoici</span> <span class='ocrx_word' id='word_1_33' title='bbox 856 409 1113 466; x_wconf 70' lang='lat' dir='ltr'>uoluerunt]</span> <span class='ocrx_word' id='word_1_34' title='bbox 1171 407 1336 449; x_wconf 85' lang='lat' dir='ltr'>Natura</span> <span class='ocrx_word' id='word_1_35' title='bbox 1366 407 1478 448; x_wconf 89' lang='lat' dir='ltr'>enim</span> <span class='ocrx_word' id='word_1_36' title='bbox 1509 407 1619 448; x_wconf 86' lang='lat' dir='ltr'>bona</span> <span class='ocrx_word' id='word_1_37' title='bbox 1650 421 1698 448; x_wconf 82' lang='lat' dir='ltr'>ae</span> <span class='ocrx_word' id='word_1_38' title='bbox 1727 406 1930 462; x_wconf 82' lang='lat' dir='ltr'>fugienda</span> <span class='ocrx_word' id='word_1_39' title='bbox 1959 406 2079 461; x_wconf 85' lang='lat' dir='ltr'>operi</span> 
     </span>
     <span class='ocr_line' id='line_1_5' title="bbox 257 479 2077 534; baseline -0.001 -10"><span class='ocrx_word' id='word_1_40' title='bbox 257 498 332 524; x_wconf 87' lang='lat' dir='ltr'>suo</span> <span class='ocrx_word' id='word_1_41' title='bbox 363 482 577 532; x_wconf 76' lang='lat' dir='ltr'>adtribuit,</span> <span class='ocrx_word' id='word_1_42' title='bbox 609 483 681 524; x_wconf 89' lang='lat' dir='ltr'>sed</span> <span class='ocrx_word' id='word_1_43' title='bbox 712 482 869 524; x_wconf 86' lang='lat' dir='ltr'>iustum</span> <span class='ocrx_word' id='word_1_44' title='bbox 900 483 952 523; x_wconf 84' lang='lat' dir='ltr'>ab</span> <span class='ocrx_word' id='word_1_45' title='bbox 984 483 1137 524; x_wconf 89' lang='lat' dir='ltr'>iniusto</span> <span class='ocrx_word' id='word_1_46' title='bbox 1168 481 1273 523; x_wconf 88' lang='lat' dir='ltr'>ratio</span> <span class='ocrx_word' id='word_1_47' title='bbox 1304 480 1495 530; x_wconf 80' lang='lat' dir='ltr'>secernit,</span> <span class='ocrx_word' id='word_1_48' title='bbox 1527 494 1637 534; x_wconf 86' lang='lat' dir='ltr'>quae</span> <span class='ocrx_word' id='word_1_49' title='bbox 1667 495 1752 521; x_wconf 91' lang='lat' dir='ltr'>non</span> <span class='ocrx_word' id='word_1_50' title='bbox 1782 479 1942 534; x_wconf 85' lang='lat' dir='ltr'>optinet</span> <span class='ocrx_word' id='word_1_51' title='bbox 1984 480 2077 530; x_wconf 86' lang='lat' dir='ltr'>hoc,</span> 
     </span>
    </p>

    <p class='ocr_par' dir='ltr' id='par_1_3' title="bbox 190 551 2079 822">
     <span class='ocr_line' id='line_1_6' title="bbox 190 551 2079 610; baseline -0.002 -13"><span class='ocrx_word' id='word_1_52' title='bbox 190 567 208 596; x_wconf 83' lang='lat'>5</span> <span class='ocrx_word' id='word_1_53' title='bbox 257 564 300 597; x_wconf 95' lang='lat' dir='ltr'>ut</span> <span class='ocrx_word' id='word_1_54' title='bbox 331 563 490 596; x_wconf 89' lang='lat' dir='ltr'>tantum</span> <span class='ocrx_word' id='word_1_55' title='bbox 521 562 679 610; x_wconf 82' lang='lat' dir='ltr'>peccet,</span> <span class='ocrx_word' id='word_1_56' title='bbox 715 556 787 609; x_wconf 89' lang='lat' dir='ltr'>qui</span> <span class='ocrx_word' id='word_1_57' title='bbox 819 556 958 597; x_wconf 82' lang='lat' dir='ltr'>caules</span> <span class='ocrx_word' id='word_1_58' title='bbox 989 555 1155 610; x_wconf 85' lang='lat' dir='ltr'>eripuit,</span> <span class='ocrx_word' id='word_1_59' title='bbox 1201 562 1241 596; x_wconf 93' lang='lat' dir='ltr'>et</span> <span class='ocrx_word' id='word_1_60' title='bbox 1271 554 1343 608; x_wconf 90' lang='lat' dir='ltr'>qui</span> <span class='ocrx_word' id='word_1_61' title='bbox 1374 553 1643 609; x_wconf 85' lang='lat' dir='ltr'>saerilegium</span> <span class='ocrx_word' id='word_1_62' title='bbox 1677 552 1835 594; x_wconf 85' lang='lat' dir='ltr'>feeerit.</span> <span class='ocrx_word' id='word_1_63' title='bbox 1894 551 1991 594; x_wconf 92' lang='lat' dir='ltr'>Non</span> <span class='ocrx_word' id='word_1_64' title='bbox 2020 553 2079 594; x_wconf 87' lang='lat' dir='ltr'>ita</span> 
     </span>
     <span class='ocr_line' id='line_1_7' title="bbox 255 626 2078 684; baseline -0.001 -14"><span class='ocrx_word' id='word_1_65' title='bbox 255 643 330 684; x_wconf 88' lang='lat' dir='ltr'>per</span> <span class='ocrx_word' id='word_1_66' title='bbox 360 635 565 678; x_wconf 78' lang='lat' dir='ltr'>natura-m,</span> <span class='ocrx_word' id='word_1_67' title='bbox 597 628 710 682; x_wconf 90' lang='lat' dir='ltr'>quod</span> <span class='ocrx_word' id='word_1_68' title='bbox 739 629 895 670; x_wconf 86' lang='lat' dir='ltr'>iustum</span> <span class='ocrx_word' id='word_1_69' title='bbox 917 629 969 670; x_wconf 87' lang='lat' dir='ltr'>sit</span> <span class='ocrx_word' id='word_1_70' title='bbox 990 636 1059 670; x_wconf 85' lang='lat' dir='ltr'>aut</span> <span class='ocrx_word' id='word_1_71' title='bbox 1079 628 1295 678; x_wconf 88' lang='lat' dir='ltr'>iniustum,</span> <span class='ocrx_word' id='word_1_72' title='bbox 1327 626 1572 682; x_wconf 82' lang='lat' dir='ltr'>intellegere</span> <span class='ocrx_word' id='word_1_73' title='bbox 1594 640 1831 681; x_wconf 86' lang='lat' dir='ltr'>possumus,</span> <span class='ocrx_word' id='word_1_74' title='bbox 1867 626 2078 680; x_wconf 88' lang='lat' dir='ltr'>quomodo</span> 
     </span>
     <span class='ocr_line' id='line_1_8' title="bbox 254 699 2077 757; baseline -0.001 -15"><span class='ocrx_word' id='word_1_75' title='bbox 254 701 526 757; x_wconf 86' lang='lat' dir='ltr'>intellegitur,</span> <span class='ocrx_word' id='word_1_76' title='bbox 573 702 684 756; x_wconf 89' lang='lat' dir='ltr'>quod</span> <span class='ocrx_word' id='word_1_77' title='bbox 714 701 815 743; x_wconf 90' lang='lat' dir='ltr'>utile</span> <span class='ocrx_word' id='word_1_78' title='bbox 845 709 916 743; x_wconf 89' lang='lat' dir='ltr'>aut</span> <span class='ocrx_word' id='word_1_79' title='bbox 945 702 1091 743; x_wconf 87' lang='lat' dir='ltr'>inutile</span> <span class='ocrx_word' id='word_1_80' title='bbox 1122 702 1186 752; x_wconf 86' lang='lat' dir='ltr'>sit,</span> <span class='ocrx_word' id='word_1_81' title='bbox 1224 707 1293 742; x_wconf 86' lang='lat' dir='ltr'>aut</span> <span class='ocrx_word' id='word_1_82' title='bbox 1323 707 1529 754; x_wconf 87' lang='lat' dir='ltr'>quantum</span> <span class='ocrx_word' id='word_1_83' title='bbox 1559 699 1683 741; x_wconf 87' lang='lat' dir='ltr'>distet</span> <span class='ocrx_word' id='word_1_84' title='bbox 1712 699 1870 741; x_wconf 89' lang='lat' dir='ltr'>malum</span> <span class='ocrx_word' id='word_1_85' title='bbox 1901 715 1926 741; x_wconf 86' lang='lat' dir='ltr'>a</span> <span class='ocrx_word' id='word_1_86' title='bbox 1954 699 2077 742; x_wconf 90' lang='lat' dir='ltr'>bono.</span> 
     </span>
     <span class='ocr_line' id='line_1_9' title="bbox 253 774 1084 822; baseline -0.002 -5"><span class='ocrx_word' id='word_1_87' title='bbox 253 776 446 817; x_wconf 76' lang='lat' dir='ltr'>Diuersis.</span> <span class='ocrx_word' id='word_1_88' title='bbox 503 774 556 815; x_wconf 90' lang='lat' dir='ltr'>Id</span> <span class='ocrx_word' id='word_1_89' title='bbox 586 781 666 822; x_wconf 85' lang='lat' dir='ltr'>est:</span> <span class='ocrx_word' id='word_1_90' title='bbox 700 774 920 816; x_wconf 83' lang='lat' dir='ltr'>contrariis</span> <span class='ocrx_word' id='word_1_91' title='bbox 950 774 1084 816; x_wconf 85' lang='lat' dir='ltr'>malis.</span> 
     </span>
    </p>

    <p class='ocr_par' dir='ltr' id='par_1_4' title="bbox 368 844 2078 901">
     <span class='ocr_line' id='line_1_10' title="bbox 368 844 2078 901; baseline -0.001 -12"><span class='ocrx_word' id='word_1_92' title='bbox 368 849 461 890; x_wconf 86' lang='lat'>115.</span> <span class='ocrx_word' id='word_1_93' title='bbox 492 863 562 890; x_wconf 73' lang='lat' dir='ltr'>nec</span> <span class='ocrx_word' id='word_1_94' title='bbox 591 850 721 890; x_wconf 71' lang='lat' dir='ltr'>uincet</span> <span class='ocrx_word' id='word_1_95' title='bbox 749 863 783 889; x_wconf 84' lang='lat' dir='ltr'>r.</span> <span class='ocrx_word' id='word_1_96' title='bbox 813 849 850 889; x_wconf 71' lang='lat' dir='ltr'>le.</span> <span class='ocrx_word' id='word_1_97' title='bbox 908 848 959 888; x_wconf 90' lang='lat' dir='ltr'>Id</span> <span class='ocrx_word' id='word_1_98' title='bbox 990 854 1069 889; x_wconf 83' lang='lat' dir='ltr'>est:</span> <span class='ocrx_word' id='word_1_99' title='bbox 1102 848 1145 888; x_wconf 92' lang='lat' dir='ltr'>in</span> <span class='ocrx_word' id='word_1_100' title='bbox 1174 848 1254 889; x_wconf 85' lang='lat' dir='ltr'>hoe</span> <span class='ocrx_word' id='word_1_101' title='bbox 1285 846 1390 888; x_wconf 86' lang='lat' dir='ltr'>ratio</span> <span class='ocrx_word' id='word_1_102' title='bbox 1421 845 1624 901; x_wconf 78' lang='lat' dir='ltr'>procedit.</span> <span class='ocrx_word' id='word_1_103' title='bbox 1683 844 1774 887; x_wconf 84' lang='lat' dir='ltr'>Nee</span> <span class='ocrx_word' id='word_1_104' title='bbox 1803 852 1940 901; x_wconf 91' lang='lat' dir='ltr'>potest</span> <span class='ocrx_word' id='word_1_105' title='bbox 1968 860 2078 901; x_wconf 81' lang='lat' dir='ltr'>pro—</span> 
     </span>
    </p>

    <p class='ocr_par' dir='ltr' id='par_1_5' title="bbox 188 919 2080 1050">
     <span class='ocr_line' id='line_1_11' title="bbox 188 919 2080 976; baseline -0.002 -13"><span class='ocrx_word' id='word_1_106' title='bbox 188 931 229 964; x_wconf 89' lang='lat'>10</span> <span class='ocrx_word' id='word_1_107' title='bbox 254 920 355 963; x_wconf 82' lang='lat' dir='ltr'>bare</span> <span class='ocrx_word' id='word_1_108' title='bbox 386 921 492 964; x_wconf 89' lang='lat' dir='ltr'>ratio</span> <span class='ocrx_word' id='word_1_109' title='bbox 526 922 619 972; x_wconf 86' lang='lat' dir='ltr'>hoe,</span> <span class='ocrx_word' id='word_1_110' title='bbox 665 922 778 976; x_wconf 87' lang='lat' dir='ltr'>quod</span> <span class='ocrx_word' id='word_1_111' title='bbox 810 928 971 963; x_wconf 78' lang='lat' dir='ltr'>tantum</span> <span class='ocrx_word' id='word_1_112' title='bbox 1007 921 1042 963; x_wconf 88' lang='lat' dir='ltr'>is</span> <span class='ocrx_word' id='word_1_113' title='bbox 1080 927 1237 976; x_wconf 84' lang='lat' dir='ltr'>peeeet,</span> <span class='ocrx_word' id='word_1_114' title='bbox 1283 920 1355 974; x_wconf 90' lang='lat' dir='ltr'>qui</span> <span class='ocrx_word' id='word_1_115' title='bbox 1392 919 1576 961; x_wconf 90' lang='lat' dir='ltr'>alienum</span> <span class='ocrx_word' id='word_1_116' title='bbox 1612 919 1780 961; x_wconf 89' lang='lat' dir='ltr'>hortum</span> <span class='ocrx_word' id='word_1_117' title='bbox 1819 919 1995 970; x_wconf 74' lang='lat' dir='ltr'>uexarst,</span> <span class='ocrx_word' id='word_1_118' title='bbox 2039 925 2080 961; x_wconf 90' lang='lat' dir='ltr'>et</span> 
     </span>
     <span class='ocr_line' id='line_1_12' title="bbox 254 995 715 1050; baseline 0 -14"><span class='ocrx_word' id='word_1_119' title='bbox 254 995 327 1049; x_wconf 93' lang='lat' dir='ltr'>qui</span> <span class='ocrx_word' id='word_1_120' title='bbox 358 1002 520 1050; x_wconf 88' lang='lat' dir='ltr'>patrem</span> <span class='ocrx_word' id='word_1_121' title='bbox 551 995 715 1037; x_wconf 87' lang='lat' dir='ltr'>oceidit.</span> 
     </span>
    </p>

    <p class='ocr_par' dir='ltr' id='par_1_6' title="bbox 246 1065 2078 1198">
     <span class='ocr_line' id='line_1_13' title="bbox 368 1065 2078 1122; baseline -0.002 -13"><span class='ocrx_word' id='word_1_122' title='bbox 368 1070 459 1110; x_wconf 85' lang='lat'>117.</span> <span class='ocrx_word' id='word_1_123' title='bbox 491 1079 722 1111; x_wconf 70' lang='lat' dir='ltr'>nocturnus.</span> <span class='ocrx_word' id='word_1_124' title='bbox 780 1069 866 1111; x_wconf 89' lang='lat' dir='ltr'>Pro</span> <span class='ocrx_word' id='word_1_125' title='bbox 896 1077 1035 1119; x_wconf 80' lang='lat' dir='ltr'>noctu,</span> <span class='ocrx_word' id='word_1_126' title='bbox 1067 1075 1113 1109; x_wconf 93' lang='lat' dir='ltr'>ut</span> <span class='ocrx_word' id='word_1_127' title='bbox 1143 1067 1244 1109; x_wconf 84' lang='lat' dir='ltr'>alibi</span> <span class='ocrx_word' id='word_1_128' title='bbox 1276 1066 1401 1122; x_wconf 82' lang='lat' dir='ltr'>(Hor.</span> <span class='ocrx_word' id='word_1_129' title='bbox 1434 1065 1519 1108; x_wconf 84' lang='lat' dir='ltr'>Ars</span> <span class='ocrx_word' id='word_1_130' title='bbox 1540 1074 1650 1121; x_wconf 86' lang='lat' dir='ltr'>poet.</span> <span class='ocrx_word' id='word_1_131' title='bbox 1673 1065 1795 1122; x_wconf 80' lang='lat'>268):</span> <span class='ocrx_word' id='word_1_132' title='bbox 1841 1080 1913 1108; x_wconf 81' lang='lat' dir='ltr'>uos</span> <span class='ocrx_word' id='word_1_133' title='bbox 1943 1078 2078 1107; x_wconf 66' lang='lat' dir='ltr'>emem-</span> 
     </span>
     <span class='ocr_line' id='line_1_14' title="bbox 246 1142 1180 1198; baseline -0.001 -15"><span class='ocrx_word' id='word_1_134' title='bbox 246 1142 389 1198; x_wconf 78' lang='lat' dir='ltr'>plarz‘a</span> <span class='ocrx_word' id='word_1_135' title='bbox 422 1142 582 1184; x_wconf 77' lang='lat' dir='ltr'>Graeca</span> <span class='ocrx_word' id='word_1_136' title='bbox 613 1143 824 1185; x_wconf 73' lang='lat' dir='ltr'>Nocturna</span> <span class='ocrx_word' id='word_1_137' title='bbox 854 1151 1015 1184; x_wconf 71' lang='lat' dir='ltr'>uersata</span> <span class='ocrx_word' id='word_1_138' title='bbox 1044 1156 1180 1184; x_wconf 79' lang='lat' dir='ltr'>manu.</span> 
     </span>
    </p>

    <p class='ocr_par' dir='ltr' id='par_1_7' title="bbox 366 1212 2079 1272">
     <span class='ocr_line' id='line_1_15' title="bbox 366 1212 2079 1272; baseline -0.002 -16"><span class='ocrx_word' id='word_1_139' title='bbox 366 1216 513 1270; x_wconf 66' lang='lat' dir='ltr'>leqerz&#39;t.</span> <span class='ocrx_word' id='word_1_140' title='bbox 574 1216 782 1272; x_wconf 64' lang='lat' dir='ltr'>Rajouerz&#39;t,</span> <span class='ocrx_word' id='word_1_141' title='bbox 828 1216 990 1257; x_wconf 84' lang='lat' dir='ltr'>furatus</span> <span class='ocrx_word' id='word_1_142' title='bbox 1021 1216 1085 1266; x_wconf 88' lang='lat' dir='ltr'>sit,</span> <span class='ocrx_word' id='word_1_143' title='bbox 1130 1222 1176 1256; x_wconf 88' lang='lat' dir='ltr'>ut</span> <span class='ocrx_word' id='word_1_144' title='bbox 1205 1214 1337 1256; x_wconf 85' lang='lat' dir='ltr'>Poeta</span> <span class='ocrx_word' id='word_1_145' title='bbox 1368 1214 1506 1270; x_wconf 76' lang='lat' dir='ltr'>(Verq.</span> <span class='ocrx_word' id='word_1_146' title='bbox 1538 1213 1589 1255; x_wconf 89' lang='lat' dir='ltr'>B.</span> <span class='ocrx_word' id='word_1_147' title='bbox 1619 1212 1704 1264; x_wconf 89' lang='lat' dir='ltr'>IX,</span> <span class='ocrx_word' id='word_1_148' title='bbox 1736 1214 1829 1268; x_wconf 79' lang='lat'>21):</span> <span class='ocrx_word' id='word_1_149' title='bbox 1882 1212 1950 1254; x_wconf 81' lang='lat' dir='ltr'>Vel</span> <span class='ocrx_word' id='word_1_150' title='bbox 1979 1225 2079 1268; x_wconf 81' lang='lat' dir='ltr'>quae</span> 
     </span>
    </p>

    <p class='ocr_par' dir='ltr' id='par_1_8' title="bbox 186 1288 1299 1344">
     <span class='ocr_line' id='line_1_16' title="bbox 186 1288 1299 1344; baseline -0.003 -14"><span class='ocrx_word' id='word_1_151' title='bbox 186 1299 226 1330; x_wconf 88' lang='lat'>15</span> <span class='ocrx_word' id='word_1_152' title='bbox 253 1289 406 1343; x_wconf 71' lang='lat' dir='ltr'>secbleqz&#39;</span> <span class='ocrx_word' id='word_1_153' title='bbox 433 1291 599 1337; x_wconf 68' lang='lat' dir='ltr'>tacitus,</span> <span class='ocrx_word' id='word_1_154' title='bbox 631 1289 743 1330; x_wconf 88' lang='lat' dir='ltr'>unde</span> <span class='ocrx_word' id='word_1_155' title='bbox 775 1295 815 1330; x_wconf 88' lang='lat' dir='ltr'>et</span> <span class='ocrx_word' id='word_1_156' title='bbox 845 1289 1032 1344; x_wconf 75' lang='lat' dir='ltr'>sacre&#39;leyz&#39;</span> <span class='ocrx_word' id='word_1_157' title='bbox 1059 1288 1162 1330; x_wconf 86' lang='lat' dir='ltr'>dieti</span> <span class='ocrx_word' id='word_1_158' title='bbox 1193 1295 1299 1330; x_wconf 88' lang='lat' dir='ltr'>sunt.</span> 
     </span>
    </p>

    <p class='ocr_par' dir='ltr' id='par_1_9' title="bbox 250 1358 2078 1489">
     <span class='ocr_line' id='line_1_17' title="bbox 365 1358 2078 1416; baseline -0.001 -14"><span class='ocrx_word' id='word_1_159' title='bbox 365 1362 457 1403; x_wconf 81' lang='lat'>118.</span> <span class='ocrx_word' id='word_1_160' title='bbox 489 1362 642 1416; x_wconf 72' lang='lat' dir='ltr'>requla.</span> <span class='ocrx_word' id='word_1_161' title='bbox 701 1361 881 1412; x_wconf 86' lang='lat' dir='ltr'>Iustitia,</span> <span class='ocrx_word' id='word_1_162' title='bbox 912 1362 1156 1404; x_wconf 82' lang='lat' dir='ltr'>moderatio.</span> <span class='ocrx_word' id='word_1_163' title='bbox 1216 1360 1357 1402; x_wconf 89' lang='lat' dir='ltr'>Debet</span> <span class='ocrx_word' id='word_1_164' title='bbox 1378 1360 1610 1402; x_wconf 86' lang='lat' dir='ltr'>moderatio</span> <span class='ocrx_word' id='word_1_165' title='bbox 1631 1359 1837 1410; x_wconf 87' lang='lat' dir='ltr'>adhiberi,</span> <span class='ocrx_word' id='word_1_166' title='bbox 1858 1366 1906 1401; x_wconf 90' lang='lat' dir='ltr'>ut</span> <span class='ocrx_word' id='word_1_167' title='bbox 1925 1358 2078 1415; x_wconf 86' lang='lat' dir='ltr'>dignas</span> 
     </span>
     <span class='ocr_line' id='line_1_18' title="bbox 250 1433 647 1489; baseline -0.003 -13"><span class='ocrx_word' id='word_1_168' title='bbox 250 1433 448 1476; x_wconf 88' lang='lat' dir='ltr'>adhibeat</span> <span class='ocrx_word' id='word_1_169' title='bbox 477 1448 647 1489; x_wconf 86' lang='lat' dir='ltr'>paenas.</span> 
     </span>
    </p>

    <p class='ocr_par' dir='ltr' id='par_1_10' title="bbox 363 1506 1948 1564">
     <span class='ocr_line' id='line_1_19' title="bbox 363 1506 1948 1564; baseline -0.001 -15"><span class='ocrx_word' id='word_1_170' title='bbox 363 1522 463 1563; x_wconf 74' lang='lat' dir='ltr'>quae</span> <span class='ocrx_word' id='word_1_171' title='bbox 485 1522 640 1564; x_wconf 76' lang='lat' dir='ltr'>paenas</span> <span class='ocrx_word' id='word_1_172' title='bbox 670 1509 746 1549; x_wconf 67' lang='lat' dir='ltr'>[nr.</span> <span class='ocrx_word' id='word_1_173' title='bbox 778 1523 936 1564; x_wconf 73' lang='lat' dir='ltr'>aequas.</span> <span class='ocrx_word' id='word_1_174' title='bbox 996 1508 1155 1563; x_wconf 84' lang='lat' dir='ltr'>Utpote</span> <span class='ocrx_word' id='word_1_175' title='bbox 1185 1507 1331 1562; x_wconf 88' lang='lat' dir='ltr'>paruis</span> <span class='ocrx_word' id='word_1_176' title='bbox 1362 1522 1530 1562; x_wconf 84' lang='lat' dir='ltr'>paruas,</span> <span class='ocrx_word' id='word_1_177' title='bbox 1561 1506 1728 1563; x_wconf 84' lang='lat' dir='ltr'>magnis</span> <span class='ocrx_word' id='word_1_178' title='bbox 1757 1521 1948 1563; x_wconf 86' lang='lat' dir='ltr'>magnas.</span> 
     </span>
    </p>

    <p class='ocr_par' dir='ltr' id='par_1_11' title="bbox 365 1580 1383 1636">
     <span class='ocr_line' id='line_1_20' title="bbox 365 1580 1383 1636; baseline 0.001 -15"><span class='ocrx_word' id='word_1_179' title='bbox 365 1582 457 1621; x_wconf 89' lang='grc'><strong>119.</strong></span> <span class='ocrx_word' id='word_1_180' title='bbox 489 1582 653 1622; x_wconf 74' lang='lat' dir='ltr'>scutica.</span> <span class='ocrx_word' id='word_1_181' title='bbox 711 1580 841 1631; x_wconf 84' lang='lat' dir='ltr'>Loro,</span> <span class='ocrx_word' id='word_1_182' title='bbox 873 1580 1050 1631; x_wconf 82' lang='lat' dir='ltr'>habena,</span> <span class='ocrx_word' id='word_1_183' title='bbox 1085 1581 1188 1622; x_wconf 85' lang='lat' dir='ltr'>dixit</span> <span class='ocrx_word' id='word_1_184' title='bbox 1219 1595 1383 1636; x_wconf 82' lang='lat' dir='ltr'>graece.</span> 
     </span>
    </p>

    <p class='ocr_par' dir='ltr' id='par_1_12' title="bbox 183 1653 2075 1855">
     <span class='ocr_line' id='line_1_21' title="bbox 183 1653 2075 1709; baseline 0 -15"><span class='ocrx_word' id='word_1_185' title='bbox 183 1663 224 1695; x_wconf 77' lang='lat'>20</span> <span class='ocrx_word' id='word_1_186' title='bbox 364 1654 457 1695; x_wconf 79' lang='lat'>120.</span> <span class='ocrx_word' id='word_1_187' title='bbox 487 1653 592 1696; x_wconf 83' lang='lat' dir='ltr'>Nam</span> <span class='ocrx_word' id='word_1_188' title='bbox 621 1661 666 1695; x_wconf 79' lang='lat' dir='ltr'>ut</span> <span class='ocrx_word' id='word_1_189' title='bbox 695 1653 829 1707; x_wconf 74' lang='lat' dir='ltr'>ferma</span> <span class='ocrx_word' id='word_1_190' title='bbox 862 1679 910 1683; x_wconf 85' lang='lat'>-</span> <span class='ocrx_word' id='word_1_191' title='bbox 944 1669 1024 1695; x_wconf 73' lang='lat' dir='ltr'>non</span> <span class='ocrx_word' id='word_1_192' title='bbox 1060 1669 1214 1696; x_wconf 70' lang='lat' dir='ltr'>uereor.</span> <span class='ocrx_word' id='word_1_193' title='bbox 1288 1654 1383 1696; x_wconf 88' lang='lat' dir='ltr'>Non</span> <span class='ocrx_word' id='word_1_194' title='bbox 1416 1668 1578 1704; x_wconf 87' lang='lat' dir='ltr'>uereor,</span> <span class='ocrx_word' id='word_1_195' title='bbox 1624 1668 1676 1695; x_wconf 92' lang='lat' dir='ltr'>ne</span> <span class='ocrx_word' id='word_1_196' title='bbox 1707 1653 1887 1709; x_wconf 85' lang='lat' dir='ltr'>dignum</span> <span class='ocrx_word' id='word_1_197' title='bbox 1916 1653 2075 1695; x_wconf 88' lang='lat' dir='ltr'>maiore</span> 
     </span>
     <span class='ocr_line' id='line_1_22' title="bbox 249 1726 2075 1782; baseline 0.001 -14"><span class='ocrx_word' id='word_1_198' title='bbox 249 1726 458 1782; x_wconf 79' lang='lat' dir='ltr'>supplicio</span> <span class='ocrx_word' id='word_1_199' title='bbox 487 1727 646 1768; x_wconf 84' lang='lat' dir='ltr'>afficias</span> <span class='ocrx_word' id='word_1_200' title='bbox 676 1727 848 1777; x_wconf 86' lang='lat' dir='ltr'>leuiore,</span> <span class='ocrx_word' id='word_1_201' title='bbox 886 1742 978 1769; x_wconf 86' lang='lat' dir='ltr'>eum</span> <span class='ocrx_word' id='word_1_202' title='bbox 1010 1727 1181 1769; x_wconf 89' lang='lat' dir='ltr'>mineris</span> <span class='ocrx_word' id='word_1_203' title='bbox 1212 1727 1306 1782; x_wconf 83' lang='lat' dir='ltr'>pari</span> <span class='ocrx_word' id='word_1_204' title='bbox 1336 1727 1546 1782; x_wconf 78' lang='lat' dir='ltr'>supplicio</span> <span class='ocrx_word' id='word_1_205' title='bbox 1577 1727 1718 1769; x_wconf 88' lang='lat' dir='ltr'>omnia</span> <span class='ocrx_word' id='word_1_206' title='bbox 1748 1726 1945 1782; x_wconf 87' lang='lat' dir='ltr'>persequi</span> <span class='ocrx_word' id='word_1_207' title='bbox 1974 1741 2075 1782; x_wconf 84' lang='lat' dir='ltr'>peo-</span> 
     </span>
     <span class='ocr_line' id='line_1_23' title="bbox 250 1800 1126 1855; baseline 0.002 -15"><span class='ocrx_word' id='word_1_208' title='bbox 250 1807 354 1850; x_wconf 86' lang='lat' dir='ltr'>eata,</span> <span class='ocrx_word' id='word_1_209' title='bbox 386 1800 421 1841; x_wconf 87' lang='lat' dir='ltr'>si</span> <span class='ocrx_word' id='word_1_210' title='bbox 451 1800 527 1841; x_wconf 86' lang='lat' dir='ltr'>tibi</span> <span class='ocrx_word' id='word_1_211' title='bbox 559 1801 704 1841; x_wconf 87' lang='lat' dir='ltr'>datum</span> <span class='ocrx_word' id='word_1_212' title='bbox 734 1801 859 1841; x_wconf 84' lang='lat' dir='ltr'>fuerit</span> <span class='ocrx_word' id='word_1_213' title='bbox 890 1801 1126 1855; x_wconf 86' lang='lat' dir='ltr'>imperium.</span> 
     </span>
    </p>

    <p class='ocr_par' dir='ltr' id='par_1_13' title="bbox 249 1873 2071 2003">
     <span class='ocr_line' id='line_1_24' title="bbox 363 1873 2071 1931; baseline 0.001 -17"><span class='ocrx_word' id='word_1_214' title='bbox 363 1874 598 1914; x_wconf 76' lang='lat'>120-122.</span> <span class='ocrx_word' id='word_1_215' title='bbox 633 1873 756 1930; x_wconf 80' lang='lat' dir='ltr'>[Nam</span> <span class='ocrx_word' id='word_1_216' title='bbox 786 1883 831 1915; x_wconf 82' lang='lat' dir='ltr'>ut</span> <span class='ocrx_word' id='word_1_217' title='bbox 858 1875 994 1929; x_wconf 75' lang='lat' dir='ltr'>ferula</span> <span class='ocrx_word' id='word_1_218' title='bbox 1017 1876 1173 1917; x_wconf 78' lang='lat' dir='ltr'>caedas.</span> <span class='ocrx_word' id='word_1_219' title='bbox 1232 1874 1373 1916; x_wconf 86' lang='lat' dir='ltr'>Paruo</span> <span class='ocrx_word' id='word_1_220' title='bbox 1405 1874 1613 1930; x_wconf 81' lang='lat' dir='ltr'>supplicio</span> <span class='ocrx_word' id='word_1_221' title='bbox 1643 1874 1821 1931; x_wconf 77' lang='lat' dir='ltr'>afficias]</span> <span class='ocrx_word' id='word_1_222' title='bbox 1853 1889 1906 1915; x_wconf 90' lang='lat' dir='ltr'>ne</span> <span class='ocrx_word' id='word_1_223' title='bbox 1935 1874 2071 1929; x_wconf 82' lang='lat' dir='ltr'>ferula</span> 
     </span>
     <span class='ocr_line' id='line_1_25' title="bbox 249 1947 1110 2003; baseline 0 -15"><span class='ocrx_word' id='word_1_224' title='bbox 249 1947 391 1989; x_wconf 75' lang='lat' dir='ltr'>caedas</span> <span class='ocrx_word' id='word_1_225' title='bbox 421 1961 529 1997; x_wconf 88' lang='lat' dir='ltr'>eum,</span> <span class='ocrx_word' id='word_1_226' title='bbox 561 1947 633 2001; x_wconf 89' lang='lat' dir='ltr'>qui</span> <span class='ocrx_word' id='word_1_227' title='bbox 663 1948 861 2003; x_wconf 83' lang='lat' dir='ltr'>grauiora</span> <span class='ocrx_word' id='word_1_228' title='bbox 893 1948 1110 1990; x_wconf 78' lang='lat' dir='ltr'>commisit.</span> 
     </span>
    </p>

    <p class='ocr_par' dir='ltr' id='par_1_14' title="bbox 181 2020 2073 2221">
     <span class='ocr_line' id='line_1_26' title="bbox 181 2020 2073 2077; baseline 0.001 -17"><span class='ocrx_word' id='word_1_229' title='bbox 181 2029 221 2060; x_wconf 78' lang='lat'>25</span> <span class='ocrx_word' id='word_1_230' title='bbox 360 2022 544 2061; x_wconf 72' lang='lat' dir='ltr'>meritum</span> <span class='ocrx_word' id='word_1_231' title='bbox 564 2022 722 2062; x_wconf 71' lang='lat' dir='ltr'>maiora</span> <span class='ocrx_word' id='word_1_232' title='bbox 742 2021 888 2062; x_wconf 59' lang='lat' dir='ltr'>subire.</span> <span class='ocrx_word' id='word_1_233' title='bbox 947 2020 1140 2076; x_wconf 82' lang='lat' dir='ltr'>Dignum</span> <span class='ocrx_word' id='word_1_234' title='bbox 1162 2021 1319 2063; x_wconf 88' lang='lat' dir='ltr'>maiore</span> <span class='ocrx_word' id='word_1_235' title='bbox 1341 2021 1549 2077; x_wconf 79' lang='lat' dir='ltr'>supplicio</span> <span class='ocrx_word' id='word_1_236' title='bbox 1570 2036 1650 2064; x_wconf 77' lang='lat' dir='ltr'>non</span> <span class='ocrx_word' id='word_1_237' title='bbox 1671 2037 1826 2064; x_wconf 81' lang='lat' dir='ltr'>uereor.</span> <span class='ocrx_word' id='word_1_238' title='bbox 1871 2020 1980 2063; x_wconf 90' lang='lat' dir='ltr'>Nam</span> <span class='ocrx_word' id='word_1_239' title='bbox 2001 2021 2073 2076; x_wconf 92' lang='lat' dir='ltr'>qui</span> 
     </span>
     <span class='ocr_line' id='line_1_27' title="bbox 247 2092 2073 2149; baseline 0.003 -17"><span class='ocrx_word' id='word_1_240' title='bbox 247 2092 361 2142; x_wconf 86' lang='lat' dir='ltr'>dicit,</span> <span class='ocrx_word' id='word_1_241' title='bbox 392 2093 533 2134; x_wconf 85' lang='lat' dir='ltr'>onmia</span> <span class='ocrx_word' id='word_1_242' title='bbox 562 2094 682 2147; x_wconf 87' lang='lat' dir='ltr'>paria</span> <span class='ocrx_word' id='word_1_243' title='bbox 712 2108 801 2135; x_wconf 86' lang='lat' dir='ltr'>esse</span> <span class='ocrx_word' id='word_1_244' title='bbox 832 2101 1017 2149; x_wconf 79' lang='lat' dir='ltr'>peccata,</span> <span class='ocrx_word' id='word_1_245' title='bbox 1049 2109 1219 2136; x_wconf 85' lang='lat' dir='ltr'>seuerus</span> <span class='ocrx_word' id='word_1_246' title='bbox 1249 2095 1475 2137; x_wconf 85' lang='lat' dir='ltr'>admodum</span> <span class='ocrx_word' id='word_1_247' title='bbox 1497 2103 1579 2144; x_wconf 84' lang='lat' dir='ltr'>est3</span> <span class='ocrx_word' id='word_1_248' title='bbox 1611 2110 1781 2138; x_wconf 87' lang='lat' dir='ltr'>seuerus</span> <span class='ocrx_word' id='word_1_249' title='bbox 1803 2102 1942 2137; x_wconf 86' lang='lat' dir='ltr'>autem</span> <span class='ocrx_word' id='word_1_250' title='bbox 1961 2095 2073 2137; x_wconf 89' lang='lat' dir='ltr'>leuia</span> 
     </span>
     <span class='ocr_line' id='line_1_28' title="bbox 246 2165 766 2221; baseline 0 -14"><span class='ocrx_word' id='word_1_251' title='bbox 246 2165 454 2221; x_wconf 80' lang='lat' dir='ltr'>supplicia</span> <span class='ocrx_word' id='word_1_252' title='bbox 484 2166 614 2207; x_wconf 88' lang='lat' dir='ltr'>nescit</span> <span class='ocrx_word' id='word_1_253' title='bbox 644 2167 766 2207; x_wconf 85' lang='lat' dir='ltr'>serre.</span> 
     </span>
    </p>

    <p class='ocr_par' dir='ltr' id='par_1_15' title="bbox 244 2239 2071 2372">
     <span class='ocr_line' id='line_1_29' title="bbox 359 2239 2071 2295; baseline 0.002 -15"><span class='ocrx_word' id='word_1_254' title='bbox 359 2254 449 2281; x_wconf 79' lang='lat' dir='ltr'>cum</span> <span class='ocrx_word' id='word_1_255' title='bbox 480 2240 554 2280; x_wconf 70' lang='lat' dir='ltr'>dic.</span> <span class='ocrx_word' id='word_1_256' title='bbox 586 2255 616 2280; x_wconf 80' lang='lat' dir='ltr'>e.</span> <span class='ocrx_word' id='word_1_257' title='bbox 640 2255 683 2295; x_wconf 79' lang='lat' dir='ltr'>p.</span> <span class='ocrx_word' id='word_1_258' title='bbox 715 2254 749 2280; x_wconf 78' lang='lat' dir='ltr'>r.</span> <span class='ocrx_word' id='word_1_259' title='bbox 814 2239 865 2280; x_wconf 88' lang='lat' dir='ltr'>Id</span> <span class='ocrx_word' id='word_1_260' title='bbox 911 2247 990 2281; x_wconf 86' lang='lat' dir='ltr'>est:</span> <span class='ocrx_word' id='word_1_261' title='bbox 1036 2255 1129 2282; x_wconf 86' lang='lat' dir='ltr'>eum</span> <span class='ocrx_word' id='word_1_262' title='bbox 1175 2248 1230 2291; x_wconf 89' lang='lat' dir='ltr'>tu,</span> <span class='ocrx_word' id='word_1_263' title='bbox 1276 2256 1300 2283; x_wconf 96' lang='lat' dir='ltr'>o</span> <span class='ocrx_word' id='word_1_264' title='bbox 1333 2240 1487 2292; x_wconf 76' lang='lat' dir='ltr'>Stoice,</span> <span class='ocrx_word' id='word_1_265' title='bbox 1534 2242 1663 2292; x_wconf 86' lang='lat' dir='ltr'>dieas,</span> <span class='ocrx_word' id='word_1_266' title='bbox 1709 2243 1850 2284; x_wconf 88' lang='lat' dir='ltr'>omnia</span> <span class='ocrx_word' id='word_1_267' title='bbox 1894 2242 2071 2284; x_wconf 80' lang='lat' dir='ltr'>crimina</span> 
     </span>
     <span class='ocr_line' id='line_1_30' title="bbox 244 2306 2070 2372; baseline 0.003 -20"><span class='ocrx_word' id='word_1_268' title='bbox 244 2312 474 2366; x_wconf 88' lang='lat' dir='ltr'>aequaliter</span> <span class='ocrx_word' id='word_1_269' title='bbox 508 2326 597 2353; x_wconf 87' lang='lat' dir='ltr'>esse</span> <span class='ocrx_word' id='word_1_270' title='bbox 633 2312 859 2367; x_wconf 86' lang='lat' dir='ltr'>punienda,</span> <span class='ocrx_word' id='word_1_271' title='bbox 905 2328 987 2355; x_wconf 90' lang='lat' dir='ltr'>non</span> <span class='ocrx_word' id='word_1_272' title='bbox 1025 2328 1186 2364; x_wconf 88' lang='lat' dir='ltr'>uereor,</span> <span class='ocrx_word' id='word_1_273' title='bbox 1232 2329 1283 2355; x_wconf 93' lang='lat' dir='ltr'>ne</span> <span class='ocrx_word' id='word_1_274' title='bbox 1321 2328 1414 2355; x_wconf 89' lang='lat' dir='ltr'>eum</span> <span class='ocrx_word' id='word_1_275' title='bbox 1453 2322 1647 2369; x_wconf 81' lang='lat' dir='ltr'>torqueas</span> <span class='ocrx_word' id='word_1_276' title='bbox 1684 2316 1767 2357; x_wconf 91' lang='lat' dir='ltr'>leui</span> <span class='ocrx_word' id='word_1_277' title='bbox 1803 2306 1953 2372; x_wconf 56' lang='lat' dir='ltr'>⁴paena,</span> <span class='ocrx_word' id='word_1_278' title='bbox 1998 2315 2070 2371; x_wconf 91' lang='lat' dir='ltr'>qui</span> 
     </span>
    </p>
   </div>
   <div class='ocr_carea' id='block_1_3' title="bbox 238 2512 2066 3012">
    <p class='ocr_par' dir='ltr' id='par_1_16' title="bbox 238 2512 2066 3012">
     <span class='ocr_line' id='line_1_31' title="bbox 359 2512 2065 2560; baseline 0.004 -19"><span class='ocrx_word' id='word_1_279' title='bbox 359 2513 390 2551; x_wconf 97' lang='grc'>1)</span> <span class='ocrx_word' id='word_1_280' title='bbox 417 2512 534 2542; x_wconf 75' lang='lat' dir='ltr'>Licitis</span> <span class='ocrx_word' id='word_1_281' title='bbox 557 2523 584 2555; x_wconf 77' lang='grc' dir='ltr'>γ.</span> <span class='ocrx_word' id='word_1_282' title='bbox 612 2514 680 2544; x_wconf 80' lang='lat' dir='ltr'>rell.</span> <span class='ocrx_word' id='word_1_283' title='bbox 707 2524 766 2544; x_wconf 87' lang='lat' dir='ltr'>om.</span> <span class='ocrx_word' id='word_1_284' title='bbox 795 2514 924 2543; x_wconf 80' lang='lat' dir='ltr'>Lemma</span> <span class='ocrx_word' id='word_1_285' title='bbox 949 2514 1010 2543; x_wconf 66' lang='lat' dir='ltr'>sliu.</span> <span class='ocrx_word' id='word_1_286' title='bbox 1049 2532 1061 2534; x_wconf 27' lang='grc' dir='ltr'>ἡ</span> <span class='ocrx_word' id='word_1_287' title='bbox 1103 2513 1231 2543; x_wconf 66' lang='grc' dir='ltr'><em>(Ζίὶιθνδίε</em></span> <span class='ocrx_word' id='word_1_288' title='bbox 1253 2515 1458 2552; x_wconf 80' lang='lat' dir='ltr'>amplificaui.</span> <span class='ocrx_word' id='word_1_289' title='bbox 1509 2516 1544 2556; x_wconf 85' lang='lat'>3)</span> <span class='ocrx_word' id='word_1_290' title='bbox 1570 2517 1653 2547; x_wconf 71' lang='lat' dir='ltr'>sieut</span> <span class='ocrx_word' id='word_1_291' title='bbox 1680 2516 1747 2547; x_wconf 83' lang='lat' dir='ltr'>Sto.</span> <span class='ocrx_word' id='word_1_292' title='bbox 1775 2518 1838 2547; x_wconf 91' lang='lat' dir='ltr'>uol.</span> <span class='ocrx_word' id='word_1_293' title='bbox 1865 2527 1926 2547; x_wconf 89' lang='lat' dir='ltr'>om.</span> <span class='ocrx_word' id='word_1_294' title='bbox 1953 2528 1980 2560; x_wconf 81' lang='grc' dir='ltr'>γ.</span> <span class='ocrx_word' id='word_1_295' title='bbox 2030 2517 2065 2557; x_wconf 82' lang='grc'><strong>4)</strong></span> 
     </span>
     <span class='ocr_line' id='line_1_32' title="bbox 242 2569 2066 2612; baseline 0.004 -15"><span class='ocrx_word' id='word_1_296' title='bbox 242 2578 332 2606; x_wconf 78' lang='lat' dir='ltr'>opere</span> <span class='ocrx_word' id='word_1_297' title='bbox 355 2579 381 2611; x_wconf 78' lang='grc' dir='ltr'>γ.</span> <span class='ocrx_word' id='word_1_298' title='bbox 409 2569 488 2599; x_wconf 65' lang='lat' dir='ltr'>azltr.</span> <span class='ocrx_word' id='word_1_299' title='bbox 514 2579 540 2611; x_wconf 77' lang='grc' dir='ltr'>γ.</span> <span class='ocrx_word' id='word_1_300' title='bbox 560 2587 597 2589; x_wconf 27' lang='grc'><strong><em>4</em></strong></span> <span class='ocrx_word' id='word_1_301' title='bbox 619 2579 699 2607; x_wconf 79' lang='lat' dir='ltr'>quac</span> <span class='ocrx_word' id='word_1_302' title='bbox 726 2571 807 2599; x_wconf 82' lang='lat' dir='ltr'>ratio</span> <span class='ocrx_word' id='word_1_303' title='bbox 832 2572 877 2599; x_wconf 83' lang='lat' dir='ltr'>fh.</span> <span class='ocrx_word' id='word_1_304' title='bbox 927 2571 961 2608; x_wconf 83' lang='lat'>5)</span> <span class='ocrx_word' id='word_1_305' title='bbox 989 2574 1016 2599; x_wconf 80' lang='lat' dir='ltr'>et</span> <span class='ocrx_word' id='word_1_306' title='bbox 1040 2571 1093 2608; x_wconf 88' lang='lat' dir='ltr'>qui</span> <span class='ocrx_word' id='word_1_307' title='bbox 1118 2580 1145 2612; x_wconf 83' lang='grc' dir='ltr'>γ.</span> <span class='ocrx_word' id='word_1_308' title='bbox 1167 2587 1205 2591; x_wconf 85' lang='grc'>--</span> <span class='ocrx_word' id='word_1_309' title='bbox 1226 2571 1376 2609; x_wconf 77' lang='lat' dir='ltr'>sacrilegi</span> <span class='ocrx_word' id='word_1_310' title='bbox 1402 2576 1428 2601; x_wconf 76' lang='lat' dir='ltr'>et</span> <span class='ocrx_word' id='word_1_311' title='bbox 1452 2573 1520 2602; x_wconf 77' lang='lat' dir='ltr'>eius</span> <span class='ocrx_word' id='word_1_312' title='bbox 1540 2590 1581 2593; x_wconf 82' lang='lat'>—-</span> <span class='ocrx_word' id='word_1_313' title='bbox 1598 2572 1632 2602; x_wconf 85' lang='lat' dir='ltr'>C.</span> <span class='ocrx_word' id='word_1_314' title='bbox 1662 2577 1806 2611; x_wconf 76' lang='lat' dir='ltr'>quantum</span> <span class='ocrx_word' id='word_1_315' title='bbox 1835 2575 1888 2612; x_wconf 87' lang='lat' dir='ltr'>qui</span> <span class='ocrx_word' id='word_1_316' title='bbox 1920 2574 1957 2610; x_wconf 75' lang='lat' dir='ltr'>Q.</span> <span class='ocrx_word' id='word_1_317' title='bbox 1983 2574 2066 2604; x_wconf 85' lang='lat' dir='ltr'>conf.</span> 
     </span>
     <span class='ocr_line' id='line_1_33' title="bbox 242 2626 2064 2673; baseline 0.004 -19"><span class='ocrx_word' id='word_1_318' title='bbox 242 2626 337 2655; x_wconf 70' lang='lat' dir='ltr'>schol.</span> <span class='ocrx_word' id='word_1_319' title='bbox 369 2627 495 2664; x_wconf 62' lang='lat' dir='ltr'>subseq.</span> <span class='ocrx_word' id='word_1_320' title='bbox 522 2627 591 2655; x_wconf 86' lang='lat' dir='ltr'>rell.</span> <span class='ocrx_word' id='word_1_321' title='bbox 617 2636 705 2664; x_wconf 73' lang='lat' dir='ltr'>quam</span> <span class='ocrx_word' id='word_1_322' title='bbox 730 2628 793 2664; x_wconf 83' lang='lat' dir='ltr'>qui.</span> <span class='ocrx_word' id='word_1_323' title='bbox 851 2628 885 2665; x_wconf 73' lang='lat'>6)</span> <span class='ocrx_word' id='word_1_324' title='bbox 912 2627 992 2665; x_wconf 84' lang='lat' dir='ltr'>quod</span> <span class='ocrx_word' id='word_1_325' title='bbox 1017 2636 1043 2668; x_wconf 63' lang='grc' dir='ltr'>γ.</span> <span class='ocrx_word' id='word_1_326' title='bbox 1106 2628 1140 2665; x_wconf 83' lang='lat'>7)</span> <span class='ocrx_word' id='word_1_327' title='bbox 1166 2628 1249 2664; x_wconf 82' lang='lat' dir='ltr'>quod</span> <span class='ocrx_word' id='word_1_328' title='bbox 1274 2637 1299 2669; x_wconf 76' lang='grc' dir='ltr'>γ.</span> <span class='ocrx_word' id='word_1_329' title='bbox 1328 2629 1397 2657; x_wconf 74' lang='lat' dir='ltr'>rell.</span> <span class='ocrx_word' id='word_1_330' title='bbox 1426 2629 1509 2667; x_wconf 76' lang='lat' dir='ltr'>quid.</span> <span class='ocrx_word' id='word_1_331' title='bbox 1536 2648 1578 2650; x_wconf 31' lang='lat' dir='ltr'>j*</span> <span class='ocrx_word' id='word_1_332' title='bbox 1605 2640 1633 2668; x_wconf 86' lang='lat' dir='ltr'>q.</span> <span class='ocrx_word' id='word_1_333' title='bbox 1660 2630 1761 2660; x_wconf 75' lang='lat' dir='ltr'>distet</span> <span class='ocrx_word' id='word_1_334' title='bbox 1787 2632 1860 2660; x_wconf 84' lang='lat' dir='ltr'>mal.</span> <span class='ocrx_word' id='word_1_335' title='bbox 1885 2640 1912 2673; x_wconf 80' lang='grc' dir='ltr'>γ.</span> <span class='ocrx_word' id='word_1_336' title='bbox 1938 2632 2006 2660; x_wconf 86' lang='lat' dir='ltr'>rell.</span> <span class='ocrx_word' id='word_1_337' title='bbox 2034 2641 2064 2670; x_wconf 90' lang='lat' dir='ltr'>q.</span> 
     </span>
     <span class='ocr_line' id='line_1_34' title="bbox 241 2682 2063 2728; baseline 0.004 -17"><span class='ocrx_word' id='word_1_338' title='bbox 241 2683 313 2711; x_wconf 81' lang='lat' dir='ltr'>mal.</span> <span class='ocrx_word' id='word_1_339' title='bbox 341 2683 412 2711; x_wconf 70' lang='lat' dir='ltr'>dist.</span> <span class='ocrx_word' id='word_1_340' title='bbox 439 2682 544 2711; x_wconf 83' lang='lat' dir='ltr'>Verba</span> <span class='ocrx_word' id='word_1_341' title='bbox 569 2683 637 2711; x_wconf 72' lang='lat' dir='ltr'>Nou</span> <span class='ocrx_word' id='word_1_342' title='bbox 662 2682 704 2711; x_wconf 72' lang='lat' dir='ltr'>ita</span> <span class='ocrx_word' id='word_1_343' title='bbox 731 2700 770 2703; x_wconf 28' lang='lat' dir='ltr'>--ss</span> <span class='ocrx_word' id='word_1_344' title='bbox 796 2683 867 2711; x_wconf 74' lang='lat' dir='ltr'>bom)</span> <span class='ocrx_word' id='word_1_345' title='bbox 894 2693 952 2712; x_wconf 84' lang='lat' dir='ltr'>om.</span> <span class='ocrx_word' id='word_1_346' title='bbox 979 2683 1106 2720; x_wconf 55' lang='grc' dir='ltr'>(ἔμηνε.</span> <span class='ocrx_word' id='word_1_347' title='bbox 1170 2683 1205 2722; x_wconf 82' lang='grc'><strong>8)</strong></span> <span class='ocrx_word' id='word_1_348' title='bbox 1232 2684 1267 2713; x_wconf 89' lang='lat' dir='ltr'>Id</span> <span class='ocrx_word' id='word_1_349' title='bbox 1293 2689 1342 2713; x_wconf 82' lang='lat' dir='ltr'>est</span> <span class='ocrx_word' id='word_1_350' title='bbox 1369 2690 1470 2715; x_wconf 79' lang='lat' dir='ltr'>contr.</span> <span class='ocrx_word' id='word_1_351' title='bbox 1498 2687 1591 2716; x_wconf 84' lang='lat' dir='ltr'>malis</span> <span class='ocrx_word' id='word_1_352' title='bbox 1614 2696 1641 2728; x_wconf 77' lang='grc' dir='ltr'>γ.</span> <span class='ocrx_word' id='word_1_353' title='bbox 1668 2688 1737 2716; x_wconf 86' lang='lat' dir='ltr'>rell.</span> <span class='ocrx_word' id='word_1_354' title='bbox 1765 2697 1826 2717; x_wconf 87' lang='lat' dir='ltr'>om.</span> <span class='ocrx_word' id='word_1_355' title='bbox 1891 2688 1925 2726; x_wconf 88' lang='grc'>9)</span> <span class='ocrx_word' id='word_1_356' title='bbox 1952 2688 1988 2717; x_wconf 88' lang='lat' dir='ltr'>Id</span> <span class='ocrx_word' id='word_1_357' title='bbox 2015 2693 2063 2718; x_wconf 76' lang='lat' dir='ltr'>est</span> 
     </span>
     <span class='ocr_line' id='line_1_35' title="bbox 241 2738 2064 2782; baseline 0.004 -16"><span class='ocrx_word' id='word_1_358' title='bbox 241 2755 276 2758; x_wconf 88' lang='lat'>—-</span> <span class='ocrx_word' id='word_1_359' title='bbox 307 2738 447 2775; x_wconf 83' lang='lat' dir='ltr'>procedit</span> <span class='ocrx_word' id='word_1_360' title='bbox 473 2748 498 2778; x_wconf 70' lang='grc' dir='ltr'>γ.</span> <span class='ocrx_word' id='word_1_361' title='bbox 526 2738 592 2767; x_wconf 85' lang='lat' dir='ltr'>rell.</span> <span class='ocrx_word' id='word_1_362' title='bbox 619 2748 679 2768; x_wconf 90' lang='lat' dir='ltr'>om.</span> <span class='ocrx_word' id='word_1_363' title='bbox 737 2739 791 2776; x_wconf 80' lang='grc'>10)</span> <span class='ocrx_word' id='word_1_364' title='bbox 817 2739 862 2767; x_wconf 61' lang='lat' dir='ltr'>llis</span> <span class='ocrx_word' id='word_1_365' title='bbox 886 2749 912 2780; x_wconf 74' lang='grc' dir='ltr'>γ.</span> <span class='ocrx_word' id='word_1_366' title='bbox 944 2757 976 2760; x_wconf 44' lang='grc' dir='ltr'><strong>μ</strong></span> <span class='ocrx_word' id='word_1_367' title='bbox 1006 2744 1113 2768; x_wconf 75' lang='lat' dir='ltr'>ortum</span> <span class='ocrx_word' id='word_1_368' title='bbox 1138 2749 1208 2781; x_wconf 58' lang='lat' dir='ltr'>‘hm‘</span> <span class='ocrx_word' id='word_1_369' title='bbox 1236 2758 1277 2761; x_wconf 24' lang='grc' dir='ltr'>ἢ</span> <span class='ocrx_word' id='word_1_370' title='bbox 1303 2745 1329 2770; x_wconf 74' lang='lat' dir='ltr'>et</span> <span class='ocrx_word' id='word_1_371' title='bbox 1352 2751 1377 2782; x_wconf 71' lang='grc' dir='ltr'>γ.</span> <span class='ocrx_word' id='word_1_372' title='bbox 1403 2747 1546 2780; x_wconf 65' lang='lat' dir='ltr'>(plantum</span> <span class='ocrx_word' id='word_1_373' title='bbox 1572 2743 1609 2778; x_wconf 77' lang='lat' dir='ltr'>Q.</span> <span class='ocrx_word' id='word_1_374' title='bbox 1636 2744 1705 2772; x_wconf 88' lang='lat' dir='ltr'>rell.</span> <span class='ocrx_word' id='word_1_375' title='bbox 1730 2754 1828 2782; x_wconf 77' lang='lat' dir='ltr'>quam.</span> <span class='ocrx_word' id='word_1_376' title='bbox 1856 2744 1939 2774; x_wconf 87' lang='lat' dir='ltr'>conf.</span> <span class='ocrx_word' id='word_1_377' title='bbox 1965 2745 2064 2775; x_wconf 87' lang='lat' dir='ltr'>schol.</span> 
     </span>
     <span class='ocr_line' id='line_1_36' title="bbox 240 2793 2063 2842; baseline 0.005 -21"><span class='ocrx_word' id='word_1_378' title='bbox 240 2794 383 2831; x_wconf 78' lang='lat' dir='ltr'>praeced.</span> <span class='ocrx_word' id='word_1_379' title='bbox 411 2793 521 2823; x_wconf 56' lang='lat' dir='ltr'>oevidit</span> <span class='ocrx_word' id='word_1_380' title='bbox 544 2804 569 2836; x_wconf 72' lang='grc' dir='ltr'>γ.</span> <span class='ocrx_word' id='word_1_381' title='bbox 597 2795 666 2824; x_wconf 83' lang='lat' dir='ltr'>rell.</span> <span class='ocrx_word' id='word_1_382' title='bbox 694 2795 848 2825; x_wconf 73' lang='lat' dir='ltr'>occiderit.</span> <span class='ocrx_word' id='word_1_383' title='bbox 902 2797 955 2834; x_wconf 84' lang='lat'>14)</span> <span class='ocrx_word' id='word_1_384' title='bbox 982 2796 1133 2834; x_wconf 84' lang='lat' dir='ltr'>Rapuerit</span> <span class='ocrx_word' id='word_1_385' title='bbox 1158 2797 1226 2839; x_wconf 73' lang='lat' dir='ltr'>·(‚C.</span> <span class='ocrx_word' id='word_1_386' title='bbox 1253 2798 1321 2827; x_wconf 87' lang='lat' dir='ltr'>rell.</span> <span class='ocrx_word' id='word_1_387' title='bbox 1349 2808 1409 2828; x_wconf 72' lang='lat' dir='ltr'>(m.</span> <span class='ocrx_word' id='word_1_388' title='bbox 1472 2800 1527 2838; x_wconf 88' lang='lat'>15)</span> <span class='ocrx_word' id='word_1_389' title='bbox 1556 2804 1630 2830; x_wconf 86' lang='lat' dir='ltr'>sunt</span> <span class='ocrx_word' id='word_1_390' title='bbox 1653 2810 1680 2842; x_wconf 73' lang='grc' dir='ltr'>γ.</span> <span class='ocrx_word' id='word_1_391' title='bbox 1706 2801 1776 2830; x_wconf 89' lang='lat' dir='ltr'>rell.</span> <span class='ocrx_word' id='word_1_392' title='bbox 1803 2811 1865 2834; x_wconf 85' lang='lat' dir='ltr'>om.</span> <span class='ocrx_word' id='word_1_393' title='bbox 1923 2801 1978 2840; x_wconf 87' lang='grc'><strong>16)</strong></span> <span class='ocrx_word' id='word_1_394' title='bbox 2004 2802 2063 2831; x_wconf 78' lang='grc' dir='ltr'>Εε-</span> 
     </span>
     <span class='ocr_line' id='line_1_37' title="bbox 238 2850 2062 2899; baseline 0.006 -23"><span class='ocrx_word' id='word_1_395' title='bbox 238 2850 307 2889; x_wconf 72' lang='lat' dir='ltr'>qnla</span> <span class='ocrx_word' id='word_1_396' title='bbox 332 2851 509 2880; x_wconf 83' lang='lat' dir='ltr'>moderatio</span> <span class='ocrx_word' id='word_1_397' title='bbox 534 2852 577 2889; x_wconf 80' lang='lat' dir='ltr'>gl.</span> <span class='ocrx_word' id='word_1_398' title='bbox 603 2852 714 2881; x_wconf 87' lang='lat' dir='ltr'>Ambr.</span> <span class='ocrx_word' id='word_1_399' title='bbox 741 2852 846 2882; x_wconf 82' lang='lat' dir='ltr'>Schol.</span> <span class='ocrx_word' id='word_1_400' title='bbox 874 2853 979 2882; x_wconf 83' lang='lat' dir='ltr'>Debet</span> <span class='ocrx_word' id='word_1_401' title='bbox 996 2871 1039 2873; x_wconf 94' lang='lat'><strong>—</strong></span> <span class='ocrx_word' id='word_1_402' title='bbox 1056 2863 1152 2891; x_wconf 81' lang='lat' dir='ltr'>penas</span> <span class='ocrx_word' id='word_1_403' title='bbox 1176 2863 1201 2895; x_wconf 64' lang='grc' dir='ltr'>γ.</span> <span class='ocrx_word' id='word_1_404' title='bbox 1228 2855 1297 2884; x_wconf 83' lang='lat' dir='ltr'>rell.</span> <span class='ocrx_word' id='word_1_405' title='bbox 1325 2865 1384 2884; x_wconf 81' lang='lat' dir='ltr'>om.</span> <span class='ocrx_word' id='word_1_406' title='bbox 1440 2856 1493 2894; x_wconf 85' lang='lat'>18)</span> <span class='ocrx_word' id='word_1_407' title='bbox 1521 2857 1556 2885; x_wconf 74' lang='lat' dir='ltr'>In</span> <span class='ocrx_word' id='word_1_408' title='bbox 1581 2861 1677 2895; x_wconf 76' lang='lat' dir='ltr'>rogat.</span> <span class='ocrx_word' id='word_1_409' title='bbox 1704 2857 1804 2887; x_wconf 70' lang='lat' dir='ltr'>Infert</span> <span class='ocrx_word' id='word_1_410' title='bbox 1824 2867 1848 2899; x_wconf 75' lang='grc' dir='ltr'>γ.</span> <span class='ocrx_word' id='word_1_411' title='bbox 1875 2859 1944 2887; x_wconf 83' lang='lat' dir='ltr'>rell.</span> <span class='ocrx_word' id='word_1_412' title='bbox 1971 2858 2062 2888; x_wconf 83' lang='lat' dir='ltr'>codd.</span> 
     </span>
     <span class='ocr_line' id='line_1_38' title="bbox 239 2907 2062 2952; baseline 0.005 -18"><span class='ocrx_word' id='word_1_413' title='bbox 239 2910 271 2935; x_wconf 84' lang='lat' dir='ltr'>et</span> <span class='ocrx_word' id='word_1_414' title='bbox 297 2907 367 2935; x_wconf 89' lang='lat' dir='ltr'>edd.</span> <span class='ocrx_word' id='word_1_415' title='bbox 394 2907 469 2936; x_wconf 80' lang='lat' dir='ltr'>lior.</span> <span class='ocrx_word' id='word_1_416' title='bbox 497 2911 528 2936; x_wconf 85' lang='lat' dir='ltr'>et</span> <span class='ocrx_word' id='word_1_417' title='bbox 553 2907 626 2937; x_wconf 90' lang='lat' dir='ltr'>Acr.</span> <span class='ocrx_word' id='word_1_418' title='bbox 653 2908 773 2946; x_wconf 70' lang='lat' dir='ltr'>inroget</span> <span class='ocrx_word' id='word_1_419' title='bbox 796 2910 847 2938; x_wconf 85' lang='lat' dir='ltr'>uel</span> <span class='ocrx_word' id='word_1_420' title='bbox 883 2910 1016 2947; x_wconf 79' lang='lat' dir='ltr'>irroget.</span> <span class='ocrx_word' id='word_1_421' title='bbox 1070 2908 1124 2949; x_wconf 81' lang='lat'>19)</span> <span class='ocrx_word' id='word_1_422' title='bbox 1151 2920 1263 2948; x_wconf 75' lang='lat' dir='ltr'>graece</span> <span class='ocrx_word' id='word_1_423' title='bbox 1281 2921 1298 2940; x_wconf 87' lang='lat' dir='ltr'>a</span> <span class='ocrx_word' id='word_1_424' title='bbox 1316 2909 1441 2947; x_wconf 69' lang='grc' dir='ltr'>σκΰτος.</span> <span class='ocrx_word' id='word_1_425' title='bbox 1460 2913 1591 2950; x_wconf 82' lang='lat' dir='ltr'>corium,</span> <span class='ocrx_word' id='word_1_426' title='bbox 1617 2918 1752 2951; x_wconf 82' lang='lat' dir='ltr'>scutum,</span> <span class='ocrx_word' id='word_1_427' title='bbox 1779 2911 1935 2952; x_wconf 69' lang='grc' dir='ltr'>σκυτικὸς,</span> <span class='ocrx_word' id='word_1_428' title='bbox 1961 2916 2062 2944; x_wconf 81' lang='lat' dir='ltr'>coria-</span> 
     </span>
     <span class='ocr_line' id='line_1_39' title="bbox 239 2959 2059 3012; baseline 0.005 -21"><span class='ocrx_word' id='word_1_429' title='bbox 239 2964 319 2999; x_wconf 73' lang='lat' dir='ltr'>cius,</span> <span class='ocrx_word' id='word_1_430' title='bbox 346 2959 498 2993; x_wconf 68' lang='grc' dir='ltr'>σκύταλον</span> <span class='ocrx_word' id='word_1_431' title='bbox 525 2974 549 2993; x_wconf 71' lang='lat' dir='ltr'>s.</span> <span class='ocrx_word' id='word_1_432' title='bbox 576 2962 718 3007; x_wconf 71' lang='grc' dir='ltr'>σκυτάλη</span> <span class='ocrx_word' id='word_1_433' title='bbox 746 2964 881 3003; x_wconf 71' lang='lat' dir='ltr'>(scutale,</span> <span class='ocrx_word' id='word_1_434' title='bbox 909 2966 1022 3003; x_wconf 77' lang='lat' dir='ltr'>lorum,</span> <span class='ocrx_word' id='word_1_435' title='bbox 1050 2967 1175 2995; x_wconf 84' lang='lat' dir='ltr'>habena</span> <span class='ocrx_word' id='word_1_436' title='bbox 1201 2967 1271 2996; x_wconf 90' lang='lat' dir='ltr'>Liu.</span> <span class='ocrx_word' id='word_1_437' title='bbox 1298 2967 1474 3007; x_wconf 82' lang='lat' dir='ltr'>XXXVIII,</span> <span class='ocrx_word' id='word_1_438' title='bbox 1502 2970 1569 3009; x_wconf 77' lang='lat'>29).</span> <span class='ocrx_word' id='word_1_439' title='bbox 1633 2970 1690 3008; x_wconf 80' lang='lat'>20)</span> <span class='ocrx_word' id='word_1_440' title='bbox 1716 2970 1818 3000; x_wconf 84' lang='lat' dir='ltr'>Deest</span> <span class='ocrx_word' id='word_1_441' title='bbox 1842 2980 1911 3000; x_wconf 85' lang='lat' dir='ltr'>cum</span> <span class='ocrx_word' id='word_1_442' title='bbox 1937 2980 1962 3012; x_wconf 75' lang='grc' dir='ltr'>γ.</span> <span class='ocrx_word' id='word_1_443' title='bbox 1989 2971 2059 3001; x_wconf 87' lang='lat' dir='ltr'>rell.</span> 
     </span>
    </p>
   </div>
   <div class='ocr_carea' id='block_1_4' title="bbox 240 3020 2119 3070">
    <p class='ocr_par' dir='ltr' id='par_1_17' title="bbox 240 3020 2119 3070">
     <span class='ocr_line' id='line_1_40' title="bbox 240 3020 2119 3070; baseline 0.006 -22"><span class='ocrx_word' id='word_1_444' title='bbox 240 3030 299 3049; x_wconf 82' lang='lat' dir='ltr'>om.</span> <span class='ocrx_word' id='word_1_445' title='bbox 325 3020 445 3059; x_wconf 71' lang='lat' dir='ltr'>clz&#39;ynmn.</span> <span class='ocrx_word' id='word_1_446' title='bbox 468 3020 579 3050; x_wconf 76' lang='lat' dir='ltr'>maiore</span> <span class='ocrx_word' id='word_1_447' title='bbox 604 3032 629 3063; x_wconf 80' lang='grc' dir='ltr'>γ.</span> <span class='ocrx_word' id='word_1_448' title='bbox 656 3023 724 3051; x_wconf 88' lang='lat' dir='ltr'>rell.</span> <span class='ocrx_word' id='word_1_449' title='bbox 750 3022 932 3061; x_wconf 70' lang='lat' dir='ltr'>vmlignum,</span> <span class='ocrx_word' id='word_1_450' title='bbox 961 3033 1021 3052; x_wconf 88' lang='lat' dir='ltr'>om.</span> <span class='ocrx_word' id='word_1_451' title='bbox 1049 3024 1176 3053; x_wconf 81' lang='lat' dir='ltr'>maiore.</span> <span class='ocrx_word' id='word_1_452' title='bbox 1237 3022 1294 3065; x_wconf 76' lang='lat'>21)</span> <span class='ocrx_word' id='word_1_453' title='bbox 1322 3030 1452 3063; x_wconf 82' lang='lat' dir='ltr'>peccata</span> <span class='ocrx_word' id='word_1_454' title='bbox 1475 3036 1501 3068; x_wconf 75' lang='grc' dir='ltr'>γ.</span> <span class='ocrx_word' id='word_1_455' title='bbox 1528 3027 1597 3056; x_wconf 88' lang='lat' dir='ltr'>rell.</span> <span class='ocrx_word' id='word_1_456' title='bbox 1624 3036 1684 3057; x_wconf 89' lang='lat' dir='ltr'>om.</span> <span class='ocrx_word' id='word_1_457' title='bbox 1718 3028 1828 3057; x_wconf 79' lang='lat' dir='ltr'>datum</span> <span class='ocrx_word' id='word_1_458' title='bbox 1852 3038 1878 3070; x_wconf 78' lang='grc' dir='ltr'>γ.</span> <span class='ocrx_word' id='word_1_459' title='bbox 1904 3027 1972 3058; x_wconf 85' lang='lat' dir='ltr'>rell.</span> <span class='ocrx_word' id='word_1_460' title='bbox 1998 3037 2059 3059; x_wconf 87' lang='lat' dir='ltr'>om.</span> <span class='ocrx_word' id='word_1_461' title='bbox 2118 3061 2119 3066; x_wconf 21' lang='lat'>¹</span> 
     </span>
    </p>
   </div>
   <div class='ocr_carea' id='block_1_5' title="bbox 239 3074 2119 3181">
    <p class='ocr_par' dir='ltr' id='par_1_18' title="bbox 239 3074 2119 3181">
     <span class='ocr_line' id='line_1_41' title="bbox 240 3074 2119 3125; baseline 0.006 -21"><span class='ocrx_word' id='word_1_462' title='bbox 240 3077 297 3115; x_wconf 80' lang='lat'>23)</span> <span class='ocrx_word' id='word_1_463' title='bbox 324 3077 404 3105; x_wconf 81' lang='lat' dir='ltr'>Nam</span> <span class='ocrx_word' id='word_1_464' title='bbox 430 3086 467 3105; x_wconf 83' lang='lat' dir='ltr'>ne</span> <span class='ocrx_word' id='word_1_465' title='bbox 493 3077 533 3106; x_wconf 78' lang='lat' dir='ltr'>fe.</span> <span class='ocrx_word' id='word_1_466' title='bbox 559 3079 649 3108; x_wconf 75' lang='lat' dir='ltr'>cedas</span> <span class='ocrx_word' id='word_1_467' title='bbox 674 3089 700 3120; x_wconf 84' lang='grc' dir='ltr'>γ.</span> <span class='ocrx_word' id='word_1_468' title='bbox 728 3080 793 3108; x_wconf 76' lang='lat' dir='ltr'>rell.</span> <span class='ocrx_word' id='word_1_469' title='bbox 821 3090 881 3110; x_wconf 84' lang='lat' dir='ltr'>om.</span> <span class='ocrx_word' id='word_1_470' title='bbox 920 3080 1023 3109; x_wconf 81' lang='lat' dir='ltr'>Paruo</span> <span class='ocrx_word' id='word_1_471' title='bbox 1049 3089 1138 3118; x_wconf 80' lang='lat' dir='ltr'>supp.</span> <span class='ocrx_word' id='word_1_472' title='bbox 1165 3080 1215 3110; x_wconf 72' lang='lat' dir='ltr'>ofl‘.</span> <span class='ocrx_word' id='word_1_473' title='bbox 1243 3074 1303 3110; x_wconf 72' lang='lat' dir='ltr'>oui.</span> <span class='ocrx_word' id='word_1_474' title='bbox 1329 3091 1444 3123; x_wconf 52' lang='lat' dir='ltr'>Taum.</span> <span class='ocrx_word' id='word_1_475' title='bbox 1471 3082 1587 3112; x_wconf 86' lang='lat' dir='ltr'>Totum</span> <span class='ocrx_word' id='word_1_476' title='bbox 1614 3084 1711 3112; x_wconf 85' lang='lat' dir='ltr'>schol.</span> <span class='ocrx_word' id='word_1_477' title='bbox 1738 3093 1798 3113; x_wconf 89' lang='lat' dir='ltr'>om.</span> <span class='ocrx_word' id='word_1_478' title='bbox 1825 3083 1852 3113; x_wconf 92' lang='lat' dir='ltr'>G</span> <span class='ocrx_word' id='word_1_479' title='bbox 1879 3089 1910 3115; x_wconf 85' lang='lat' dir='ltr'>et</span> <span class='ocrx_word' id='word_1_480' title='bbox 1935 3084 1974 3123; x_wconf 85' lang='lat' dir='ltr'>Q,</span> <span class='ocrx_word' id='word_1_481' title='bbox 2004 3087 2058 3125; x_wconf 90' lang='lat' dir='ltr'>qui</span> <span class='ocrx_word' id='word_1_482' title='bbox 2118 3090 2119 3095; x_wconf 62' lang='lat'>¹</span> 
     </span>
     <span class='ocr_line' id='line_1_42' title="bbox 239 3133 1999 3181; baseline 0.006 -20"><span class='ocrx_word' id='word_1_483' title='bbox 239 3133 335 3162; x_wconf 80' lang='lat' dir='ltr'>dicit:</span> <span class='ocrx_word' id='word_1_484' title='bbox 364 3133 498 3163; x_wconf 61' lang='lat' dir='ltr'>*inclusa</span> <span class='ocrx_word' id='word_1_485' title='bbox 521 3138 608 3164; x_wconf 78' lang='lat' dir='ltr'>recte</span> <span class='ocrx_word' id='word_1_486' title='bbox 633 3145 694 3165; x_wconf 86' lang='lat' dir='ltr'>om.</span> <span class='ocrx_word' id='word_1_487' title='bbox 721 3136 788 3165; x_wconf 86' lang='lat' dir='ltr'>cod.</span> <span class='ocrx_word' id='word_1_488' title='bbox 815 3137 910 3166; x_wconf 84' lang='lat' dir='ltr'>Med.‘</span> <span class='ocrx_word' id='word_1_489' title='bbox 960 3136 1017 3176; x_wconf 77' lang='lat'>25)</span> <span class='ocrx_word' id='word_1_490' title='bbox 1046 3137 1142 3176; x_wconf 88' lang='lat' dir='ltr'>Dign.</span> <span class='ocrx_word' id='word_1_491' title='bbox 1169 3139 1244 3167; x_wconf 84' lang='lat' dir='ltr'>mai.</span> <span class='ocrx_word' id='word_1_492' title='bbox 1272 3138 1402 3176; x_wconf 79' lang='lat' dir='ltr'>suplicio</span> <span class='ocrx_word' id='word_1_493' title='bbox 1427 3148 1453 3181; x_wconf 71' lang='grc' dir='ltr'>γ.</span> <span class='ocrx_word' id='word_1_494' title='bbox 1479 3139 1549 3169; x_wconf 83' lang='lat' dir='ltr'>rell.</span> <span class='ocrx_word' id='word_1_495' title='bbox 1576 3149 1635 3170; x_wconf 89' lang='lat' dir='ltr'>om.</span> <span class='ocrx_word' id='word_1_496' title='bbox 1685 3140 1743 3179; x_wconf 80' lang='lat'>26)</span> <span class='ocrx_word' id='word_1_497' title='bbox 1770 3141 1854 3170; x_wconf 75' lang='lat' dir='ltr'>dicat</span> <span class='ocrx_word' id='word_1_498' title='bbox 1876 3141 1999 3173; x_wconf 86' lang='lat' dir='ltr'>mvafh.</span> 
     </span>
    </p>
   </div>
   <div class='ocr_carea' id='block_1_6' title="bbox 2106 0 2148 3412">
    <p class='ocr_par' dir='ltr' id='par_1_19' title="bbox 2106 0 2148 3412">
     <span class='ocr_line' id='line_1_43' title="bbox 2106 0 2148 3412; baseline 0 0"><span class='ocrx_word' id='word_1_499' title='bbox 2106 0 2148 3412; x_wconf 95' lang='lat' dir='ltr'> </span> 
     </span>
    </p>
   </div>
  </div>
 </body>
</html>
