2148 3412
150 871 186 902 10

153 1240 189 1269 15

211 71 291 112 6⁶20*
846 78 952 110 Aen.
978 77 1038 108 ET
1063 76 1230 108 Pom’n.
1255 77 1404 109 coMM.

209 211 370 252 cuntur,
416 202 458 242 id
504 208 578 252 est,
623 208 726 242 tunc
767 199 899 241 uerba
943 214 1027 241 non
1067 199 1229 248 desunt,
1274 213 1368 241 cum
1399 198 1609 250 habueris,
1645 199 1758 254 quod
1794 198 1923 241 dicas.
1981 197 2039 240 Et

215 278 337 319 Pollio
368 275 479 316 idem
509 274 637 315 dixit:
670 274 774 317 Male
805 274 965 315 hercule
994 274 1131 315 ueniat
1161 273 1309 321 uerbis,
1339 274 1420 314 nisi
1446 287 1529 314 rem
1558 281 1761 314 secuntur.

321 350 416 389 311.
453 348 647 403 Verbaque
697 349 901 402 prouisam
948 360 1032 388 rem
1078 361 1157 387 non
1202 347 1333 388 inuita
1381 353 1606 401 sequentur.
1688 346 1898 387 Prouisam
1944 360 2040 387 rem.

213 422 271 474 lid
303 424 379 473 est]
414 420 677 462 Intellectum
708 419 920 475 sapienter
950 419 1180 460 inuentum.
1240 418 1291 460 Id
1331 426 1412 460 est:
1452 417 1548 460 Non
1578 417 1739 459 laborat
1771 426 1895 474 poeta
1924 418 2040 473 loqui

144 507 161 535 ξ»
210 510 298 537 rem
329 495 541 550 sapienter
571 495 798 535 inuentam.
860 494 1097 543 Menander,
1129 507 1224 534 cum
1256 492 1339 533 iam
1375 492 1560 534 fabulam
1596 491 1883 547 disposuisset,
1915 491 2041 533 etiam

211 569 245 611 si
276 569 464 610 nondum
495 566 687 609 uersibus
719 567 978 617 adornasset,
1010 566 1191 616 dicebat,
1224 580 1268 607 se
1298 572 1440 606 tamen
1471 565 1554 606 iam
1588 565 1819 620 conplesse.

325 643 420 683 312.
459 642 542 692 Oui
564 642 714 691 didicit,
741 642 902 698 patriae
933 641 1027 698 quid
1058 640 1205 689 debeat,
1240 647 1274 680 et
1304 639 1401 694 quid
1430 640 1580 680 amicis.
1640 638 1691 679 Id
1722 645 1804 679 est:
1838 638 1909 693 qui
1940 637 2043 694 legit

210 716 341 758 libros
379 717 586 767 (ueterum
623 714 990 771 philosophorum)
1029 713 1080 754 de
1121 712 1289 760 officiis,
1328 711 1371 752 id
1409 717 1488 761 est,
1527 712 1619 767 περὶ
1659 711 1926 766 καθήκοντος.
1986 710 2044 752 Et

211 788 405 838 ostendit,
446 796 588 844 poetas
619 788 736 829 inbui
768 787 921 828 debere
952 786 1232 842 philosophia.
1290 784 1409 826 Dicit
1441 791 1579 826 autem
1610 785 1707 826 hoe:
1753 784 1831 826 Ille
1862 784 2044 839 optimus

211 870 335 919 poeta
365 872 439 912 est,
470 862 541 917 qui
572 861 733 911 didicit,
765 861 878 915 quod
900 859 1077 915 singulis
1098 859 1261 908 debeat,
1294 858 1338 899 id
1358 867 1431 906 est,
1463 872 1546 913 quo
1573 872 1715 900 amore
1746 857 1895 900 debeat
1913 872 2044 900 unus-

212 937 390 991 quisque
422 935 535 978 circa
566 935 746 990 patriam
778 948 880 984 esse,
913 934 1001 975 siue
1035 936 1138 986 [aut]
1172 940 1381 988 parentes,
1413 931 1502 973 siue
1532 932 1700 974 amicos.

325 1010 419 1051 317.
452 1010 663 1065 Respicere
700 1009 919 1064 exemplar.
965 1006 1221 1062 Exemplum
1257 1013 1331 1055 est,
1376 1005 1648 1059 παράδειγμα,
1697 1004 1913 1059 exemplar
1944 1003 2045 1044 ἀντί-

211 1097 349 1123 τυπον.
408 1080 506 1124 Hoc
547 1081 668 1123 dicit:
712 1080 1070 1123 Consuetudinem
1109 1080 1221 1121 uitae
1262 1078 1472 1134 respicere
1512 1078 1636 1120 iubeo
1681 1092 1790 1129 eum,
1843 1077 1915 1133 qui
1956 1077 2047 1119 uult

214 1163 326 1199 recte
347 1155 518 1204 imitari,
548 1161 604 1204 ut,
634 1169 729 1197 cum
755 1154 927 1195 inducat
956 1153 1266 1195 adulescentem
1287 1153 1541 1207 loquentem,
1574 1152 1725 1194 debeat
1746 1152 1868 1202 scire,
1899 1166 2046 1206 quem-

216 1230 444 1271 admodum
486 1229 660 1270 iuuenes
701 1227 832 1270 solent
874 1227 1031 1268 uiuere.
1093 1224 1209 1278 Quid
1241 1233 1301 1267 est
1332 1226 1442 1267 enim
1475 1225 1718 1268 comoedia?
1757 1225 1872 1279 [nisi]
1904 1225 2046 1282 imago

213 1303 325 1344 uitae
356 1302 636 1344 cottidianae?

327 1377 421 1418 318.
454 1376 626 1417 Doctum
655 1375 909 1416 imitatorem.
968 1373 1018 1414 Id
1040 1380 1114 1422 est,
1156 1387 1264 1423 eum,
1307 1373 1379 1428 qui
1409 1373 1499 1415 uultv
1529 1373 1712 1429 optimus
1742 1387 1832 1416 esse
1863 1373 2048 1415 comicus

214 1456 350 1505 poeta.
409 1450 539 1490 m'uas.
587 1449 679 1489 hinc
718 1448 807 1489 duc.
848 1462 979 1489 uoces.
1038 1446 1088 1487 Id
1127 1453 1200 1497 est,
1238 1460 1374 1488 ueras.
1436 1448 1538 1495 hinc,
1575 1447 1620 1488 id
1650 1456 1724 1496 est,
1763 1462 1788 1489 a
1819 1446 2048 1489 cottidiana

214 1522 317 1570 uita,
350 1537 374 1562 a
404 1521 592 1563 moribus
623 1519 914 1563 eonmunibus.

327 1596 422 1637 319.
454 1610 558 1652 spec.
591 1595 698 1636 Iocis.
747 1593 800 1634 Id
831 1600 911 1636 est:
945 1593 980 1635 si
1010 1599 1272 1649 opportunae
1303 1593 1457 1635 fuerint
1488 1593 1684 1636 inductae
1714 1608 1919 1650 personae
1930 1610 1940 1644 3
1979 1601 2050 1636 aut

215 1670 325 1719 locis,
357 1668 402 1710 id
433 1676 504 1718 est,
537 1667 810 1724 argumentis,
843 1675 888 1709 ut
918 1682 1002 1709 non
1034 1667 1087 1709 sit
1116 1674 1412 1723 argumentum
1444 1667 1685 1710 absurdum.

327 1744 422 1783 319.
453 1743 548 1783 320.
582 1750 816 1797 morataque
867 1749 972 1783 recte
1023 1741 1196 1782 Fabula.
1257 1740 1430 1783 Morosa
1464 1740 1642 1798 [fabula]
1682 1741 1804 1783 malis
1850 1741 2048 1791 moribus,

217 1825 371 1858 morata
402 1815 523 1857 bonis
555 1815 709 1857 dicitur
719 1831 728 1864 3
771 1823 930 1857 morata
962 1821 1100 1856 autem
1130 1814 1238 1856 bene
1268 1814 1470 1865 instituta,
1501 1815 1613 1856 unde
1647 1818 1719 1868 [et]
1752 1815 1796 1856 in
1827 1821 2048 1858 consuetu-

217 1890 314 1931 dine
347 1896 420 1940 est,
454 1891 548 1931 bene
580 1904 670 1931 eum
699 1899 903 1931 moratum
933 1888 1030 1938 dici,
1064 1887 1135 1943 qui
1168 1888 1299 1930 bonos
1329 1902 1467 1930 mores
1497 1888 1636 1930 habet.
1695 1897 1891 1931 moratam
1924 1890 2048 1944 fabu-

153 1983 169 2008 -,
221 1964 314 2011 Iam,
347 1963 389 2004 in
421 1977 504 2016 qua
534 1977 672 2005 mores
704 1962 966 2017 singularum
998 1976 1273 2017 personarum
1305 1962 1463 2016 optime
1495 1961 1796 2017 exprimuntur.

312 2176 344 2214 1)
372 2178 523 2204 secuntur
547 2184 563 2216 γ
588 2173 674 2204 Med.
693 2191 730 2195 >——
746 2174 843 2204 uerba
869 2183 929 2204 om.
957 2183 1003 2203 ca.
1020 2190 1057 2194 >-
1074 2172 1151 2212 quid
1176 2173 1264 2203 dicas
1290 2182 1335 2203 ca.
1362 2172 1439 2212 quid
1464 2173 1541 2203 dicis
1566 2173 1612 2203 fh.
1639 2174 1725 2204 idem
1742 2174 1821 2205 dicit
1839 2175 1878 2204 N.
1940 2176 1974 2216 2)
2000 2185 2042 2205 se-

218 2236 356 2271 quantur
375 2241 421 2261 ca.
440 2232 508 2261 rell.
527 2234 705 2269 sequuntur.
754 2232 789 2269 4)
816 2231 847 2260 id
873 2234 921 2261 est
947 2240 1007 2259 om.
1025 2239 1051 2271 γ.
1079 2230 1274 2260 intellectam
1291 2240 1356 2269 sap.
1376 2231 1539 2260 inuentum
1555 2240 1580 2272 γ.
1596 2232 1665 2261 rell.
1683 2232 1876 2262 intellectam
1893 2241 1971 2270 sap.‚
1989 2241 2049 2262 om.

220 2290 395 2319 inuentum.
424 2306 465 2309 —
490 2287 655 2318 laborabat
677 2297 703 2329 γ.
769 2288 803 2325 5)
831 2287 893 2316 iam
918 2296 944 2328 γ.
971 2287 1041 2316 rell.
1067 2296 1127 2316 om.
1155 2304 1196 2307 m
1221 2286 1313 2316 Hane
1338 2292 1478 2325 partem:
1509 2287 1544 2317 Id
1571 2291 1633 2318 est:
1671 2298 1732 2318 non
1758 2289 1883 2319 laborat
1910 2306 1948 2309 ——
1976 2298 2049 2319 con-

220 2346 326 2383 plesse
350 2346 472 2374 habent
498 2344 528 2374 N
562 2344 648 2373 Med.
687 2342 805 2381 (ἴῳ-ναι
842 2344 925 2372 infra
962 2344 1001 2372 ad
1038 2353 1067 2372 u.
1096 2343 1170 2372 320.
1237 2343 1270 2381 7)
1298 2344 1378 2381 leget
1402 2354 1430 2386 γ.
1457 2344 1526 2374 rell.
1559 2345 1645 2383 legit.
1708 2345 1743 2384 8)
1770 2340 1995 2376 [IePlKOTON
2022 2354 2049 2387 γ.

219 2412 288 2445 περι
314 2411 428 2432 κοινων
453 2411 483 2432 v.
521 2398 698 2432 ἀντιτὺπων
725 2410 752 2430 a.
781 2400 882 2437 (conf.
909 2400 1006 2430 schol.
1035 2400 1116 2438 seq.)
1145 2404 1228 2438 spat.
1253 2409 1321 2430 uae.
1347 2401 1380 2430 in
1405 2400 1490 2432 Med.
1516 2402 1601 2438 N,rc.
1630 2411 1690 2431 om.
1718 2401 1756 2432 G.
1793 2399 1862 2445 περὶ
1887 2397 2050 2444 καθήκον-

218 2468 272 2494 τος
297 2458 375 2493 th.
403 2459 484 2488 conf.
513 2457 554 2487 C:
583 2475 623 2478 μ
651 2458 733 2496 ‘lege
759 2458 858 2486 libros
883 2461 1030 2486 ueterum
1055 2457 1340 2495 phiolosophorum
1364 2455 1434 2500 περὶ
1458 2453 1673 2499 καθήκοντος,
1704 2459 1735 2488 id
1762 2462 1822 2495 est,
1849 2459 1888 2488 de
1912 2459 2049 2488 officiis)

220 2517 254 2552 9)
281 2515 378 2545 tribui
404 2525 430 2556 γ.
459 2515 526 2544 rell.
554 2514 659 2544 imbui.
711 2514 767 2551 10)
795 2514 875 2552 quod
902 2515 984 2551 sing.
1011 2523 1036 2554 γ.
1063 2514 1132 2543 rell.
1159 2513 1242 2552 quid.
1269 2513 1352 2543 conf.
1378 2514 1456 2553 quod
1479 2515 1566 2544 dicas
1591 2515 1632 2544 ad
1651 2525 1680 2544 u.
1700 2516 1774 2546 310.
1827 2516 1882 2554 11)
1907 2515 1970 2545 siue
1994 2525 2049 2553 pa-

220 2576 327 2602 rentes
363 2581 390 2613 γ.
428 2571 494 2600 rell.
538 2575 588 2600 auc
625 2580 690 2609 par.
757 2571 812 2607 12)
841 2574 886 2599 est
913 2579 941 2611 γ.
968 2570 1037 2601 rell.
1065 2579 1124 2599 om.
1152 2588 1192 2590 ἡ
1220 2571 1406 2608 paradigma
1431 2581 1457 2612 Y·
1494 2581 1664 2603 αντιτοπον
1689 2581 1716 2612 γ.
1785 2573 1839 2611 14)
1865 2573 2050 2610 loquentem

219 2629 299 2669 γΜ,ι·
325 2627 446 2666 (debet)
472 2637 502 2656 v.
531 2637 591 2657 om.
619 2626 733 2662 cath.
761 2627 972 2656 adolescentes
997 2627 1158 2664 loquentes
1183 2627 1319 2656 debeant
1354 2628 1393 2657 N.
1420 2628 1490 2658 rell.
1517 2637 1577 2657 om.
1644 2628 1699 2667 15)
1726 2628 1809 2663 Quid
1836 2633 1885 2658 est
1911 2629 1996 2658 enim
2019 2638 2047 2671 γ.

219 2687 288 2716 rell.
316 2686 401 2721 Quid
428 2686 512 2715 enim
539 2689 599 2715 est.
626 2702 667 2706 ——
694 2685 811 2713 soleant
834 2685 874 2714 N.
904 2702 943 2705 2<
970 2682 1134 2713 comedia?
1162 2685 1226 2713 nisi
1253 2693 1312 2713 om.
1339 2693 1364 2725 γ.
1392 2684 1568 2714 cottidiana
1583 2694 1610 2727 γ.
1636 2685 1706 2714 rell.
1731 2686 1941 2724 quotidianae.
1995 2684 2050 2724 17)

220 2746 286 2781 opt.
313 2751 382 2771 esse
406 2752 432 2784 γ.
459 2742 528 2771 rell.
554 2751 623 2771 esse
648 2745 709 2779 opt.
774 2742 828 2779 18)
864 2740 962 2770 l'z'aas.
988 2741 1087 2771 Veras
1112 2741 1141 2769 N
1164 2741 1250 2770 Med.
1279 2740 1468 2779 G(Q)‚rvca.
1502 2741 1604 2771 Ver-as.
1641 2741 1740 2771 Viuas
1777 2743 1822 2771 fh.
1858 2741 1946 2772 uiuas
1981 2742 2050 2772 hinc

221 2799 247 2827 d.
267 2808 294 2827 u.
320 2798 420 2828 Viuas
446 2807 549 2828 uoces.
578 2816 619 2819 —-
646 2798 665 2827 i.
692 2798 805 2827 cottid.
830 2797 898 2826 uita
924 2807 951 2839 γ.
977 2797 1044 2826 rell.
1070 2797 1090 2826 i.
1118 2806 1136 2826 a
1161 2798 1231 2826 uita
1256 2797 1381 2836 quotid.
1432 2797 1489 2836 20)
1518 2799 1654 2836 spetiosa
1672 2798 1762 2828 locis.
1790 2798 1881 2828 Locis
1908 2799 1928 2828 i.
1952 2801 2051 2837 oport.

220 2865 246 2895 γ,
273 2864 332 2883 orn.
361 2856 398 2884 si.
426 2854 502 2884 iocis
528 2853 611 2893 (bis)
638 2858 811 2893 opportune
835 2853 958 2883 rvcafh.
985 2854 1052 2884 rell.
1090 2858 1264 2891 oportunae
1288 2853 1393 2893 (opp.)
1442 2854 1499 2892 22)
1527 2854 1656 2884 Lemma
1680 2859 1853 2894 morataque
1881 2858 1960 2884 recte
1983 2864 2050 2884 am-

223 2911 372 2948 plifieaui.
398 2921 472 2939 mor.
499 2911 592 2939 mali:
617 2920 643 2951 γ.
693 2911 750 2949 23)
777 2916 807 2940 et
833 2920 894 2940 om.
921 2910 978 2951 TN.
1006 2928 1045 2931 —
1072 2911 1152 2940 bene
1179 2920 1250 2940 eum
1275 2920 1353 2941 mor.
1381 2911 1444 2940 dici
1462 2920 1488 2952 ‘a'-
1507 2912 1586 2941 bene
1619 2921 1696 2941 mor.
1731 2921 1801 2941 eum
1836 2911 1899 2941 dici
1917 2911 2049 2941 NMed.

224 2965 383 3002 G,rvcaQ.
412 2976 480 2995 eum
509 2977 569 2996 om.
598 2967 642 2997 fh.
694 2967 750 3005 24)
777 2971 933 2997 moratam
960 2967 1102 2997 fabulam
1128 2977 1188 2997 om.
1213 2977 1230 3007 γ
1255 2967 1340 2996 Med.
1368 2966 1511 3003 NG‚vca.
1540 2985 1579 2988 ——
1606 2968 1713 2997 habet..
1750 2971 1829 2997 recte
1852 2972 1970 2997 morata
1992 2967 2049 3007 iqi-

223 3021 406 3060 len-jabal(1.
434 3022 464 3051 in
488 3023 590 3060 quibus
615 3033 718 3053 mores
736 3041 774 3044 *-
792 3024 1021 3062 exprimuntur
1047 3033 1070 3053 r.
1120 3024 1177 3062 25)
1203 3024 1280 3053 Post
1305 3024 1514 3062 exprimuntur
1539 3025 1571 3054 in
1590 3033 1606 3065 γ
1623 3025 1729 3063 posita
1755 3028 1829 3054 sunt
1854 3025 1943 3062 haec,
1969 3033 2050 3063 quae

224 3079 320 3116 vulgo
346 3079 477 3108 inferius
498 3080 663 3117 leguntur:
692 3080 797 3118 Magis
816 3085 950 3119 possunt
969 3098 1005 3100 ἡ
1023 3081 1184 3118 grauitate
1202 3081 1382 3110 uerborum.
