2148 3412
195 897 230 928 ΙΟ

258 92 339 131 664
894 100 1000 133 ACR.
1027 100 1087 132 ΕΤ
1113 99 1280 133 PORPH.
1305 99 1453 133 coMM.

256 226 445 280 recipere
477 225 520 265 in
551 223 795 273 amicitiam,
827 223 958 265 multo
990 237 1105 265 mero
1137 223 1347 266 inebriant
1379 229 1643 279 temptantes,
1676 238 1729 265 an
1761 237 1837 280 per
1857 223 2084 279 potionem,

256 312 363 352 quae
395 297 622 347 habebant,
655 303 816 338 secreta
847 297 1041 352 prodant.

367 372 462 412 435.
498 371 543 412 Ee
575 379 760 425 torquere
791 385 910 412 mero.
971 369 1068 412 Hoc
1099 377 1173 421 est,
1205 370 1451 425 protrahere
1482 370 1536 411 ad
1567 370 1884 413 confessionem.

367 446 463 486 437.
493 445 704 486 am'me'sub
727 444 849 500 uulpe
871 445 1048 486 latentes.
1110 442 1407 500 [Sannatores]
1443 442 1675 485 Simatores
1707 458 1777 486 eos
1807 451 1848 486 et
1870 444 2081 500 [εἷ’ρωνας]

254 518 453 574 τρίβωνας
484 517 760 573 adpollamus,
793 517 865 572 qui
898 517 1081 572 benigne
1112 516 1351 572 inrident.†)

367 593 462 634 438.
502 591 693 642 Quintilio
724 591 876 647 siquid
897 592 1099 632 recitares.
1141 589 1229 632 Hic
1261 597 1348 632 erat
1375 591 1597 641 Quintilius
1626 591 1753 632 Varus
1775 589 2088 640 Cremonensis,

255 665 415 706 {unicus
446 664 644 719 Vergilii,
683 678 810 718 eques
841 663 1070 705 Romanus.

367 739 463 779 441.
502 739 551 779 Et
582 739 680 778 male
719 746 896 779 (ornatos
931 737 1074 778 incudi
1107 737 1275 778 reddere
1312 751 1469 779 uersus.
1528 736 1626 779 Hoc
1656 745 1731 788 est,
1777 738 1914 779 denuo
1944 751 2090 778 uersus

255 812 453 861 scribere,
488 811 698 866 quomodo
730 811 1031 852 ferramentum
1062 809 1172 851 male
1210 809 1459 865 productum
1497 810 1688 852 redditur
1724 811 1767 852 in
1798 811 2007 862 incudem,
2046 818 2091 851 ut

258 885 317 926 ibi
348 886 562 927 formetur.

370 961 464 1000 444.
503 960 612 1010 Quin
641 960 724 1000 sine
754 959 893 1000 riuali.
955 956 1187 999 Aemulum
1218 958 1393 999 riualem
1424 957 1539 998 dixit.

368 1034 463 1073 446.
496 1034 592 1073 447.
624 1033 836 1088 incomptis
875 1032 1028 1073 adlinet
1064 1039 1200 1073 atrum
1234 1032 1269 1072 T
1269 1045 1490 1073 raus-uerso
1523 1032 1682 1073 calamo
1712 1033 1882 1086 siyuum.
1943 1030 2091 1086 Signi-

255 1107 351 1147 ficat
382 1106 556 1148 adnotat
589 1105 658 1162 [ac
688 1105 823 1163 notat]
856 1120 1025 1146 uersum
1055 1104 1166 1145 male
1197 1104 1434 1146 formatum.

368 1181 464 1222 450.
499 1181 580 1221 Fiet
625 1179 908 1221 Aristarchus.
983 1177 1071 1220 Hic
1102 1177 1283 1219 Homeri
1329 1177 1517 1219 carmina
1563 1178 1793 1220 adnotauit.
1867 1177 1945 1219 Ille
1989 1192 2092 1233 ergo

212 1266 225 1295 ῖ
256 1253 382 1294 iudex
415 1253 540 1294 etiam
572 1252 721 1308 optimi
753 1259 903 1307 poetae
937 1251 1201 1293 Aristarchus
1231 1252 1312 1292 fiet.

367 1328 463 1368 454.
499 1332 579 1368 Aut
609 1327 829 1381 fanaticus.
889 1325 941 1366 Id
973 1333 1053 1367 est:
1086 1326 1158 1380 qui
1188 1325 1448 1381 lymphatico
1479 1325 1708 1381 agitantur.

367 1401 462 1441 456.
495 1402 651 1455 aqitant
692 1402 812 1456 pueri
853 1400 1084 1455 incautique
1125 1408 1329 1441 secuntur.
1406 1398 1516 1440 Nam
1561 1399 1682 1454 pueri
1729 1399 2092 1454 praetereuntibus

254 1473 445 1514 inludere
477 1473 586 1515 soliti
620 1472 714 1530 [et],
747 1487 851 1528 quos
882 1473 1154 1523 insectantur,
1187 1472 1231 1513 in
1264 1472 1518 1514 dementiam
1551 1472 1807 1528 conpellunt.

373 1636 404 1674 1)
431 1645 472 1665 au
499 1646 558 1665 om.
585 1635 629 1664 fh.
681 1636 715 1674 2)
743 1638 868 1664 secreta
892 1645 951 1665 om.
979 1635 1014 1664 R.
1079 1635 1114 1673 ὃ)
1142 1635 1212 1664 ΙΙου
1306 1634 1441 1664 confess.
1468 1645 1527 1665 om.
1555 1637 1585 1664 2.
1651 1635 1687 1675 4)
1714 1635 1865 1666 Scholion
1890 1635 2092 1674 perdifficile,

256 1692 340 1730 quod
368 1701 484 1721 sanare
509 1692 665 1729 temptaui
693 1700 748 1729 per
772 1691 926 1721 simatores
951 1695 982 1721 et
1019 1689 1182 1733 τρίβωνας.
1224 1701 1294 1720 nam
1333 1701 1434 1729 neque
1471 1695 1652 1722 sarmatores
1691 1693 1723 1721 in
1761 1690 1944 1728 RBbrath,
1989 1701 2093 1731 neque

256 1745 387 1791 εἴρωνας
412 1749 551 1778 Fabricii
580 1747 677 1787 (th)
705 1749 798 1778 nobis
825 1754 960 1786 possunt
988 1749 1187 1778 satisfacere.
1213 1748 1390 1778 simiatores
1417 1757 1471 1778 eos
1497 1752 1526 1778 et
1552 1742 1724 1788 myth-03²nS
1768 1750 1801 1787 (1
1829 1759 1868 1778 m.
1907 1759 1987 1778 corr.
2025 1759 2093 1778 mu-

256 1811 329 1835 tans
356 1815 371 1835 e
398 1806 430 1834 in
457 1815 474 1834 a
499 1805 543 1834 M.
571 1806 759 1845 mydroneas
785 1805 927 1834 Hoched.
956 1815 984 1843 p.
1016 1807 1088 1834 186.
1115 1805 1286 1844 niydronas
1310 1805 1352 1842 Q)
1379 1805 1454 1835 MG.
1494 1807 1675 1836 simiatores
1703 1811 1734 1836 et
1760 1806 1933 1845 mydronas
1961 1806 2093 1845 (midi-o·-

254 1871 311 1891 nas
339 1863 373 1900 2)
399 1862 461 1891 ΑΞ.
488 1863 668 1892 simiatores
694 1862 772 1901 (om.
800 1860 870 1899 eos)
903 1865 933 1890 et
959 1862 1153 1900 leodronas
1180 1872 1209 1890 v.
1235 1866 1423 1891 seminatores
1448 1872 1495 1891 eos
1521 1868 1550 1893 ct
1576 1863 1735 1892 nudi-onas
1760 1863 1877 1901 (mydr.
1898 1860 1954 1901 13¹¹)
1981 1860 2092 1899 RBb‚1·.

257 1923 445 1948 sannatores
471 1924 503 1948 et
531 1919 706 1957 ,llydronas
733 1928 760 1949 a.
786 1924 970 1949 samzatores
997 1917 1067 1956 (eos
1095 1918 1139 1957 Q)
1166 1923 1197 1947 et
1223 1915 1351 1958 εἴρωνας
1376 1918 1452 1954 th.
1480 1919 1515 1949 P.
1543 1920 1692 1949 Danielis
1731 1919 1857 1958 quidem
1895 1920 1935 1948 ad
1971 1919 1999 1948 A
2036 1929 2090 1949 ex-

257 1979 322 2004 stat
348 1976 530 2005 adnotatio:
570 1975 774 2005 *Simiatz‘onis
799 1977 897 2006 etiam
923 1985 998 2005 uoce
1023 1976 1126 2005 utitur
1152 1975 1192 2004 D.
1219 1974 1404 2014 Cyprianus
1431 1986 1461 2013 p.
1490 1977 1552 2006 279
1581 1977 1628 2006 ed.
1654 1976 1745 2006 Rom.
1772 1979 1867 2015 prout
1892 1976 2019 2014 quidem
2045 1979 2094 2006 est

256 2033 288 2061 in
313 2042 343 2061 v.
370 2043 421 2061 cc:
449 2032 600 2070 quicquid
626 2033 748 2070 absque
774 2034 935 2063 catholica
961 2032 1071 2064 fuerit.
1096 2031 1226 2061 simialiv
1253 2033 1324 2067 est',
1352 2033 1408 2061 sed
1431 2033 1586 2062 simaeores
1612 2042 1729 2062 nomeu
1758 2034 1878 2062 factum
1917 2041 1957 2061 ex
1994 2033 2093 2062 uerbo

255 2090 367 2117 simare
392 2089 637 2126 praeferendum
663 2089 794 2119 uidetur
820 2094 848 2119 et
875 2089 1087 2118 simiatoribus
1114 2092 1144 2118 et
1170 2089 1408 2125 scmnatoribus.
1434 2090 1599 2119 uocabulis
1625 2099 1689 2119 non
1727 2090 1828 2120 solum
1865 2099 1928 2119 non
1965 2089 2093 2119 Latinis

256 2154 357 2183 neque
386 2146 483 2174 etiam
510 2150 620 2175 nostro
647 2146 716 2175 loco
742 2147 902 2184 congruis.
930 2146 1011 2175 Nam
1037 2155 1136 2175 sanna
1161 2146 1289 2183 quidem
1315 2154 1333 2174 a
1358 2145 1506 2175 quenali
1533 2150 1561 2176 et
1600 2146 1711 2176 Persio
1749 2146 1876 2184 dicitur,
1915 2155 1978 2176 non
2015 2146 2093 2176 item

255 2212 390 2232 sannare
415 2212 517 2240 neque
542 2206 707 2237 saumatam·
740 2201 850 2231 sinim-e
877 2207 994 2233 autem.
1036 2203 1067 2231 id
1102 2206 1161 2239 est,
1201 2203 1315 2231 simum
1354 2203 1496 2239 reddere,
1534 2203 1712 2241 deprimere
1750 2202 1890 2241 (Nonius
1917 2203 1934 2232 2
1962 2212 1990 2232 n.
2018 2203 2092 2232 771.

256 2258 401 2288 Lucilius
428 2258 498 2289 VII.
541 2259 677 2287 simmae
704 2267 808 2288 nares.
835 2258 956 2296 Sulpic.
984 2259 1016 2288 in
1043 2258 1177 2297 Luperc.
1204 2259 1237 2288 in
1265 2258 1368 2289 Catal.
1397 2270 1426 2298 p.
1448 2260 1488 2289 ‘23
1516 2260 1564 2289 ed.
1591 2259 1677 2289 Pith.
1704 2260 1785 2290 conf.
1812 2259 1901 2289 Seru.
1928 2259 1968 2288 ad
1993 2258 2091 2297 Verg.

257 2316 295 2346 E.
324 2316 361 2352 X,
390 2317 424 2347 7:
462 2317 561 2345 simae
587 2316 740 2353 capellae.
769 2316 911 2345 Martial.
940 2316 993 2352 VI,
1021 2316 1074 2351 39,
1102 2317 1138 2345 8:
1177 2315 1278 2354 Saepe
1305 2317 1364 2346 uiri
1391 2326 1483 2345 nares
1509 2325 1581 2346 acer
1605 2316 1761 2346 iaculator
1786 2321 1913 2355 apertas
1939 2314 2092 2353 Spiritus,

258 2378 289 2402 et
314 2373 388 2402 simo
414 2374 566 2411 dampnat
594 2383 648 2402 sua
676 2374 809 2411 prandia
835 2373 917 2403 mdiu
944 2372 1021 2411 etc.)
1049 2372 1179 2402 defendi
1205 2377 1312 2411 potest
1339 2377 1369 2403 et
1396 2373 1500 2403 forma
1526 2377 1557 2402 et
1584 2381 1689 2402 sensu.
1720 2372 1827 2412 Magis
1845 2373 1904 2402 hoc
1923 2372 1962 2402 de
1977 2369 2093 2415 τρίβων

256 2431 384 2459 nomine
401 2430 461 2458 dici
482 2434 598 2467 potest,
625 2430 707 2468 quod
735 2433 783 2459 est
808 2434 954 2460 nostrum
972 2428 1127 2466 ‘Schalkss
1153 2433 1264 2459 notum
1290 2439 1330 2459 ex
1350 2429 1568 2467 Aristophane
1597 2429 1708 2467 (Vesp.
1733 2430 1815 2459 1132
1842 2428 1926 2460 conf.
1952 2425 2092 2470 τριβωνι-

255 2488 338 2526 κῶς)
365 2491 393 2516 et
423 2487 580 2524 Euripide
605 2487 739 2521 (Bacch.
761 2488 835 2516 716.
857 2487 920 2516 707
938 2486 1073 2516 Kirchh.
1100 2486 1139 2515 cf.
1160 2486 1244 2516 Med.
1273 2488 1347 2517 686.
1377 2487 1438 2515 [381
1464 2486 1598 2515 Kirchh.
1624 2486 1722 2515 Rhes.
1751 2485 1824 2515 625.
1852 2487 1914 2515 616
1940 2485 2108 2529 Kirchh.:¹

255 2542 370 2585 τρίβων
399 2540 527 2584 λόγων).
554 2543 661 2581 Atque
688 2544 854 2574 literarum
881 2543 997 2573 ductus
1024 2543 1211 2581 respicienti
1238 2542 1391 2586 τρίβωνας
1417 2543 1518 2581 magis
1550 2552 1583 2572 se
1609 2543 1820 2572 conmendare
1846 2543 1973 2572 uidetur
1997 2551 2092 2581 quam

255 2596 394 2641 εἴρυνιας.
456 2599 491 2638 5)
516 2599 653 2629 inrident
681 2600 724 2629 M.
751 2601 821 2629 rell.
848 2599 908 2629 ivr.
976 2600 1010 2637 7)
1036 2599 1168 2638 uergilii
1183 2600 1227 2629 M.
1254 2600 1322 2629 rell.
1350 2600 1487 2638 Virgilii.
1514 2598 1636 2637 Vergili
1661 2598 1700 2634 Q.
1766 2599 1800 2638 9)
1826 2599 1908 2629 male
1921 2598 2093 2637 formatum

255 2655 343 2685 vafh.
371 2666 410 2685 m.
438 2656 624 2693 productum
654 2653 950 2695 MRA213¹¹G(Q)‚1-.
989 2657 1020 2686 in
1054 2657 1201 2686 incudem
1228 2654 1407 2695 MB'GtQ).
1447 2657 1481 2685 iu
1518 2656 1648 2685 eundem
1673 2655 1722 2686 R..
1747 2656 1896 2685 redditur
1925 2654 2093 2694 (reddatur

257 2713 292 2751 2)
330 2712 489 2747 incudem,
527 2722 587 2742 om.
615 2714 657 2747 in,
697 2714 755 2750 2,r.
784 2712 893 2742 incudi
916 2712 1004 2742 vafh.
1074 2714 1128 2752 12)
1154 2713 1310 2752 incomptis
1335 2723 1417 2743 omn.
1445 2713 1517 2742 libri
1544 2715 1672 2750 praeter
1697 2711 1742 2742 G:
1770 2712 1905 2742 incoatis
1923 2715 1955 2741 et
1979 2712 2017 2741 h:
2044 2712 2092 2741 in-

257 2774 402 2807 comptas.
429 2769 492 2799 adl.
512 2770 554 2799 M.
574 2771 640 2799 rell.
659 2770 711 2799 all.
764 2770 819 2807 14)
847 2769 908 2798 Hic
933 2779 993 2799 om.
1020 2770 1063 2799 fh.
1133 2771 1188 2809 15)
1214 2775 1245 2799 et
1272 2770 1338 2800 vfh.
1367 2770 1462 2799 ctiam
1490 2765 1799 2809 MRAB‘22G(Q),1-a.
1864 2768 1918 2806 16)
1944 2767 2092 2798 limfatieo

256 2826 299 2855 M.
326 2827 466 2864 agitatur
492 2827 556 2857 assi.
611 2826 666 2864 17)
691 2832 845 2857 secuntur
862 2823 913 2855 13¹:
966 2826 1020 2865 18)
1050 2826 1147 2857 z'nlud.
1173 2826 1215 2855 M.
1233 2844 1269 2847 --
1286 2826 1468 2864 conpellunt
1492 2822 1581 2854 MB‘’.
1609 2824 1694 2855 soliti
1709 2824 1742 2854 M
1762 2824 1821 2863 (Ξ
1838 2824 1980 2854 Hoched.
2007 2823 2091 2863 negl.

260 2881 302 2920 Q)
329 2880 410 2911 Eeb.
437 2884 504 2913 rell.
532 2884 648 2914 solent.
687 2885 770 2913 conf.
797 2883 870 2913 Aer.
910 2883 1006 2912 ‘soliti
1033 2884 1134 2921 quos.7
1173 2883 1266 2913 omisi
1291 2887 1318 2912 et
1342 2886 1455 2913 contra
1480 2885 1564 2911 auct.
1590 2882 1753 2912 librorum.

372 2939 402 2977 †)
432 2940 610 2969 Laudanda
636 2945 685 2970 est
712 2941 878 2978 ingeniosa
905 2940 1088 2969 emendatio
1115 2939 1151 2969 G.
1185 2939 1380 2969 Ilei-manni:
1421 2938 1632 2975 Simulatores,
1670 2947 1731 2976 quo
1769 2946 1895 2967 sensum
1932 2937 2091 2966 lemmatis

259 2995 352 3024 animi
375 2995 427 3024 sub
463 2997 549 3034 uvlpe
576 2997 697 3026 latentes
722 3007 780 3026 acu
806 2997 957 3035 tetigisse
983 2997 1146 3034 putandus
1173 3000 1219 3025 cst
1249 2995 1345 3033 (conf.
1373 2995 1505 3026 Sallust.
1531 2994 1602 3025 Cat.
1631 2995 1667 3024 5:
1695 2995 1867 3024 cuiuslibet
1893 2995 1938 3024 rei
1964 2994 2091 3023 simula-

259 3056 320 3080 tor.
349 3051 414 3080 Cic.
443 3052 504 3081 Off.
532 3053 554 3085 Ι,
583 3054 644 3082 30:
683 3055 832 3083 Socrates
858 3053 1026 3083 simulator
1051 3053 1083 3081 in
1111 3053 1196 3082 omni
1224 3053 1394 3092 oratione),
1430 3053 1506 3082 licet
1530 3061 1640 3081 uerum
1667 3052 1721 3087 sit,
1759 3051 1912 3080 uocabula
1938 3050 2091 3080 simulator

261 3112 290 3137 et
318 3107 427 3137 <lio-sim.
454 3109 611 3141 absolute,
639 3109 694 3138 hoc
722 3114 780 3141 cst,
808 3119 869 3140 uon
896 3110 1007 3139 addito
1033 3110 1193 3147 genetiuo,
1220 3109 1324 3138 rarius
1350 3117 1367 3138 a
1386 3109 1553 3139 Veteribus
1578 3116 1648 3138 esse
1673 3107 1804 3137 usitata.
