2148 3412
241 121 322 164 522
871 130 979 164 ACR.
1005 131 1066 163 ET
1091 129 1260 163 PORPH.
1286 130 1435 164 COMM.

353 256 446 296 206.
482 255 597 297 Dixit
627 254 759 296 adhue
781 255 944 311 aliquid.
1003 253 1216 308 Loquitur
1246 268 1297 295 ex
1327 268 1506 309 persona
1536 267 1692 303 eorum,
1725 252 1797 308 qui
1826 252 2068 294 recedentes

239 344 264 370 a
293 328 456 384 pulpito
488 328 541 368 ad
572 327 693 369 ludos
737 328 870 369 ierant
905 327 1140 381 iterumque
1185 333 1441 368 reuertentes
1486 326 1716 382 requirunt,
1760 332 1899 368 utrum
1944 332 2068 381 poeta

239 401 403 456 aliquid
432 401 531 442 noui
562 401 629 442 uel
660 401 761 442 boni
792 400 959 450 dixerit,
993 406 1033 441 et
1061 400 1133 441 ille
1163 399 1270 440 nihil
1301 399 1412 441 boni.

352 476 446 517 208.
481 478 539 516 Ae
567 490 616 516 sne
645 476 750 530 sorte
773 483 903 530 putes.
979 473 1137 515 Sensus
1168 480 1246 514 est:
1292 471 1358 513 Ne
1388 473 1494 513 forte
1525 479 1658 528 putes,
1700 487 1767 513 me
1810 471 2067 527 uituperare,

173 559 191 590 5
240 548 352 604 quod
383 547 455 588 alii
486 548 644 589 faciunt
675 547 935 589 comoediam
968 553 1008 588 et
1037 546 1312 602 tragoediam,
1359 546 1459 599 quia
1505 544 1634 602 [ipse]
1682 560 1762 602 ego
1805 545 1879 586 illa
1923 559 2069 586 recuso

237 623 388 664 facere.
449 620 603 662 Dicam
634 620 725 671 tibi,
758 621 857 674 quia
888 620 958 660 ille
990 626 1114 674 poeta
1144 619 1311 660 uidetur
1340 619 1445 660 mihi
1476 619 1609 660 bonus
1642 633 1745 670 esse,
1777 626 1817 660 et
1847 633 1935 660 rem
1956 618 2068 660 diffi-

238 695 361 738 cilem
392 694 570 750 adgredi
601 708 736 749 posse,
768 700 808 735 et
839 693 959 748 quasi
988 692 1257 734 funambulus
1288 707 1365 747 per
1394 694 1537 734 funem
1569 692 1816 743 discurrere,
1849 692 1922 747 qui
1942 691 2069 733 etiam

238 769 290 810 de
320 768 437 809 inani
466 783 512 809 re
542 774 745 822 potestate
777 766 989 817 carminis,
1034 766 1276 807 moderatur
1306 766 1495 807 adfectus
1525 766 1655 806 animi
1686 765 1782 814 mei,
1825 772 1870 807 ut
1909 764 2071 820 aliquid

238 841 427 884 scribens
457 856 570 882 nunc
602 841 863 894 constringat
893 840 1080 881 animum
1113 839 1165 880 ad
1196 839 1394 888 dolorem,
1429 838 1577 895 [nunc]
1612 846 1812 894 prouocet
1847 838 1902 880 ad
1930 839 2068 890 fortia,

171 925 214 958 10
240 916 471 972 (quaeque)
502 914 682 957 mulceat
712 913 877 964 iterum,
909 928 1021 954 nunc
1051 919 1205 954 terreat
1235 919 1275 953 et
1305 912 1426 966 quasi
1446 927 1596 968 magus
1616 911 1845 968 promittat,
1878 926 1921 953 se
1942 925 2070 967 agere

238 1005 416 1045 magna,
462 988 661 1030 uidelicet
704 986 949 1029 describens
998 987 1137 1028 locum
1181 985 1426 1027 Thebarum
1468 985 1538 1027 uel
1582 986 1871 1036 Athenarum,
1914 985 2064 1028 uideor

240 1063 456 1118 (uidearP)
486 1062 591 1103 mihi
622 1075 688 1102 me
721 1060 900 1116 (statim)
931 1060 1013 1101 huc
1042 1059 1282 1101 transferre.

352 1137 447 1177 214.
487 1135 632 1177 Verum
662 1149 734 1190 aye
754 1142 791 1175 et-
809 1134 882 1175 his.
944 1131 1231 1175 Considerans
1261 1139 1387 1187 poeta
1416 1139 1589 1187 propter
1618 1132 1740 1174 ludos
1771 1132 1960 1174 scenicos
1989 1131 2065 1174 bo-

238 1224 315 1251 nos
344 1215 490 1265 poetas
522 1207 763 1262 contempni
793 1222 844 1248 ac
873 1221 957 1248 non
991 1206 1141 1247 leuiter
1184 1206 1299 1256 ferri,
1345 1221 1394 1247 ac
1439 1221 1515 1261 per
1558 1206 1638 1247 1100
1684 1206 1888 1261 quosdam
1931 1205 2069 1248 minus

172 1293 213 1325 15
241 1297 478 1338 conponere
510 1296 692 1330 carmen,
734 1280 833 1336 quia
863 1280 1038 1330 deesset,
1085 1280 1157 1335 qui
1188 1295 1237 1321 ea
1268 1279 1506 1321 discuteret.
1578 1279 1785 1321 Hortatur
1815 1278 2069 1336 Augustum,

238 1364 284 1398 ut
312 1357 407 1398 illos
437 1356 638 1405 hortetur,
671 1354 743 1410 qui
773 1354 886 1396 bona
917 1361 1172 1409 conponunt,
1213 1353 1296 1395 illis
1327 1368 1427 1395 uero
1460 1353 1743 1410 [calcaneum]
1778 1353 1916 1395 calcar
1946 1353 2068 1396 adhi—

238 1430 348 1481 beat,
381 1430 453 1484 qui
482 1429 635 1471 uitiosa
666 1428 866 1477 scribunt,
898 1434 943 1468 ut
973 1427 1160 1469 omnium
1192 1427 1380 1469 carmina
1411 1427 1567 1478 audiat,
1605 1441 1625 1469 e
1657 1426 1811 1483 quibus
1843 1427 2068 1470 bibliothe-

240 1519 332 1546 cam
362 1504 408 1544 in
437 1502 594 1558 templo
625 1500 841 1556 Apollinis
871 1502 1040 1542 faceret.

351 1578 445 1618 216.
476 1592 585 1618 mem.
619 1577 802 1633 Apolline
834 1576 1010 1630 de'ymcm.
1069 1575 1215 1617 Potest
1244 1575 1323 1617 hoc
1353 1574 1543 1630 intellegi
1576 1575 1715 1630 (Verq.
1746 1573 1800 1616 A.
1832 1573 1910 1626 VI,
1945 1576 2067 1631 662):

171 1661 214 1693 20
241 1651 394 1706 Quique
422 1651 485 1707 pii
510 1658 625 1692 uates
656 1658 691 1691 ec
726 1649 877 1691 Phoebo
910 1650 1032 1704 (liqna
1064 1649 1195 1690 locuti.

352 1725 446 1765 217.
478 1732 561 1766 παι.
595 1724 744 1765 addere
776 1723 925 1765 calcar.
992 1721 1042 1763 Id
1073 1727 1147 1772 est,
1194 1721 1408 1763 stimulum
1438 1728 1478 1762 et
1507 1720 1822 1764 inritamentum
1868 1722 2069 1765 carminis

240 1797 464 1839 scribendi.

356 1947 388 1986 1)
413 1947 571 1986 Loquitur
587 1964 625 1968 -—
640 1947 714 1976 boni
740 1956 765 1988 γ.
784 1947 854 1976 rell.
879 1956 941 1976 om.
989 1946 1024 1985 4)
1053 1946 1101 1976 Ne
1126 1946 1208 1976 forte
1232 1944 1327 1984 inquit
1349 1949 1443 1983 putes
1467 1954 1484 1974 ο
1508 1950 1630 1985 ααςμιείε
1653 1946 1727 1976 uelle
1751 1956 1801 1976 me
1826 1946 1889 1989 Βφ.
1938 1946 1973 1986 5)
1999 1946 2070 1987 quia

239 2013 323 2033 recu.
351 2004 454 2033 facere
478 2005 528 2046 γῑ).
549 2007 713 2041 propterea
738 2003 813 2041 quia
837 2012 888 2042 eqo
912 2002 966 2032 illa
990 2012 1074 2032 recu.
1100 2003 1121 2031 f.
1149 2002 1210 2044 Βφ.
1237 2003 1305 2031 rell.
1330 2002 1415 2041 quod.
1466 2003 1499 2041 7)
1526 2003 1616 2041 quasi
1634 2013 1694 2041 per
1706 2002 1913 2042 funambulum
1936 2003 2014 2034 disc.
2038 2013 2066 2045 γ.

240 2071 271 2099 q.
297 2061 330 2099 pi
354 2061 542 2090 funabulum
567 2061 647 2090 disc.
673 2059 758 2102 bsstp.
785 2061 876 2099 quasi
902 2060 1104 2089 funambulus
1129 2069 1184 2097 per
1209 2060 1317 2089 funem
1342 2060 1420 2088 disc·
1447 2057 1482 2088 C.
1512 2068 1678 2097 perperam
1703 2059 1761 2089 ref.
1788 2059 1833 2095 Q:
1871 2060 1916 2090 ‘ut
1941 2070 1997 2090 nos
2023 2059 2066 2091 C:

238 2117 456 2148 funambulum
475 2117 657 2156 perfunem
682 2117 760 2146 disc.
787 2134 829 2138 ff
859 2116 930 2155 (per
956 2120 1023 2146 ext.
1048 2115 1158 2145 funem
1182 2133 1224 2137 »-
1250 2116 1295 2145 ire
1320 2115 1414 2155 Hor.)
1451 2116 1542 2154 quasi
1561 2115 1800 2155 pe7·sunabulv'i
1823 2117 1901 2146 disc.
1927 2126 1957 2146 v.
1982 2116 2071 2155 quasi

232 2174 441 2213 funambulum
477 2175 555 2204 disc.
594 2183 640 2204 ca.
678 2174 769 2212 quasi
800 2183 861 2212 per·
884 2173 995 2213 funem
1031 2173 1111 2203 disc.
1149 2172 1195 2203 fh.
1222 2191 1264 2193 —
1288 2172 1376 2202 etiam
1400 2172 1503 2214 γϋΒφ.
1530 2176 1556 2201 et
1579 2172 1679 2208 vcaQ.
1717 2176 1744 2202 et
1767 2183 1825 2203 om.
1852 2173 1898 2204 fh.
1923 2177 1951 2202 et
1973 2173 2005 2203 ui
2029 2172 2064 2203 C.
2118 2195 2120 2199 ψ

237 2233 355 2270 uulgo:
382 2233 436 2270 qui
462 2233 561 2261 etiam
586 2235 651 2269 pot.
678 2240 773 2260 carm.
800 2231 838 2260 de
864 2231 918 2260 ina
942 2239 985 2259 re.
1013 2231 1065 2268 qui
1094 2231 1190 2260 etiam
1216 2230 1252 2259 de
1275 2229 1362 2259 inani
1384 2239 1418 2259 re
1438 2233 1579 2268 potestate
1604 2239 1700 2273 carm.
1725 2230 1809 2260 mod.
1828 2230 1891 2272 Bo.
1942 2230 1976 2269 8)
2002 2230 2066 2260 mei
2116 2233 2119 2258 ἐ

236 2289 279 2319 ita
302 2298 441 2328 eoepresse
464 2287 634 2317 describens
658 2287 782 2325 aliquid
807 2291 838 2316 ut
862 2296 947 2316 nunc
971 2291 1088 2316 constr.
1113 2286 1174 2329 Βφ.
1239 2286 1273 2325 9)
1304 2296 1387 2316 1111110
1413 2296 1472 2316 0111.
1498 2286 1675 2329 ⁵{bechzh
1712 2286 1811 2316 fortia
1847 2295 1977 2325 quaeque
2001 2286 2066 2329 Βφ.

237 2347 352 2376 iterum
377 2345 487 2375 seduno
512 2353 535 2387 φ
561 2344 697 2382 (seduno
723 2353 819 2382 expu.
845 2343 898 2383 B).
936 2347 1058 2373 terreat
1083 2354 1143 2374 om.
1170 2343 1208 2372 B.
1275 2342 1331 2382 10)
1356 2353 1490 2382 magnus
1521 2344 1551 2372 b.
1589 2352 1706 2381 magna
1743 2343 1906 2385 *sbBtp‚vca
1931 2343 1968 2373 C.
1995 2344 2065 2374 rell.

237 2403 368 2443 mayica.
394 2405 482 2432 recte
505 2411 626 2441 mcc-qna,
656 2411 729 2430 nam
754 2400 872 2440 massica
898 2400 1020 2440 (saera)
1045 2411 1109 2431 non
1134 2405 1273 2441 affantur,
1312 2401 1369 2430 sed
1381 2400 1473 2439 stmzt.
1501 2399 1567 2430 Cic.
1594 2400 1733 2438 Harusp.
1763 2400 1811 2430 15.
1837 2400 1983 2438 Propert.
2008 2400 2065 2437 ΙΙΙ,

239 2460 267 2495 9,
295 2460 348 2488 48.
415 2458 470 2497 11)
499 2459 636 2487 tebarum
660 2457 721 2500 Βφ.
759 2457 923 2486 theatrum
947 2467 978 2487 v.
1046 2456 1102 2497 12)
1127 2458 1247 2487 uideor.
1276 2457 1357 2486 mihi
1383 2466 1431 2486 mc
1458 2457 1520 2486 huc
1544 2456 1721 2486 transferre
1745 2466 1770 2498 γ.
1810 2457 1960 2486 uideatur
1985 2457 2066 2487 mihi
2122 2478 2123 2481 =

238 2516 348 2545 statim
374 2515 450 2544 illuc
475 2514 648 2544 transferre
672 2514 756 2556 Btpb.
794 2512 868 2551 (illi-1
892 2513 1095 2552 transferre).
1131 2514 1207 2543 mihi
1233 2514 1245 2542 i
1270 2523 1285 2542 e
1309 2513 1408 2543 statim
1433 2514 1495 2542 huc
1518 2513 1695 2542 transferre
1719 2523 1749 2542 v.
1785 2512 1860 2542 milti
1881 2513 1981 2543 statim
2004 2514 2066 2545 hue
2111 2529 2127 2543 .=

237 2570 392 2611 transfert
407 2580 453 2601 ca.
473 2580 517 2600 me
540 2571 639 2601 statim
663 2571 725 2600 huc
750 2570 904 2609 transfert
926 2569 1003 2605 th.
1029 2571 1142 2601 uideor
1167 2580 1226 2600 0111.
1246 2570 1448 2612 ΒερΝῑιοΐῇΩ.
1476 2570 1556 2599 mihi
1572 2569 1712 2599 uideatur
1728 2579 1760 2599 eo
1776 2579 1826 2599 me
1842 2570 1942 2600 statim
1958 2574 2065 2601 trans-

238 2627 321 2658 ferre
347 2627 383 2657 C.
411 2628 524 2657 ‘locum
550 2627 592 2657 ad
615 2624 722 2665 (uel‘i)
754 2626 878 2656 leebas'
904 2627 1053 2657 Diintzer
1075 2627 1131 2665 IV,
1158 2627 1233 2657 315.
1285 2627 1339 2667 13)
1366 2628 1573 2657 considerans
1598 2645 1641 2648 ——
1665 2626 1786 2657 faceret
1811 2628 1860 2669 Tb.
1886 2628 1967 2658 conf.
1994 2628 2064 2671 Βφε

238 2686 406 2715 ‘Hortatur
421 2685 615 2724 Augustum,
642 2688 677 2715 ut
702 2685 822 2714 faciant
845 2685 1077 2715 bibliothecam
1104 2686 1137 2714 in
1163 2685 1281 2722 templo
1299 2684 1476 2722 Apollinis.
1504 2683 1718 2714 Considerans
1745 2687 1840 2722 poeta
1863 2685 1964 2714 bonos
1990 2693 2063 2723 poe-

237 2746 287 2772 tas
312 2742 496 2780 contempni
523 2742 556 2771 in
581 2744 684 2770 teatro
709 2744 840 2779 propter
864 2741 957 2771 ludos
982 2752 1018 2772 ac
1043 2751 1105 2771 11011
1130 2742 1246 2771 leuiter
1271 2740 1475 2770 contumeliam
1499 2740 1583 2770 illam
1611 2740 1695 2770 ferre
1732 2741 1886 2778 quosdam
1921 2750 1994 2770 uero
2028 2751 2064 2771 ex

236 2798 291 2828 hoc
315 2799 422 2828 minus
448 2802 541 2827 caute
565 2797 703 2827 carmina
727 2807 916 2835 componere
940 2798 1092 2836 minusque
1102 2798 1204 2836 polire
1227 2803 1259 2827 eo
1282 2797 1360 2836 quod
1383 2807 1445 2826 non
1472 2802 1559 2827 esset
1583 2798 1637 2836 qui
1662 2796 1807 2827 subtiliter
1833 2807 1868 2827 ea
1892 2798 2065 2827 discuterit
2127 2806 2134 2826 1

235 2864 319 2893 quem
343 2854 467 2884 timeret.
516 2853 673 2884 Hortatur
696 2853 881 2892 Augustum
906 2858 937 2883 ut
959 2854 1078 2884 illorum
1101 2854 1326 2884 sollicitudinem
1361 2853 1465 2890 demat,
1504 2855 1557 2892 qui
1594 2853 1662 2883 bene
1697 2858 1894 2892 componunt
1931 2859 1962 2884 et
1997 2855 2063 2885 illis

236 2910 325 2939 etiam
350 2911 533 2940 calcaneum
558 2911 723 2947 adhibeat,
750 2911 805 2948 qui
830 2910 944 2939 uitiosa
969 2911 1111 2940 scribunt
1138 2911 1287 2941 audiendo
1312 2912 1452 2941 omnium
1478 2911 1629 2948 carmina,
1654 2921 1690 2941 ecc
1715 2912 1829 2949 quibus
1855 2911 2063 2941 bibliotecam

236 2966 355 2996 faceret
384 2968 417 2996 in
453 2967 572 3005 templo
598 2967 772 3005 Apollinis,
808 2970 843 2996 ut
869 2970 982 3004 poetae
1006 2967 1120 2997 maiori
1146 2969 1254 2998 studio
1280 2969 1423 2998 carmina
1448 2968 1612 2997 scribant.⁷
1678 2968 1734 3007 16)
1760 2968 1938 2998 calcaneum
1959 2968 2061 3011 γῦΒφ,

237 3023 330 3060 posui
355 3024 510 3052 usitatius
536 3033 603 3053 uoc.
629 3023 743 3053 calcar.
782 3022 865 3053 conf.
893 3022 959 3053 Cic.
986 3023 1074 3053 Brut.
1102 3024 1154 3053 56.
1192 3024 1263 3054 Att.
1289 3024 1344 3061 VI⁷
1374 3027 1387 3053 1
1415 3023 1629 3064 (admouere).
1696 3025 1750 3064 17)
1777 3025 1917 3055 omnium
1943 3034 2062 3054 carmen
2111 3035 2115 3048 ι

236 3079 286 3120 Tb.
312 3088 327 3108 e
351 3080 467 3117 quibus
491 3080 541 3121 Tb.
592 3079 650 3120 21)
676 3084 726 3110 est
742 3080 987 3110 irritamentum
1012 3079 1079 3122 γ,Ο.
1107 3084 1204 3110 recte.
1230 3081 1301 3110 Liu.
1315 3080 1414 3120 XXX,
1432 3083 1482 3112 11.
1507 3081 1624 3111 Iustin.
1649 3080 1766 3118 XXXI,
1793 3082 1823 3111 6.
1849 3081 1952 3112 Tacit.
1977 3081 2060 3120 Agr.

238 3135 292 3165 20.
319 3136 400 3166 conf.
427 3135 509 3166 Gell.
534 3135 605 3174 VII,
634 3138 672 3167 16
711 3137 912 3168 imitationes
937 3136 1063 3175 edendi,
1103 3140 1134 3168 et
1159 3137 1245 3168 Plin.
1268 3137 1307 3176 V,
1335 3139 1364 3169 9.
1400 3137 1473 3169 Liu.
1497 3137 1630 3177 XXXX,
1656 3138 1698 3169 27
1734 3138 1949 3168 inritamenta.
1985 3137 2058 3168 rell.
2119 3172 2123 3181 Ι
