2148 3412
225 123 307 163 414
855 136 951 168 ACR
991 135 1052 168 ΕΤ
1077 135 1246 169 PORPH.
1273 136 1421 170 COMM.

335 260 494 300 indictis
516 273 644 300 comes
664 259 723 300 ire
746 259 910 301 Latinis.
969 258 1109 301 Feriis
1138 259 1307 302 Latinis
1337 260 1381 301 in
1411 259 1516 302 urbe
1545 260 1616 315 agi
1647 259 1807 315 aliquid
1839 274 1923 302 non
1953 260 2053 303 liee-

223 330 306 381 bat,
338 332 417 373 1100
446 338 519 381 est,
546 330 628 388 [in]
650 331 862 381 nundinis,
895 345 1001 387 quae
1022 332 1193 374 incertis
1216 332 1364 375 diebus
1385 348 1469 375 non
1492 333 1720 388 praedictis
1741 333 1831 374 fieri
1853 332 2053 375 solebant.

337 405 401 444 94.
433 405 539 460 quod
570 412 615 445 te.
675 403 734 444 Hi
769 405 851 446 duo
883 419 1029 446 uersus
1060 412 1099 446 et
1130 421 1154 446 a
1174 405 1332 447 Maena
1354 406 1556 462 Philippo
1592 421 1682 448 esse
1714 405 1847 463 [sunt]
1881 406 1984 448 dicti
2013 413 2054 448 et

221 478 275 519 ab
307 477 486 519 Horatio
516 476 757 520 Maecenati
789 478 1069 533 (uidenturP).

155 560 174 590 5
337 550 422 607 [98.
455 553 598 593 metiri.
656 551 904 593 Mensuram
934 558 1077 593 tenere
1107 566 1423 607 unumqumque
1460 552 1611 609 decet]

335 639 478 667 uerum
509 633 576 666 est.
640 624 815 683 [Decet]
848 624 1010 667 Iustum
1042 633 1104 667 est
1134 632 1174 667 et
1205 625 1336 667 decet.

465 773 823 830 QSubterlapsa
854 773 1100 828 quaedam
1132 773 1330 815 scholia
1361 780 1408 814 et.
1438 772 1639 829 glossae
1671 786 1732 815 ex
1762 788 1798 826 γ.

333 849 370 889 8.
404 848 441 889 9.
474 849 605 904 opella
634 848 806 901 forensis
842 847 974 889 Addu.
1005 847 1136 901 febres
1167 855 1202 889 ec
1232 855 1464 889 testamenta
1495 848 1686 902 resiqrcat.
1760 844 1972 897 Ostendit,
2010 861 2053 889 se

154 928 195 960 10
220 933 297 975 per
326 928 526 962 aestatem
557 928 597 962 et
627 927 873 962 autumnum
904 927 1022 962 extra
1042 920 1221 962 Romam
1252 919 1408 961 morari
1443 925 1617 975 propter
1647 919 1825 960 nimium
1857 919 2051 961 calorem.
2119 920 2122 967 Ϊ

221 992 318 1046 Quo
348 1001 535 1050 tempore
579 995 765 1037 forenses
809 994 1000 1036 homines
1043 993 1291 1036 umbracula
1334 1008 1419 1034 non
1462 992 1665 1035 habentes
1709 992 1817 1034 febri
1860 993 2054 1034 laborant

219 1074 439 1122 cartasque
470 1067 665 1122 aperiunt
710 1068 917 1123 (aperient
962 1084 996 1121 γ.
1029 1064 1283 1123 componunt
1330 1065 1379 1109 C.
1411 1066 1668 1122 Hermann.)
1714 1066 1862 1108 timore
1905 1066 2052 1109 mortis

218 1140 490 1197 adsignantes
512 1156 582 1183 eas
603 1141 700 1183 filiis
721 1141 819 1184 suis.
2118 1187 2119 1203 ἶ

333 1216 397 1256 12.
430 1215 744 1272 Contractusque
775 1216 882 1271 quet.
941 1213 1052 1256 Prae
1078 1214 1238 1270 frigore
1266 1236 1322 1250 Ξ
1354 1212 1405 1256 C.
1425 1213 1687 1256 Positionem
1716 1213 1946 1270 legentium
1979 1227 2051 1255 ex·
2117 1205 2120 1211 ¹

152 1296 192 1328 15
217 1288 375 1344 primit.

333 1363 397 1404 13.
434 1362 532 1404 Cum
563 1362 764 1419 Zephyris.
821 1361 967 1404 Primo
997 1376 1099 1403 uere
1119 1382 1175 1398 Ξ
1201 1364 1242 1404 C.
1274 1363 1310 1403 si
1337 1362 1537 1404 concedes.
1599 1359 1648 1403 Si
1678 1360 1892 1402 licentiam
1922 1361 2008 1402 das.

331 1437 396 1477 14.
427 1436 533 1478 iubet
561 1436 713 1492 hospes.
774 1434 888 1478 Satis
919 1450 1082 1491 aspere,
1114 1435 1235 1490 quasi
1266 1435 1337 1477 ille
1367 1434 1516 1477 amicis
1547 1434 1633 1477 suis
1664 1434 1856 1490 imperet.

330 1510 396 1552 15.
426 1524 587 1551 uescere
617 1510 741 1551 sodes.
803 1508 949 1551 Verba
986 1507 1161 1551 Calabri
1181 1530 1237 1544 z
1259 1506 1309 1550 C.

331 1584 394 1625 16.
426 1584 517 1625 Iam
547 1585 643 1625 satis
673 1592 740 1626 est.
800 1581 947 1625 Verba
978 1582 1248 1625 comedentis.
1281 1582 1388 1624 conf.
1423 1580 1480 1624 C:
1512 1581 1644 1624 uerba
1673 1581 1875 1623 aduenae.

149 1663 190 1695 20
330 1665 372 1698 at
400 1664 454 1698 tu.
513 1656 658 1712 Inquit
690 1654 886 1699 Calaber.
920 1653 977 1698 C:
1011 1664 1055 1698 at
1085 1665 1139 1698 tu.
1187 1653 1384 1698 Calaber.
1444 1656 1620 1710 benique.
1666 1654 1718 1697 Id
1748 1662 1822 1706 est,
1868 1655 2049 1697 humane

214 1730 331 1773 facis.
363 1731 470 1773 conf.
505 1728 555 1773 C.

329 1805 393 1845 17.
424 1805 516 1848 Non
546 1806 692 1846 inuisa.
750 1803 927 1855 Litotes‚
958 1803 1003 1845 id
1027 1810 1100 1854 est,
1132 1818 1243 1846 cara.
1285 1801 1340 1846 C:
1373 1818 1482 1853 cara,
1498 1817 1590 1869 ,per
1619 1803 1776 1846 litoten.

330 1879 394 1919 18.
430 1879 529 1919 Tam
561 1886 694 1920 teneor
726 1879 841 1920 dono.
903 1876 1078 1920 Scilicet
1106 1884 1188 1920 tuo.
1222 1877 1383 1919 scilicet
1411 1892 1583 1919 uacuus.

330 1952 394 1992 19.
430 1952 480 1993 Ut
509 1952 610 1993 libet.
669 1950 789 1993 Dicit
822 1949 1017 1994 Calaber.
1078 1952 1285 2008 relinques.
1329 1950 1424 1993 Nisi
1445 1951 1602 2007 :pueris
1642 1951 1723 1994 tuis
1759 1950 2049 2007 deportaueris

147 2031 188 2061 25
216 2025 286 2079 (ea
315 2039 400 2067 non
430 2024 633 2067 obtuleris
666 2023 737 2081 C).

161 2093 163 2095 ¹
327 2099 393 2140 20.
425 2099 638 2154 Prodiyus.
699 2098 905 2140 Horatius
935 2099 1026 2141 1100.

327 2173 393 2213 21.
426 2172 539 2214 Haec
570 2188 689 2228 seqes.
750 2170 925 2214 Scilicet
953 2171 1048 2227 pira
1077 2172 1146 2214 uel
1176 2186 1314 2227 poma.
1338 2186 1368 2213 s.
1391 2170 1529 2213 arbor.
1562 2171 1668 2213 conf.
1693 2169 1749 2214 C:
1786 2171 1890 2214 haec
1921 2178 2045 2222 terra,

213 2245 317 2288 haec
347 2251 474 2287 aetas.

326 2320 392 2360 22.
423 2321 592 2375 myram.
651 2318 852 2370 Domino,
900 2319 973 2374 qui
1003 2318 1184 2374 gratiam
1215 2318 1369 2361 mereri
1399 2333 1483 2360 non
1514 2318 1660 2374 possit.
1719 2316 1860 2360 Aliter
1887 2316 1944 2361 C:
1991 2320 2047 2361 ait

146 2398 188 2431 30
214 2408 296 2435 esse
323 2401 523 2449 paratum.
585 2391 759 2435 Scilicet
790 2394 952 2434 donare.
985 2392 1047 2433 al.
1079 2392 1138 2434 ait
1167 2407 1258 2434 esse
1288 2401 1474 2448 paratus.

327 2468 392 2508 23.
425 2482 522 2508 aera
555 2468 637 2523 lup.
696 2465 748 2507 Id
779 2472 853 2516 est,
886 2481 994 2508 cara.
1026 2466 1134 2508 conf.
1167 2463 1216 2508 C.
2103 2452 2106 2499 1

325 2540 391 2582 25.
422 2540 547 2582 nolles
580 2539 693 2596 (sic).
753 2538 850 2581 Non
880 2540 957 2581 uis.
1019 2540 1229 2582 discedere.
1260 2538 1303 2580 A
1333 2546 1384 2581 te.

325 2614 391 2654 27.
424 2614 564 2654 reddes
592 2614 726 2655 ridere
757 2614 836 2655 dec.
895 2613 1044 2655 Risum
1075 2613 1302 2655 iuuenilem
1325 2636 1381 2650 Ξ
1404 2611 1454 2655 C.
2101 2601 2104 2646 Ῑ

326 2688 393 2729 28.
424 2688 570 2729 cinare.
632 2685 759 2728 Hanc
781 2701 824 2729 se
845 2701 1008 2729 amasse
1028 2687 1072 2728 in
1094 2687 1216 2729 tertio
1238 2687 1472 2729 carminum
1493 2686 1610 2728 dixit.
1666 2694 1897 2743 proteruae.
1929 2684 2043 2740 Quia
2100 2683 2102 2686 ’

146 2766 186 2797 35
212 2760 266 2801 ad
297 2759 426 2802 alium
461 2761 567 2802 forte
588 2760 821 2802 transierat.

351 2915 383 2953 1)
410 2915 518 2946 licebit
539 2924 566 2958 γ.
631 2915 667 2954 2)
695 2915 729 2945 in
754 2925 815 2945 om.
839 2924 867 2956 γ.
893 2923 973 2954 quae
1000 2933 1040 2935 —
1066 2915 1185 2946 solebat
1206 2925 1233 2957 γ.
1295 2916 1330 2955 3)
1356 2918 1388 2945 et
1411 2913 1476 2957 γ,Ο.
1502 2915 1574 2945 rell.
1601 2924 1661 2945 om.
1690 2932 1729 2934 —
1755 2923 1817 2944 esse
1842 2915 1918 2945 dicti
1941 2922 2041 2957 Kffivca.
2097 2922 2100 2981 ¹

214 2971 248 3010 5)
274 2970 377 3000 Mens.
404 2976 479 3002 tem.
505 2981 637 3011 unumq.
665 2981 726 3002 om.
754 2981 782 3014 γ.
819 2971 1003 3002 Mensuram
1028 2971 1146 3011 0002).
1173 2972 1375 3003 mensuratim
1398 2971 1486 3004 vafh.
1512 2989 1555 2993 —
1581 2971 1674 3001 decet
1708 2971 1806 3001 vcash
1841 2980 1902 3002 om.
1940 2970 2041 3011 C(Q)·
2096 2987 2100 3019 ᾗ

214 3026 297 3056 conf.
324 3027 394 3070 Βφε
419 3028 529 3058 metiri.
557 3027 757 3058 mensuratim
782 3032 901 3058 tenere.
926 3037 1075 3068 (laevaque.
1101 3038 1368 3068 unumquemque.
1404 3028 1532 3058 modulo.
1569 3037 1728 3057 mensura.
1748 3027 1835 3066 pede.
1872 3027 2039 3065 qualitate.
2094 3021 2099 3071 ,³

212 3092 317 3113 uerum
341 3088 384 3113 est
406 3084 444 3113 ad
471 3086 643 3115 ueritatem
667 3086 822 3124 pertinet.
849 3086 870 3114 i.
896 3086 1013 3115 decens
1039 3089 1096 3115 est.
1158 3085 1193 3124 6)
1218 3086 1321 3116 Decet
1346 3084 1374 3120 Q
1399 3085 1526 3115 dicens:
1554 3084 1680 3114 ‘Verum
1703 3087 1746 3113 est
1768 3084 1833 3122 ipsi
1857 3084 2041 3114 addidimus
2096 3097 2098 3164 J

215 3148 256 3169 ex
283 3138 337 3178 C'3
366 3141 420 3170 hic
445 3144 554 3171 autem
579 3142 693 3173 habet:
722 3142 850 3173 ‘Verum
873 3145 924 3172 est.
950 3150 1086 3180 aequum
1111 3146 1162 3172 est
1187 3151 1222 3172 ac
1245 3142 1359 3172 deeet.'
1385 3141 1509 3171 Iustum
1536 3157 1577 3163 -—
1602 3141 1694 3170 decet
1717 3149 1744 3182 γ.
1770 3140 1839 3170 rell.
1865 3149 1924 3170 om.
