2148 3412
754 117 802 149 IN
828 117 963 148 SERM.
991 117 1016 155 1,
1046 119 1096 149 10.
1756 107 1835 147 175

121 243 235 297 forte.
294 240 509 290 Validum,
546 239 589 281 id
620 246 701 282 est:
747 239 865 281 fortis
910 240 1000 295 ipse
1044 238 1196 281 Pollio.
1261 241 1364 296 Epos
1394 254 1472 295 pro
1503 240 1659 296 epodos.
1717 239 1836 295 Epos

13 321 148 358 autem
191 313 369 364 dictum,
416 313 528 368 quod
571 328 700 354 unum
744 327 913 354 uersum
957 312 1159 353 maiorem
1205 311 1349 362 habet,
1396 313 1572 354 alterum
1616 312 1834 354 minorem.

14 390 130 432 Forte
160 402 250 443 epos
283 385 459 442 [autem]
494 386 519 426 i.
551 400 584 426 e.
616 400 771 440 magno
802 385 962 440 impetu
993 399 1212 439 expressos
1241 400 1400 427 uersus.

120 461 187 501 44.
221 460 271 501 Ut
299 474 411 501 nemo
450 460 588 500 Varius
619 459 743 500 ducit.
779 459 893 500 molle
915 465 1030 513 atque
1049 459 1235 512 saeelum.
1297 457 1453 501 Varius
1484 459 1710 501 delicatum
1740 473 1836 500 uer-

13 548 102 577 sum
132 531 341 587 conponit,
372 531 398 573 i.
430 546 464 572 e.
495 546 618 573 nemo
649 538 693 572 ut
723 530 880 572 Varius
911 530 1090 572 dulciter
1121 530 1245 572 canit.

120 606 233 647 molle
264 613 341 661 atq.
371 606 550 659 facetum
587 605 695 660 Verq.
732 605 824 645 adn.
870 604 1089 658 qaudentes
1133 618 1232 645 rure
1277 604 1472 646 Camenae
1533 604 1639 661 [Hic
1669 605 1835 662 plena3]

13 694 108 722 nam
138 678 253 720 molle
281 686 395 734 atque
423 679 599 733 facetum
636 678 800 732 Veryz'lz’o
830 686 1062 719 annuerunt
1106 692 1205 719 rure
1251 678 1446 719 Camenae
1491 678 1517 718 i.
1564 693 1598 719 e.
1642 677 1838 734 Vergilio

12 758 301 795 concesserunt
329 751 481 793 Musae
513 749 730 806 Georgica
761 750 970 799 scribere3
1006 750 1254 807 [annuerant
1272 750 1451 807 Musae,]
1476 766 1574 792 nam
1594 751 1701 792 nihil
1721 751 1837 793 iocu-

10 825 95 868 lare
124 825 168 866 in
199 823 425 880 Georgicis
456 824 637 879 scripsit.
695 823 905 879 Apparet,
942 823 1014 865 illo
1044 831 1233 879 tempore
1265 823 1505 880 Vergilium
1539 824 1666 881 [sola]
1700 825 1837 866 adhuc

24 897 201 954 tantum]
235 896 438 939 Bucolica
469 904 508 938 et
540 895 758 953 Georgica
790 897 947 952 scripta
977 897 1187 938 habuisse.
1246 911 1356 938 rure.
1402 904 1576 953 propter
1608 896 1834 953 Georgica.

118 972 185 1012 46.
217 971 306 1012 Hoc
337 979 438 1021 erat,
485 978 648 1026 experto
695 972 854 1025 frustra
907 971 1085 1012 Varrone
1116 972 1298 1012 Atacino.
1359 971 1459 1012 Hoc.
1501 969 1655 1012 Satira.
1717 969 1837 1012 Ordo

13 1051 71 1087 est
99 1042 379 1085 inferioribus.
439 1042 535 1085 Hoc
566 1050 668 1093 erat,
700 1043 812 1098 quod
843 1058 923 1099 ego
953 1043 1102 1085 melius
1132 1058 1298 1099 possem
1330 1043 1514 1085 scribere
1535 1044 1561 1085 i.
1585 1059 1618 1085 e.
1651 1043 1837 1093 satiram,

11 1131 132 1174 quam
162 1116 292 1158 Varro
322 1115 530 1159 Atacinus
561 1123 601 1158 et
631 1116 703 1158 alii
733 1117 853 1158 multi
876 1116 988 1174 [qui]
1012 1117 1151 1159 conati
1182 1124 1278 1159 sunt
1312 1117 1509 1159 scribere.
1569 1117 1710 1159 Varro
1742 1117 1835 1173 qui-

11 1190 102 1232 dem
131 1189 351 1245 temptauit
381 1189 554 1231 satiram
585 1189 770 1232 scribere
800 1198 839 1232 et
871 1190 1040 1246 scripsit
1070 1190 1192 1240 male,
1225 1197 1265 1232 et
1295 1191 1390 1232 ideo
1420 1205 1506 1232 non
1537 1190 1681 1232 edidit.

118 1264 336 1305 inuentore.
395 1262 577 1305 Lucilio.
1127 1259 1129 1261 ¹

118 1337 260 1378 minor.
321 1335 408 1379 Sed
438 1336 613 1378 caeteris
643 1337 789 1378 maior.

120 1410 335 1452 detrahere.
395 1408 592 1452 Auferre.

118 1485 185 1526 48.
217 1498 339 1539 neque
371 1499 439 1539 eqo
469 1484 534 1525 illi
576 1484 784 1525 detrahere
831 1485 973 1526 ausim.
1047 1483 1209 1527 Rursus
1254 1484 1469 1526 Lucilium
1514 1483 1595 1526 sibi
1640 1484 1836 1539 praefert,

10 1557 105 1612 quia
134 1556 204 1598 ille
235 1557 428 1598 inuentor
457 1557 610 1599 satirae
645 1557 734 1598 fuit.

118 1631 183 1673 50.
215 1639 258 1673 at
287 1632 380 1673 disci
403 1631 474 1688 flu.
505 1631 542 1674 h.
575 1631 757 1673 lutulent.
820 1631 923 1673 Dm·
949 1631 1118 1687 quidem,
1158 1630 1211 1686 (Ι,
1243 1632 1303 1687 4),
1349 1630 1468 1672 illum
1509 1631 1630 1687 fluere
1674 1630 1835 1678 lentum,

10 1702 81 1746 sed
108 1702 264 1746 habere
292 1703 423 1746 multa
452 1703 677 1746 laudanda.
753 1702 929 1747 Glossa:
978 1706 1233 1746 lutulentum.
1267 1719 1395 1759 supra
1426 1718 1520 1746 cum
1550 1703 1698 1745 flueret
1726 1703 1836 1745 lutu-

10 1775 152 1818 lentus.

118 1850 183 1892 51.
215 1865 299 1906 αρε.
358 1850 681 1908 Interrogatiue.

117 1924 249 1966 Plura
279 1925 433 1981 quidem
455 1925 534 1966 toll.
558 1925 838 1980 relinquendis.
901 1922 1022 1976 Quae
1053 1922 1176 1979 plura
1206 1930 1344 1965 essent
1373 1939 1498 1979 quam
1531 1939 1592 1975 ea,
1632 1938 1739 1980 quae
1770 1939 1837 1965 re-

10 1995 303 2051 linquerentur.
363 1999 645 2054 relinquendis.
707 1996 845 2053 (Non)
879 1996 1255 2052 Contempnendis‚
1288 1997 1516 2039 imitandis.

120 2071 184 2112 53.
215 2072 252 2112 si
278 2079 418 2112 mutat.
479 2070 693 2112 Emendat
725 2071 789 2124 (ut
819 2070 1136 2126 reprehendat),
1169 2070 1357 2126 corrigit,
1389 2071 1616 2126 uituperat‚
1650 2070 1834 2112 inuertit.

119 2144 183 2185 53.
214 2144 272 2184 m‘l
303 2145 434 2185 comis.
495 2143 545 2184 Id
577 2149 659 2185 est:
693 2144 865 2199 elegans
896 2144 987 2199 ipse
1008 2143 1202 2185 Lucilius
1232 2158 1372 2185 nonne
1393 2144 1607 2199 uituperat
1627 2144 1835 2199 quaedam

121 2262 154 2303 1)
178 2263 330 2294 Validam
359 2282 397 2286 —-
423 2265 526 2295 Pollio
550 2274 576 2307 γ.
602 2266 675 2294 rell.
703 2275 764 2295 om.
785 2283 824 2285 —
845 2265 970 2303 epicum
995 2274 1124 2294 carmen
1149 2264 1294 2303 ualidum,
1321 2270 1353 2294 et
1378 2266 1522 2304 grauiter
1548 2275 1603 2295 seu
1628 2275 1745 2304 magno
1771 2266 1836 2304 spi-

11 2318 73 2349 ritu
95 2321 382 2358 pronunciandum,
410 2324 458 2350 est
484 2322 566 2351 enim
592 2322 725 2360 longum
750 2320 898 2360 C.forte.
923 2321 1068 2350 ualidum
1094 2320 1206 2351 Ambr.
1226 2339 1264 2342 -—
1286 2326 1317 2351 et
1341 2323 1424 2352 forte
1451 2326 1481 2352 et
1507 2323 1603 2352 molle
1629 2325 1660 2352 et
1684 2322 1835 2352 facetum.

12 2374 109 2414 Eepos
133 2375 196 2417 (sic
220 2378 251 2418 γ)
276 2387 334 2415 pro
360 2378 490 2415 epodos.
516 2378 603 2416 Epos
628 2383 725 2407 autem
749 2379 871 2408 dictum
896 2387 1001 2419 -(,mva
1026 2381 1057 2406 et
1082 2378 1161 2406 forte
1182 2395 1220 2397 —
1240 2378 1357 2416 epodos
1383 2388 1443 2408 om.
1470 2379 1539 2408 rell.
1590 2377 1625 2417 3)
1651 2382 1758 2408 autem
1776 2389 1835 2408 «m.

13 2439 110 2472 ·(‚mva
133 2442 238 2471 supra,
274 2434 328 2463 ubi
358 2434 418 2464 hoc
449 2435 549 2464 schol.
584 2436 777 2465 notauimus.
844 2435 879 2473 4)
905 2434 958 2463 Ex
990 2434 1112 2463 scholio
1144 2437 1244 2472 patet,
1276 2435 1375 2464 uerba
1405 2435 1491 2464 molle
1522 2439 1609 2474 atque
1629 2434 1769 2474 facetum
1796 2435 1837 2463 ad

12 2487 137 2519 Varium
162 2500 223 2519 non
247 2491 288 2520 ad
312 2491 493 2529 Vergilium
518 2500 589 2521 esse
613 2492 725 2521 relata.
758 2492 873 2521 Varius
898 2509 939 2512 ——
965 2492 1127 2529 componit
1149 2501 1263 2533 ⁴(‚mva.
1288 2491 1359 2520 rell.
1386 2501 1447 2520 om.
1513 2492 1547 2530 5)
1572 2491 1697 2521 dulciter
1721 2501 1835 2533 pmva.

13 2544 78 2575 rell.
113 2548 266 2584 grauiter.
331 2549 365 2586 6)
391 2547 523 2577 Lemma
558 2548 643 2578 molle
678 2553 763 2587 atque
783 2548 924 2587 facetum
955 2549 1164 2586 amplificaui.
1229 2548 1262 2586 8)
1290 2552 1467 2578 annuerant
1504 2548 1617 2577 Musae
1653 2557 1713 2577 om.
1738 2557 1764 2588 γ.
1796 2565 1837 2568 ——

13 2600 145 2631 ioculare
167 2612 281 2644 ·(,mva.
307 2604 376 2633 rell.
405 2604 596 2634 ioculariter.
649 2606 704 2644 10)
729 2608 856 2634 tantum
883 2615 943 2635 om.
969 2615 1064 2647 ·s‚mv.
1098 2605 1203 2634 adhuc
1234 2605 1312 2635 Buc.
1339 2609 1371 2634 et
1397 2604 1513 2643 Georg.
1540 2608 1652 2634 tantam
1683 2613 1744 2633 scr.
1764 2604 1837 2633 hab.

13 2665 40 2686 a.
63 2658 143 2688 conf.
170 2658 206 2689 C.
233 2660 302 2690 sola
327 2661 442 2690 inculc.
470 2661 507 2696 Q.
535 2679 577 2682 —
603 2666 733 2700 propter
760 2661 920 2700 Georgica
943 2671 969 2702 ⁴(-
997 2662 1065 2691 rell.
1092 2672 1152 2691 om.
1217 2661 1272 2700 11)
1298 2659 1407 2691 Satira
1431 2671 1457 2702 γ.
1483 2662 1552 2691 rell.
1578 2670 1638 2690 om.
1701 2660 1756 2698 13)
1784 2661 1837 2699 qui

14 2722 72 2745 om.
97 2724 188 2756 -s‚mv.
239 2717 294 2755 14)
320 2717 402 2746 male
427 2727 452 2759 γ.
479 2718 548 2747 rell.
575 2727 635 2747 om.
662 2718 734 2747 ideo
771 2728 832 2747 om.
859 2727 886 2759 γ.
924 2717 1041 2747 Totum
1080 2718 1178 2748 schol.
1215 2717 1316 2747 varro
1348 2735 1389 2738 ἢ
1424 2718 1529 2747 edidit
1553 2727 1614 2747 om.
1642 2716 1835 2757 G(Q)‚mva.

0 2767 69 2816 {15)
92 2770 217 2802 Lucilio
241 2782 267 2814 γ.
294 2773 361 2802 rell.
387 2783 448 2803 om.
516 2774 571 2813 16)
596 2774 704 2804 minor.
741 2773 804 2803 Sed
830 2775 947 2804 ceteris
972 2775 1074 2804 maior
1097 2784 1124 2816 γ.
1161 2775 1230 2804 rell.
1257 2784 1316 2804 om.
1383 2774 1438 2812 17)
1466 2773 1589 2803 auferre
1625 2783 1651 2814 γ.
1679 2773 1748 2803 rell.
1775 2785 1836 2805 om.

18 2823 70 2863 18)
92 2826 208 2857 Rursus
224 2838 249 2870 γ.
269 2829 340 2859 rell.
357 2830 499 2860 Rursum.
551 2831 606 2869 19)
633 2831 752 2860 satirae
768 2840 794 2872 γ.
814 2831 884 2860 rell.
903 2841 964 2861 om.
1015 2829 1073 2870 20)
1099 2832 1138 2860 Αι
1162 2831 1234 2860 dixi
1259 2840 1276 2872 γ
1301 2834 1332 2860 et
1358 2840 1441 2860 omn.
1468 2830 1543 2860 libri
1568 2829 1713 2860 Acronis.
1738 2831 1836 2861 Pauci

1 2875 82 2912 ³h8b.
107 2884 145 2913 Et
167 2885 249 2924 dixi,
275 2889 331 2915 aut
355 2895 443 2925 pure,
469 2891 505 2916 ut
529 2886 567 2924 E,
593 2890 649 2916 aut
672 2897 691 2916 a
720 2889 732 2916 1
761 2897 802 2916 m.
828 2897 920 2925 corn,
945 2890 980 2916 ut
1005 2887 1043 2916 B.
1065 2905 1103 2907 ᾈ
1121 2887 1204 2916 Dixi
1230 2897 1259 2925 q.
1286 2887 1332 2916 ill.
1358 2887 1409 2916 flu.
1436 2887 1494 2916 lut.
1521 2896 1547 2927 γ.
1573 2888 1642 2916 rell.
1668 2887 1751 2917 Dixi
1776 2888 1835 2917 lut.

2 2931 43 2990 {q-
65 2938 170 2970 fluere.
217 2942 275 2980 21)
302 2952 398 2981 supra
422 2953 448 2973 c.
466 2943 497 2972 fl.
517 2944 698 2973 lutulentus
716 2953 742 2985 γ.
759 2944 829 2974 rell.
846 2954 907 2974 om.
957 2944 1015 2982 23)
1040 2943 1278 2981 Interrogatiue
1301 2952 1328 2984 γ.
1355 2943 1424 2972 rell.
1451 2953 1511 2972 om.
1561 2944 1618 2982 24)
1646 2943 1836 2982 Contempn.

3 2992 94 3025 *imin
120 3005 145 3037 γ.
162 2997 229 3027 rell.
248 3007 307 3027 om.
327 2998 367 3028 C:
395 2999 524 3029 tollenda
549 3000 569 3029 i.
596 3000 767 3038 laudanda,
793 3009 852 3030 non
876 3000 1118 3037 contemnenda,
1146 3001 1202 3030 sed
1226 3000 1407 3030 imitatione
1432 3000 1540 3038 digna.
1590 3000 1647 3037 25)
1674 3000 1836 3030 Emendat

17 3066 56 3071 —
71 3051 229 3097 inuertity.
256 3056 276 3085 i.
304 3057 465 3094 emendat,
490 3056 691 3096 reprehendit,
718 3057 858 3095 corrigit,
883 3057 1048 3096 uituperat
1062 3056 1095 3086 C.
1122 3056 1249 3087 Scholia
1274 3057 1344 3087 Non
1370 3056 1454 3086 ridet
1469 3074 1500 3077 —
1524 3057 1717 3095 compositos
1743 3066 1784 3086 ex
1809 3067 1835 3099 γ.

6 3108 81 3146 1ΜΠ.
105 3118 163 3140 om.

1865 906 1904 938 10

1867 1274 1903 1304 15

1863 1640 1904 1672 20

1864 2009 1904 2039 25
