2148 3412
2118 0 2125 95 ἔ

221 152 302 192 362
857 162 963 193 ACR.
991 161 1050 192 ET
1076 159 1243 192 PORPH.
1270 159 1416 192 coium.
1439 188 1442 189 γ
2118 129 2123 242 Ι

2118 278 2122 341 ἐ

2119 343 2122 360 .

334 286 561 343 quaerenda
579 287 754 340 pecunia
768 286 948 341 primum
970 293 1035 326 est.
1095 283 1194 324 Alia
1227 283 1450 325 subiectio:
1488 282 1562 325 sed
1583 282 1728 325 dicunt
1747 282 1880 333 multi,
1912 282 2049 338 primo

221 359 484 415 quaerendas
515 373 604 399 esse
634 359 849 413 pecunias,
887 367 925 398 et
956 366 1049 412 post
1080 357 1290 398 uirtutem.
1351 355 1444 397 Hos
1479 356 1658 398 dicimus
1680 355 2049 412 contempnendos,

221 433 320 488 quia
349 440 603 473 mercatores
635 440 729 473 sunt
761 440 800 472 ct
829 431 987 481 uolunt,
1020 431 1216 471 uirtutem
1249 444 1337 471 esse
1370 438 1463 484 post
1491 429 1667 471 lucrum.

334 509 399 548 54.
431 507 523 547 haec
554 507 677 547 Ianus
708 521 888 547 summus
920 506 968 547 ab
999 507 1088 546 imo.
1164 503 1261 545 Duo
1294 504 1387 544 lam·
1423 510 1518 543 ante
1550 502 1780 545 Basilicam
1810 501 1934 544 Pauli
1970 510 2051 544 ste-

155 591 172 620 5
220 587 370 629 terunt,
402 579 474 621 ubi
506 588 593 620 era-t
615 579 733 621 locus
754 580 1076 620 foeneratorum.
1137 589 1325 617 ALITER:
1360 577 1486 618 lanus
1508 576 1725 618 dicebatur
1745 576 1874 627 locus,
1906 576 1950 617 in
1971 591 2052 631 quo
2118 585 2148 603 ³·

221 653 411 696 solebant
434 653 659 695 conuenire
690 654 988 703 foeneratores,
1020 652 1064 692 id
1095 661 1179 692 est:
1211 651 1282 706 qui
1315 650 1567 692 conueniunt
1590 650 1642 691 ad
1664 650 1826 700 Ianum,
1858 649 1961 691 haec
1990 649 2052 691 lo-
2117 667 2148 693 ι-

161 758 169 764 .
222 735 416 782 quuntur.
475 739 664 767 ALITER:
699 728 794 768 haec
828 727 953 768 lanus
984 741 1164 768 summus
1187 726 1233 766 ab
1255 727 1343 766 imo.
1402 724 1618 765 Maximus
1649 724 1852 779 imusque.
1913 722 2054 765 Homo

221 800 438 843 Romanus
468 801 547 842 hoc
579 800 693 842 dicit.

337 877 400 917 55.
434 875 643 917 Prodocet.
673 873 834 915 Mouet.
896 874 1056 915 (liciata.
1089 872 1210 925 Quae
1242 873 1284 913 in
1317 872 1470 914 scholis
1500 871 1729 926 accipiunt,
1771 870 1890 926 quasi
1920 885 2054 926 prae-

156 960 197 992 10
223 956 344 1004 cepta
375 964 398 989 a
429 947 674 1003 parentibus
706 947 815 987 data.
877 947 1040 989 Dictata
1073 945 1245 1001 proprie
1276 946 1485 996 dicuntur,
1518 960 1622 1000 quae
1653 944 1795 1000 pueris
1827 960 1851 985 a
1880 943 2054 985 librario

223 1022 445 1064 dictantur.
504 1032 692 1061 ALITER:
725 1020 777 1060 Id
808 1028 891 1062 est:
924 1020 999 1061 has
1028 1019 1194 1061 fabulas
1216 1034 1335 1061 senes
1357 1019 1522 1069 docent,
1559 1026 1597 1060 et
1628 1018 1763 1074 pueri,
1797 1018 1948 1073 quibus
1978 1033 2056 1073 par
2115 1016 2118 1039 ⁴

222 1095 462 1150 inperitia†)
495 1095 660 1135 animus
691 1101 765 1144 est,
798 1109 847 1136 ac
878 1108 954 1149 per
982 1094 1061 1135 hoc
1093 1103 1187 1135 sunt
1220 1093 1571 1148 contempnenda,
1603 1107 1710 1147 quae
1742 1092 1946 1134 dictitant.

335 1171 514 1211 iuuenes.
574 1168 659 1210 Pro
691 1168 846 1223 pueris.

338 1243 404 1284 56.
437 1244 622 1299 suspensi
650 1243 802 1284 loculos
825 1242 1080 1296 tabulamque
1102 1241 1262 1282 lacerto.
1324 1239 1596 1282 Consuetudo
1628 1240 1839 1295 quondam
1870 1239 1949 1281 fuit
1968 1239 2054 1281 Ro-

158 1329 197 1360 15
223 1331 330 1366 mae,
376 1325 420 1357 ut
449 1316 623 1357 iuuenes
653 1315 947 1371 philosophiae
978 1314 1191 1356 studentes
1222 1322 1260 1355 et
1292 1322 1504 1356 senatores
1537 1312 1711 1356 Curiam
1755 1314 2055 1366 (foeneratores
2114 1299 2117 1334 Γ

222 1391 266 1430 in
296 1389 467 1445 Ianum)
503 1390 707 1430 intrantes
738 1389 781 1429 in
812 1389 932 1430 laeuo
965 1388 1137 1430 brachio
1169 1389 1325 1430 ferrent
1355 1388 1519 1429 tabulas
1540 1388 1594 1428 ad
1615 1388 1776 1443 aliquid
1798 1388 2054 1429 exarandum

224 1472 263 1505 et
293 1463 451 1505 loculos
482 1464 536 1504 ad
567 1463 729 1518 aliquid
761 1462 841 1504 sibi
873 1462 1097 1503 emendum
1131 1462 1205 1516 (ad
1235 1463 1382 1503 foenus
1414 1462 1744 1517 accipiendum),
1781 1465 1798 1516 Η
1832 1469 1875 1503 ut
1907 1470 2056 1504 osten-

223 1538 405 1587 deretur,
452 1536 564 1591 quia,
611 1537 683 1591 qui
713 1536 859 1578 uolunt
890 1536 1042 1577 diuites
1073 1550 1176 1586 esse,
1224 1535 1456 1591 sapientiae
1489 1551 1532 1577 se
1578 1536 1715 1590 primo
1761 1535 1900 1577 studio
1946 1550 2056 1577 con-

222 1612 370 1652 ferant.
403 1613 419 1665 Η
449 1610 507 1666 [et
539 1620 598 1652 est
630 1610 858 1666 hypallage
890 1612 1072 1666 suspensi
1089 1611 1247 1652 ‘lacerto
1279 1625 1375 1665 pro:
1423 1611 1609 1651 habentes
1642 1611 1802 1652 tabulas
1834 1624 2056 1665 suspensas

156 1698 197 1729 20
222 1685 419 1741 lacertis]
482 1686 648 1727 loculos.
706 1684 758 1725 In
789 1684 940 1739 quibus
974 1683 1118 1740 [dixit]
1152 1683 1296 1739 stylus,
1337 1683 1518 1739 graphia
1550 1683 1802 1739 chartaeque
1832 1692 2055 1739 ponuntur.

337 1760 401 1801 57.
435 1760 506 1800 Est
536 1760 696 1800 animus
728 1759 806 1800 tibi.
866 1757 963 1799 Hoc
994 1758 1139 1799 dicunt
1168 1757 1230 1798 illi
1261 1756 1391 1798 anari.

336 1841 431 1874 sunt
460 1847 601 1874 mores.
663 1829 836 1873 Scilicet
867 1831 978 1873 boni.
1011 1831 1214 1873 Virtutes.
1277 1828 1593 1872 Confirmatiue.

337 1907 487 1961 linqua.
518 1905 751 1947 Facundia.

342 2040 372 2078 1)
401 2040 590 2075 Quaerenda
643 2058 653 2060 s
683 2040 806 2069 lucrum
831 2049 856 2080 γ.
884 2039 952 2069 rell.
979 2049 1037 2069 om.
1099 2040 1132 2077 5)
1159 2039 1210 2068 Ar.
1237 2047 1263 2080 γ.
1290 2038 1356 2067 rell.
1384 2048 1445 2068 0111.
1471 2038 1568 2068 Ianus
1595 2039 1623 2068 d.
1651 2039 1670 2068 l.
1708 2058 1739 2060 ff*
1764 2039 1994 2070 foeneratores.
2019 2039 2056 2069 Id

225 2101 286 2134 est,
311 2106 408 2126 omnes
434 2097 486 2135 qui
513 2097 720 2131 conueniunt,
758 2096 830 2125 haec
856 2095 1014 2134 loquuntur
1039 2096 1204 2133 (locuntur
1229 2096 1276 2133 v).
1314 2096 1344 2124 id
1372 2101 1431 2132 est,
1469 2095 1526 2125 has
1563 2095 1691 2125 fabulas
1730 2106 1823 2126 senes
1860 2097 1986 2133 docent,
2025 2100 2055 2126 et

223 2156 315 2194 pueri
339 2155 454 2193 quibus
475 2154 554 2192 pari
577 2153 650 2191 (par
674 2154 709 2191 v)
744 2153 908 2190 imperitia
932 2153 1059 2182 animus
1098 2156 1157 2185 cst,
1195 2156 1220 2181 et
1244 2162 1299 2190 per
1334 2152 1412 2181 haec
1448 2152 1511 2182 sint
1547 2154 1783 2183 contemnenda
1820 2163 1900 2192 quae
1937 2154 2054 2183 dicant.

224 2272 352 2306 antepo.
384 2267 455 2296 haec
485 2268 588 2296 Ianus.
655 2268 688 2305 9)
714 2266 808 2295 Prod.
841 2266 951 2295 Monet
978 2276 1003 2306 γ,
1030 2266 1098 2295 rell.
1126 2275 1186 2295 om.
1214 2264 1302 2300 Quae
1329 2283 1370 2285 Α
1396 2266 1472 2295 data
1497 2276 1523 2307 γ.
1551 2267 1621 2296 rell.
1649 2277 1710 2296 om.
1739 2266 1821 2296 conf.
1848 2265 1888 2296 C:
1923 2266 2053 2296 ‘dictata

224 2329 395 2363 praecepta
421 2334 439 2353 a
463 2325 656 2354 Parentibus
683 2328 713 2353 et
739 2324 871 2353 senibus
898 2324 993 2352 data.⁸
1047 2324 1100 2360 10)
1126 2322 1285 2351 Βίυῖῑιῖῆ-
1341 2322 1507 2352 dictantur
1532 2333 1557 2364 γ.
1585 2324 1655 2353 rell.
1681 2333 1740 2353 om.
1793 2322 1849 2361 11)
1875 2323 1914 2352 Αἰ
1939 2333 1966 2365 γ.
1984 2323 2054 2352 rell.

223 2391 282 2410 om.
314 2399 351 2402 ἢ
377 2391 435 2419 par
459 2391 509 2423 *ss
535 2387 566 2411 et
592 2380 628 2416 C,
656 2381 709 2419 qui
734 2381 850 2410 habet:
886 2379 1016 2409 *iuuenes
1041 2379 1109 2408 clc'ct.
1137 2388 1198 2408 sen.
1226 2379 1284 2408 11οο
1310 2384 1369 2416 est,
1408 2389 1498 2409 senes
1525 2380 1582 2410 hoc
1608 2381 1736 2417 docent,
1774 2385 1805 2410 et
1832 2382 1964 2410 iuuenes
1989 2380 2054 2409 dis-

224 2443 310 2475 eunt,
338 2439 454 2477 quibus
479 2439 635 2476 pecuniae
662 2438 770 2467 studio
796 2446 853 2475 par
878 2442 926 2466 est
953 2438 1077 2466 animus
1103 2437 1276 2474 imperitia.
1309 2441 1339 2465 et
1365 2445 1420 2474 per
1437 2437 1495 2466 hoc
1513 2440 1589 2466 sunt.
1607 2449 1632 2466 c.
1652 2447 1681 2475 q.
1701 2438 1742 2469 d]
1795 2434 1849 2477 12)
1875 2446 1911 2466 ac
1935 2446 1960 2478 γ.
1985 2436 2054 2466 rell.

224 2499 256 2523 et
283 2499 359 2524 sunt
383 2494 452 2535 *,'‚C.
478 2495 548 2524 rell.
577 2495 653 2524 sint.
682 2512 722 2514 ..A
750 2494 894 2523 dictitant
919 2493 986 2535 ·,',C.
1013 2494 1083 2523 rell.
1111 2493 1224 2523 dicant.
1293 2494 1348 2531 13)
1374 2493 1435 2523 Pro
1461 2495 1569 2531 pueris
1593 2503 1619 2536 γ.
1637 2494 1707 2523 rell.
1727 2504 1788 2523 om.
1850 2495 1905 2531 14)
1932 2502 2004 2532 qam
2025 2502 2053 2535 γ.

221 2552 292 2582 rell.
317 2552 479 2591 quondam.
507 2570 547 2572 >ss
574 2561 679 2581 romae
703 2561 729 2593 γ.
756 2551 825 2580 rell.
850 2560 909 2580 om.
970 2550 1025 2589 15)
1052 2551 1219 2580 studentes
1245 2560 1270 2591 γ.
1298 2551 1365 2579 rell.
1393 2559 1520 2588 operam
1546 2551 1670 2581 (lanteS.
1733 2549 1789 2589 16)
1815 2551 1854 2580 ad
1881 2550 2003 2588 aliquid
2027 2558 2053 2587 γ.

225 2609 265 2638 ad
290 2609 444 2647 quoddam
470 2618 500 2637 v.
526 2609 594 2638 rell.
622 2609 661 2637 ad
688 2608 847 2646 quiddam.
917 2608 971 2645 18)
1001 2617 1034 2637 se
1059 2616 1118 2636 om.
1146 2617 1171 2648 γ.
1215 2606 1360 2637 conferre
1385 2617 1411 2648 γ.
1439 2608 1507 2637 rell.
1546 2607 1716 2638 conferant.
1756 2607 1925 2637 Caeterum
1954 2609 2052 2645 patet,

225 2667 305 2695 hanc
330 2667 443 2696 scholii
470 2670 593 2704 partem
620 2666 679 2695 huc
705 2675 766 2695 non
797 2665 969 2703 pertinere.
1006 2665 1112 2694 Verba
1136 2669 1167 2693 ut
1205 2683 1231 2685 ⁷—
1257 2662 1416 2699 conferant
1451 2665 1566 2694 insana
1604 2669 1678 2694 sunt
1714 2668 1809 2702 atque
1846 2663 2053 2702 interpolata.

226 2722 400 2761 Sapientiae
424 2732 454 2751 se
479 2722 620 2762 conferre
644 2722 740 2751 studio
766 2731 830 2751 non
856 2721 972 2751 Latina
999 2725 1047 2751 est
1075 2722 1204 2752 locutio.
1232 2722 1312 2750 conf.
1341 2721 1435 2759 Verg.
1462 2722 1502 2750 A.
1529 2721 1569 2757 X,
1597 2722 1670 2751 734.
1701 2723 1781 2751 735:
1807 2730 1893 2760 seque
1915 2720 1983 2750 uiro
2005 2719 2054 2749 uir

227 2778 361 2809 Contulit.
387 2780 499 2818 Neque
524 2780 634 2818 offerre
660 2779 804 2815 uerbum,
832 2787 935 2816 neque
960 2788 1136 2808 consecrare
1162 2779 1265 2808 locum
1292 2778 1467 2807 efficaciter
1493 2782 1599 2814 sanat,
1625 2779 1651 2807 si
1678 2779 1865 2816 scripseris:
1890 2778 1952 2806 Hoc
1968 2775 2052 2813 dixit,

226 2841 260 2866 ut
285 2837 478 2873 ostenderet,
505 2846 562 2873 eos,
589 2846 618 2874 q.
645 2846 675 2865 u.
703 2836 732 2864 d.
762 2845 789 2871 e,
815 2844 882 2873 sap.
911 2844 943 2865 se
969 2845 998 2872 p.
1026 2844 1049 2863 S.
1074 2834 1190 2873 offerre
1216 2834 1327 2864 debere.
1396 2834 1450 2872 19)
1479 2839 1509 2864 et
1535 2840 1583 2864 est
1609 2835 1683 2874 hyp.
1718 2852 1759 2855 W<
1784 2835 1914 2864 lacertis
1940 2843 2000 2863 om.
2024 2842 2052 2874 γ,

226 2892 385 2931 hypalage
410 2903 440 2921 v.
502 2892 559 2931 20>
585 2892 623 2921 In
650 2892 766 2930 quibus
790 2891 867 2921 <lixit
890 2891 988 2929 grafia
1013 2892 1185 2930 charteque
1210 2895 1373 2929 ponuntur
1396 2901 1422 2933 γ.
1460 2901 1517 2929 pro
1542 2891 1619 2920 dixit
1641 2892 1734 2929 posui
1761 2892 1866 2931 stylus
1894 2885 2049 2929 (στύλος).

226 2948 309 2978 conf.
338 2949 442 2979 Plaut.
469 2949 585 2979 Bacch.
611 2949 666 2981 IV.
693 2950 722 2987 4,
751 2950 808 2979 63:
847 2949 979 2987 stylum,
1010 2958 1112 2978 ceram
1139 2953 1168 2978 et
1195 2948 1333 2978 tabellas
1360 2952 1389 2977 et
1416 2949 1518 2977 linum
1544 2947 1631 2977 effer.
1669 2947 1755 2977 Plin.
1783 2947 1822 2977 E.
1848 2947 1918 2984 VII,
1945 2948 1996 2982 27,
2023 2947 2051 2975 7.

227 3003 365 3040 Quintil.
391 3005 414 3042 Ι,
447 3008 472 3042 l,
499 3006 551 3035 27.
579 3005 659 3035 Cum
685 3006 819 3044 pluralis
845 3004 979 3043 graphia
1006 3003 1155 3047 (γράφεῖει
1181 3015 1204 3033 ε.
1230 3002 1347 3048 γρείφια
1365 3023 1405 3025 --
1424 3001 1586 3048 γραφείόια
1611 3014 1635 3033 s.
1661 3001 1824 3048 γραφίὸια)
1850 3004 1974 3042 positus
1998 3003 2052 3038 sit,

226 3070 288 3091 non
314 3061 479 3100 graphium
503 3063 524 3091 i.
553 3072 578 3092 e.
606 3063 722 3102 stylus,
755 3063 811 3092 sed
828 3080 879 3106 f—
906 3063 1120 3091 instrumenta
1158 3062 1322 3091 scribendi
1359 3061 1579 3100 intellegenda
1615 3064 1699 3090 sunt.
1764 3061 1822 3099 22)
1842 3070 1875 3095 s.
1901 3059 1978 3090 boni
2001 3059 2050 3102 ⁸(b.

225 3118 295 3148 rell.
321 3128 380 3148 om.
405 3119 543 3149 uirtutes
568 3128 594 3161 γ.
622 3120 691 3148 rell.
717 3128 776 3149 om.
803 3119 1025 3150 confirmatiue
1050 3119 1099 3160 ·‚>b.
1126 3118 1196 3147 rell.
1223 3128 1283 3149 0111.
1334 3119 1390 3158 23)
1417 3118 1583 3148 Facundia
1607 3118 1637 3148 b.
1663 3117 1732 3147 rell.
1759 3127 1820 3148 om.

2113 1507 2116 1526 1

226 2211 377 2249 Suspersi'
404 2215 463 2240 etc.
489 2208 652 2248 th(G·‘.¹).
680 2219 759 2248 quae
786 2210 902 2239 dictant
924 2219 976 2238 va.
1025 2209 1068 2238 A}
1093 2218 1117 2249 γ.
1145 2209 1214 2237 rell.
1242 2218 1302 2238 om.
1327 2218 1456 2238 summus
1511 2228 1521 2229 e
1550 2210 1629 2239 dicit
1655 2220 1680 2251 γ.
1708 2211 1776 2239 rell.
1803 2220 1863 2240 om.
1899 2209 2055 2239 Lemmati
2107 2012 2112 2252 i

2107 2255 2111 2331 i

2104 2576 2108 2704 !

2104 2710 2107 2747 l

2102 2748 2107 2847 i

2101 2899 2105 2973 Ι

339 3174 370 3214 1)
397 3176 550 3214 imperitis
573 3176 807 3206 Hirschfelder.
2099 3156 2103 3199 i
