2148 3412
0 1593 2 1632 ρ

0 1699 4 1794 ἑ

0 1810 5 1891 l

0 1895 5 1963 ξ

0 1987 6 2024 ,ἱ

3 2042 5 2057 ι

3 2063 6 2087 t

753 132 802 164 [Ν
827 132 962 165 SERM.
988 133 1014 172 1,
1040 136 1070 164 2.
1803 123 1856 164 45

37 263 152 300 cutus
182 255 423 311 opinionem
455 254 706 306 Stoicorum,
751 256 823 311 qui
853 255 993 298 onmia
1037 262 1211 311 peccata
1254 256 1375 311 paria
1419 270 1509 298 esse
1552 256 1710 298 dicunt.
1767 255 1859 299 Nec

37 331 149 373 enim
171 329 231 370 rei
252 329 459 371 admissae
481 330 754 384 quantitatem
777 329 848 371 sed
871 329 1128 371 admittentis
1149 330 1406 371 uoluntatem
1427 336 1627 386 spectant.
1668 329 1859 386 Togatae

37 411 172 446 autem
192 403 235 443 in
257 401 474 457 publicum
495 402 723 457 procedere
745 402 1004 457 cogebantur
1023 403 1204 444 feminae
1227 403 1421 444 adulterii
1437 403 1610 445 admissi
1627 405 1857 449 conuictae.

147 476 325 517 64—66.
364 476 505 517 Villius
536 477 579 517 iu
611 477 768 517 Fausta
799 476 937 532 Syllae
973 491 1010 531 9.
1048 477 1084 517 h.
1120 491 1170 517 m.
1208 491 1247 517 u.
1287 477 1454 518 Nomine
1494 477 1575 519 dec.
1611 492 1701 533 peu.
1743 479 1859 521 dedit.

36 548 189 592 Villius
219 563 296 603 pro
326 547 471 590 Annio
502 549 619 589 dixit.
694 548 861 590 Annius
892 556 1030 590 autem
1061 549 1168 591 Milo
1199 549 1371 591 maritus
1401 550 1477 592 fuit
1508 549 1704 599 Faustae,
1751 550 1859 594 Cor-

34 622 133 664 nelii
157 619 299 676 Syllae
321 621 444 671 filiae,
479 622 549 676 qui
572 637 596 662 a
616 622 777 663 familia
797 621 1045 679 Longareni
1077 624 1133 679 (52)
1166 623 1344 664 adulteri
1374 624 1517 666 uxoris
1548 639 1659 675 suae,
1692 625 1859 668 rediens

38 711 63 737 a
93 709 222 737 caena
251 702 346 736 ante
377 695 501 737 aedes
540 711 648 746 suas,
694 710 746 737 ne
777 696 1013 737 adulterum
1044 697 1389 751 deprehenderet,
1436 697 1593 753 pugnis
1623 712 1769 740 caesus
1800 706 1861 741 est

36 777 76 811 et
102 768 213 810 ferro
244 769 512 823 perterritus3
546 784 669 824 quem
700 769 758 810 ait
787 769 902 810 nulla
933 769 1016 810 alia
1046 784 1091 811 re
1135 769 1179 810 in
1224 769 1333 811 hanc
1377 770 1573 812 iniuriam
1620 786 1670 813 ac
1715 781 1860 814 contu-

37 841 206 883 meliam
250 841 471 892 recidisse,
523 857 647 897 quam
694 843 807 897 quod
851 857 1030 899 magnae
1079 843 1310 885 nobilitatis
1355 858 1527 885 uxorem
1572 844 1728 886 habere
1774 846 1860 887 ad-

39 915 268 957 fectauerit.

148 989 213 1030 68.
244 987 338 1030 huie
369 989 407 1029 si
432 989 626 1031 Muttonis
657 1003 696 1029 u.
727 1003 776 1030 m.
809 997 833 1030 t.
864 1004 903 1030 u.
936 990 973 1031 cl.
1004 990 1041 1032 Ιι.
1073 1005 1110 1030 α.
1170 991 1392 1033 Mullouem
1421 1004 1498 1045 pro
1528 990 1643 1032 uirili
1672 991 1861 1033 membro

37 1060 141 1102 dixit
171 1062 370 1103 Lucilium
399 1061 602 1110 imitatus3
649 1062 720 1103 ille
751 1062 904 1103 etenim
936 1062 979 1103 in
1000 1062 1111 1104 VIII
1132 1063 1289 1118 (Lucil.
1310 1064 1461 1119 fragm.
1484 1063 1607 1115 VIII,
1632 1066 1682 1106 11
1708 1063 1860 1120 (ἔτει-1.).

37 1134 96 1177 sic
126 1134 202 1176 ait:
237 1138 270 1176 A
303 1135 419 1176 laeua
451 1136 635 1177 lacrimas
665 1137 842 1178 Multoui
869 1137 1065 1191 absterqet
1094 1138 1239 1178 amica.

149 1209 215 1249 72.
247 1208 312 1249 73.
344 1217 385 1249 at
416 1223 449 1264 q.
480 1223 529 1249 m.
561 1223 610 1249 m.
640 1224 679 1265 p.
710 1211 733 1250 i.
767 1210 803 1250 cl.
837 1225 870 1251 o.
901 1225 939 1250 u.
972 1224 1080 1251 suae.
1141 1208 1311 1261 Quanto
1342 1210 1517 1252 meliora
1546 1217 1701 1261 monet,
1734 1226 1860 1266 quam

38 1296 143 1338 quae
174 1288 244 1322 tua
266 1287 415 1322 natura
445 1281 652 1323 aestimas.
712 1281 829 1323 Bene
860 1289 998 1324 autem
1030 1282 1143 1324 dicta
1174 1284 1284 1324 diues
1315 1286 1399 1339 opis
1429 1298 1523 1325 suae
1543 1293 1726 1334 naturae,
1759 1299 1862 1339 quo-

36 1355 163 1405 niam,
196 1362 397 1410 quantum
428 1362 487 1395 est
519 1355 562 1395 in
593 1355 698 1409 ipsa,
730 1370 815 1396 non
846 1355 1026 1411 denegat
1057 1356 1316 1411 uoluptatem
1348 1356 1596 1411 simpliciter
1617 1357 1861 1411 quaesitam.

150 1429 214 1470 76.
248 1437 314 1470 tuo
344 1443 384 1469 u.
416 1443 450 1469 r.
483 1428 634 1470 labores
666 1443 704 1470 u.
735 1443 765 1470 r.
793 1444 834 1485 p.
893 1428 986 1470 Tuo
1017 1429 1119 1470 uitio
1150 1429 1328 1478 laboras,
1369 1429 1404 1471 si
1434 1437 1667 1471 matronam
1699 1445 1863 1472 concu—

37 1502 188 1559 piscas,
219 1516 358 1543 rerum
380 1508 532 1552 autem,
565 1502 598 1543 si
629 1502 841 1543 feminam.

150 1577 216 1618 81.
249 1578 298 1617 sit
329 1577 354 1617 l.
384 1576 457 1617 hoe
492 1576 669 1617 Ceriullie
700 1584 724 1618 t.
786 1575 965 1631 (Puerfst)
999 1574 1225 1617 Cerinthus
1256 1576 1424 1617 nomine
1446 1576 1690 1632 prostitutus
1712 1576 1865 1618 dicitur

38 1648 164 1691 fuisse
192 1649 352 1705 insigni
383 1648 523 1704 specie
553 1656 676 1704 atque
708 1649 902 1691 candore.

151 1723 216 1764 83.
248 1724 360 1764 Adde
390 1723 468 1764 leue
498 1738 531 1779 q.
562 1738 612 1764 m.
643 1738 673 1764 s.
705 1724 733 1777 f.
764 1732 892 1778 qestat
922 1726 1071 1779 apertis
1102 1732 1137 1765 el
1167 1724 1333 1779 reliqua.
1391 1722 1529 1764 Adice
1560 1737 1684 1772 nunc,
1716 1723 1864 1778 inquit,

41 1796 94 1837 ad
124 1797 343 1838 commoda
373 1810 529 1846 eorum,
575 1796 646 1851 qui
678 1797 925 1851 simpliciter
954 1796 1221 1838 meretricum
1260 1796 1484 1837 concubitu
1530 1796 1713 1837 contenti
1758 1803 1864 1846 sunt,

42 1870 151 1924 quod
182 1870 295 1911 nullo
326 1870 534 1911 lenocinio
564 1877 671 1911 tecta
702 1878 772 1910 aut
803 1871 942 1911 fucata
972 1884 1151 1924 corpora
1181 1869 1223 1909 in
1255 1885 1331 1910 usu
1353 1869 1505 1910 habent
1527 1870 1744 1924 nudasque
1766 1883 1866 1911 con-

158 2002 189 2040 1)
217 2003 418 2041 oppinionem
444 2002 486 2031 M.
552 2004 586 2042 2)
614 2002 695 2031 enim
721 2012 782 2031 om.
810 2002 896 2031 vassl.
927 2019 962 2022 —--
994 2003 1132 2031 amissae
1164 2002 1198 2031 M
1224 2002 1374 2041 (Halm.)
1409 2002 1541 2032 admissi
1564 2002 1598 2031 R.
1632 2003 1811 2040 quantitate
1834 2002 1867 2031 M

44 2058 193 2099 (Halm)
243 2060 277 2098 3)
303 2059 459 2089 foeminae
483 2059 517 2088 M
542 2059 692 2097 (Halm).
740 2059 775 2098 4)
803 2058 909 2097 Syllae
934 2058 976 2088 M.
1004 2058 1165 2088 infaustae
1189 2059 1263 2088 silae.
1289 2058 1328 2088 G.
1355 2058 1436 2088 conf.
1462 2058 1535 2088 Acr.
1598 2059 1632 2097 5)
1659 2060 1729 2088 auio
1755 2063 1791 2088 ut
1816 2068 1867 2088 su-

43 2125 108 2155 pra.
123 2134 162 2137 -ν
179 2117 290 2145 annius
308 2116 351 2145 M.
400 2117 435 2155 6)
461 2117 513 2154 qui
537 2115 674 2152 familia,
700 2125 761 2145 om.
788 2114 916 2152 a‚M⁴2G.
944 2114 1129 2153 longarenia
1154 2114 1301 2153 MG(Q)2
1330 2116 1364 2153 (2
1380 2125 1420 2144 m.
1447 2115 1509 2144 del.
1529 2115 1538 2143 i
1558 2125 1635 2145 corr.
1662 2115 1867 2153 longareuu),

44 2183 73 2203 v.
98 2173 167 2203 rell.
193 2173 369 2211 longarem'.
395 2172 527 2202 (adulteri
549 2183 598 2201 nx.
623 2181 694 2201 suae
719 2181 778 2201 om.
805 2171 892 2201 vasli.
919 2189 960 2191 ῌ
986 2172 1114 2201 rediens
1141 2181 1214 2200 cena
1239 2176 1312 2201 ante
1337 2171 1408 2201 edes
1423 2171 1466 2209 M,
1492 2181 1552 2201 om.
1579 2181 1606 2202 a.
1633 2171 1788 2202 adulteris
1812 2181 1868 2200 ux.

45 2229 84 2259 A.
109 2230 176 2258 red.
194 2238 212 2258 a
228 2238 324 2259 caena
348 2229 418 2265 ΗΝ.
469 2229 503 2268 7)
529 2228 720 2258 adulterium
748 2229 776 2257 2.
792 2246 832 2248 --
847 2228 963 2266 pugnis
988 2237 1090 2257 caesus
1116 2227 1251 2266 (collisus
1270 2227 1371 2267 plagiis
1396 2226 1433 2265 C)
1459 2237 1522 2257 non
1548 2232 1595 2256 est
1621 2237 1650 2265 p.
1679 2226 1868 2256 interfectus

47 2286 103 2316 sed
127 2290 277 2315 contusus
303 2286 408 2315 Plaut.
435 2285 549 2314 Bacch.
576 2284 634 2322 ΙΙΙ,
659 2287 689 2321 3,
717 2286 769 2322 46,
796 2289 946 2314 oneratus
972 2285 1076 2314 Plaut.
1103 2284 1217 2322 Amph.
1243 2284 1269 2321 Ι,
1299 2286 1325 2321 1,
1357 2284 1428 2320 172,
1466 2287 1502 2313 ut
1527 2292 1631 2312 caesus
1652 2283 1760 2322 puyuis
1785 2283 1869 2320 apud

46 2343 180 2372 eundem
205 2341 298 2371 Curc.
324 2342 349 2378 Ι,
375 2343 404 2379 3,
431 2343 483 2371 48.
510 2341 603 2371 Truc.
629 2342 682 2379 IV,
710 2342 738 2377 2,
766 2343 816 2378 55,
843 2342 925 2379 apud
952 2341 1082 2371 Terent.
1108 2341 1145 2372 A,
1164 2341 1189 2377 I,
1209 2342 1238 2378 2,
1258 2341 1316 2370 28:
1343 2349 1453 2369 caesus
1477 2339 1659 2368 uerberibus.
1688 2338 1770 2368 conf.
1790 2338 1869 2368 Hor.

48 2459 79 2486 te
103 2456 199 2485 reieci
225 2460 320 2493 atque
331 2454 497 2493 pei-terrui.
519 2459 637 2493 petitus
655 2454 765 2494 (Hor.)
784 2454 882 2489 ashQ.
932 2455 966 2493 9)
991 2455 1148 2483 recidisse
1165 2452 1410 2491 MR2G(Q),va.
1427 2453 1580 2482 incidisse
1603 2452 1649 2481 ssi.
1703 2450 1758 2490 12)
1785 2451 1872 2481 dixit

0 2512 3 2525 '
47 2511 234 2550 MR2‚vafh.
261 2512 339 2542 dicit
364 2512 461 2541 tacite
487 2511 602 2540 inculc.
630 2510 668 2546 Q.
688 2511 792 2549 posuit
817 2512 845 2540 2.
875 2529 911 2531 -ν
941 2511 1058 2540 etenim
1086 2511 1139 2538 ille
1171 2509 1305 2547 MGffQ).
1339 2510 1395 2538 ille
1428 2510 1544 2538 etenim
1574 2508 1632 2537 Ra.
1666 2507 1805 2545 (ewenim
1835 2508 1870 2546 v)

49 2568 125 2598 vafh
148 2579 168 2598 a
190 2569 283 2598 laeua
318 2567 387 2597 AG.
419 2567 506 2597 alena
530 2567 564 2596 M
600 2568 663 2606 (sic
687 2567 812 2605 Halm.)
850 2577 880 2596 V.
918 2568 964 2596 ait
1002 2567 1098 2595 Laeso
1133 2566 1194 2595 iam
1219 2566 1373 2604 lachrym.
1412 2565 1478 2594 afh.
1505 2574 1522 2594 a
1547 2566 1638 2594 laena
1664 2564 1809 2593 lachrim.
1836 2563 1872 2592 R.

50 2625 216 2656 Muttonis.
250 2629 431 2654 muttonem.
464 2625 604 2654 muttoni
638 2623 776 2662 MGQ).
810 2625 927 2653 muloni
960 2623 1088 2659 P.‚vafh.
1120 2623 1153 2651 in
1178 2621 1253 2650 VIII
1278 2622 1315 2650 A.
1343 2622 1376 2650 in
1400 2631 1419 2650 u
1438 2618 1451 2661 [Ι
1470 2621 1501 2649 Μ
1528 2620 1677 2658 (Halm)
1711 2620 1767 2649 rel.
1799 2619 1872 2648 IIII.

51 2686 105 2711 aut
129 2683 159 2711 4.
210 2680 265 2720 14)
291 2691 385 2720 quam
409 2685 440 2710 ιιι
467 2690 540 2720 quae
566 2685 633 2710 nat.
660 2681 807 2710 aestimat
830 2680 896 2709 afli.
922 2690 1014 2718 quam
1039 2688 1112 2718 quae
1136 2682 1188 2708 tua
1212 2681 1277 2707 nat.
1304 2678 1455 2706 aestimas
1471 2676 1551 2706 RGv
1570 2676 1751 2714 (aestiuas).
1779 2685 1873 2714 quam

53 2747 133 2777 quae
157 2742 209 2767 tue
235 2741 349 2767 natura
374 2739 503 2767 estimas
528 2737 561 2766 M
587 2737 736 2775 (Halm).
804 2737 858 2774 15)
885 2740 993 2765 autem
1024 2745 1084 2766 om.
1109 2736 1155 2772 fh,
1182 2735 1256 2772 quia
1289 2743 1362 2763 nou.
1398 2734 1469 2761 lem.
1502 2736 1676 2770 posuerunt
1706 2731 1779 2760 Diu.
1811 2731 1875 2769 opis

7 2395 16 2791 ἲ
48 2398 83 2429 C.
108 2399 133 2437 Ι,
163 2400 212 2436 12,
239 2399 292 2428 26.
319 2398 371 2434 IV,
395 2399 444 2435 12,
464 2399 493 2427 8.
520 2397 602 2427 ferro
623 2397 803 2436 perterritus
828 2397 977 2435 MR⁴2G‚v
1002 2397 1219 2435 (perteritus).
1245 2401 1341 2426 recte.
1367 2396 1449 2426 conf.
1476 2396 1543 2425 Cic.
1570 2395 1696 2425 Caecin.
1724 2394 1871 2434 Ozferro

0 2813 1 2818 =
43 2793 113 2824 ‘nam
137 2794 236 2833 suae]
264 2804 339 2823 suae
365 2794 437 2834 (sue
462 2794 511 2833 M)
538 2799 604 2823 nat.
632 2793 725 2822 MR2.
751 2793 818 2821 rell.
845 2797 910 2822 nat.
939 2802 1014 2821 suae
1042 2792 1161 2829 (Hor)
1228 2790 1282 2825 17)
1310 2789 1504 2827 concupiscis
1528 2789 1564 2816 P..
1591 2797 1745 2826 concupas
1769 2797 1875 2817 rerum

0 3223 22 3252 Ἰ

0 3254 24 3412 l

54 2906 272 2946 sifaemiuam.
324 2906 379 2946 19)
405 2909 447 2937 sit
474 2908 550 2937 licet
575 2907 627 2936 hoc
653 2907 798 2935 cerinthe
824 2910 913 2935 tuum
927 2905 1003 2940 M‚v.
1030 2905 1082 2934 Sic
1107 2905 1182 2933 licet
1207 2903 1260 2932 hoc
1286 2903 1420 2931 elicrinte
1444 2905 1534 2930 tuum
1560 2900 1595 2929 R.
1623 2899 1683 2929 Sit.
1711 2901 1732 2929 1.
1760 2901 1790 2929 h.
1809 2910 1833 2929 c.
1852 2904 1874 2930 t.

14 2862 19 3050 ι
55 2855 157 2880 autem
180 2851 242 2880 siue
266 2851 437 2880 faeminam
462 2850 495 2879 M
521 2850 641 2888 (Halm.
668 2849 751 2879 conf.
779 2852 816 2884 Q.
844 2859 872 2887 p.
898 2849 1057 2887 XXXVI).
1084 2848 1154 2876 rell.
1181 2846 1388 2884 concupiscas.
1424 2846 1496 2874 lect.
1528 2845 1615 2882 vulg.
1649 2853 1751 2873 rerum
1781 2848 1876 2873 autem

56 2963 208 2993 cherintus
233 2974 249 2993 a
276 2965 365 3004 (sic).
392 2964 521 2993 Lemma
546 2964 577 2992 in
604 2973 633 2992 s:
660 2972 691 2991 ce
710 2962 734 2991 0
749 2960 937 3000 Chaerinte]
969 2960 1184 2990 Chaerintlzus.
1211 2959 1294 2989 conf.
1322 2959 1395 2987 Aer.
1412 2975 1447 2977 ῌ-
1467 2956 1615 2986 Corinthi
1639 2957 1766 2986 nomine
1792 2957 1874 2986 coni.

56 3019 172 3050 Ritter.
199 3021 437 3058 Exspectamus
463 3030 492 3049 u.
513 3029 601 3058 puer.
631 3018 672 3047 C:
704 3019 951 3057 pulcherrimum
976 3022 1116 3046 scortum.
1166 3016 1223 3054 21)
1250 3016 1352 3045 Adice
1377 3014 1409 3042 M
1435 3012 1513 3050 (uon
1539 3023 1570 3049 V,
1597 3016 1631 3041 ut
1655 3013 1712 3042 ref.
1739 3012 1795 3050 Q).
1822 3013 1876 3041 ad-

58 3075 120 3105 dice.
138 3075 174 3105 G.
191 3077 260 3106 rell.
286 3077 386 3116 adyce
411 3077 469 3114 R‚a
495 3077 545 3105 uel
571 3076 674 3104 adiice
700 3075 786 3104 vafh.
812 3075 868 3104 huc
892 3074 949 3104 vfh
975 3074 1094 3111 (Hor).
1113 3073 1204 3102 codd.
1221 3081 1309 3101 nuuc.
1360 3071 1416 3109 22)
1443 3069 1625 3099 acommoda
1644 3068 1686 3097 M.
1737 3069 1793 3107 23)
1820 3078 1876 3097 nu-

59 3131 175 3171 dasque
198 3133 279 3162 MR2
308 3133 477 3171 (nusdique
502 3133 549 3172 v).
575 3132 645 3162 rell.
671 3131 829 3170 nudaque.

1887 925 1927 956 10

1890 1292 1929 1323 15
