<?xml version="1.0" encoding="UTF-8"?>
<!DOCTYPE html PUBLIC "-//W3C//DTD XHTML 1.0 Transitional//EN"
    "http://www.w3.org/TR/xhtml1/DTD/xhtml1-transitional.dtd">
<html xmlns="http://www.w3.org/1999/xhtml" xml:lang="en" lang="en">
 <head>
  <title>
</title>
<meta http-equiv="Content-Type" content="text/html;charset=utf-8" />
  <meta name='ocr-system' content='tesseract 3.04.00' />
  <meta name='ocr-capabilities' content='ocr_page ocr_carea ocr_par ocr_line ocrx_word'/>
</head>
<body>
  <div class='ocr_page' id='page_1' title='image "acronisetporphyr02pseuuoft_0546.png"; bbox 0 0 2148 3412; ppageno 0'>
   <div class='ocr_carea' id='block_1_1' title="bbox 216 137 1403 178">
    <p class='ocr_par' dir='ltr' id='par_1_1' title="bbox 216 137 1403 178">
     <span class='ocr_line' id='line_1_1' title="bbox 216 137 1403 178; baseline -0.004 0"><span class='ocrx_word' id='word_1_1' title='bbox 216 137 296 178; x_wconf 76' lang='lat'>538</span> <span class='ocrx_word' id='word_1_2' title='bbox 845 144 949 176; x_wconf 73' lang='lat' dir='ltr'>Aen.</span> <span class='ocrx_word' id='word_1_3' title='bbox 975 143 1035 175; x_wconf 81' lang='lat' dir='ltr'>ET</span> <span class='ocrx_word' id='word_1_4' title='bbox 1060 142 1228 176; x_wconf 75' lang='lat' dir='ltr'>PoRPH.</span> <span class='ocrx_word' id='word_1_5' title='bbox 1255 141 1403 175; x_wconf 85' lang='lat' dir='ltr'>COMM.</span> 
     </span>
    </p>
   </div>
   <div class='ocr_carea' id='block_1_2' title="bbox 147 261 2040 2001">
    <p class='ocr_par' dir='ltr' id='par_1_2' title="bbox 215 261 2037 384">
     <span class='ocr_line' id='line_1_2' title="bbox 329 261 2037 321; baseline -0.005 -10"><span class='ocrx_word' id='word_1_6' title='bbox 329 271 421 311; x_wconf 86' lang='lat'>173.</span> <span class='ocrx_word' id='word_1_7' title='bbox 455 269 641 319; x_wconf 70' lang='lat' dir='ltr'>Quantus</span> <span class='ocrx_word' id='word_1_8' title='bbox 664 269 716 309; x_wconf 76' lang='lat' dir='ltr'>sit</span> <span class='ocrx_word' id='word_1_9' title='bbox 741 268 986 309; x_wconf 71' lang='lat' dir='ltr'><em>Dossennus.</em></span> <span class='ocrx_word' id='word_1_10' title='bbox 1048 268 1281 308; x_wconf 73' lang='lat' dir='ltr'><em>Dossennus</em></span> <span class='ocrx_word' id='word_1_11' title='bbox 1305 263 1505 321; x_wconf 84' lang='lat' dir='ltr'>[Sensus]</span> <span class='ocrx_word' id='word_1_12' title='bbox 1530 270 1568 306; x_wconf 85' lang='lat' dir='ltr'>et</span> <span class='ocrx_word' id='word_1_13' title='bbox 1589 263 1679 318; x_wconf 91' lang='lat' dir='ltr'>ipse</span> <span class='ocrx_word' id='word_1_14' title='bbox 1702 262 1844 319; x_wconf 82' lang='lat' dir='ltr'>grauis</span> <span class='ocrx_word' id='word_1_15' title='bbox 1859 261 2037 304; x_wconf 84' lang='lat' dir='ltr'>habetur</span> 
     </span>
     <span class='ocr_line' id='line_1_3' title="bbox 215 343 475 384; baseline -0.004 0"><span class='ocrx_word' id='word_1_16' title='bbox 215 351 256 384; x_wconf 88' lang='lat' dir='ltr'>ut</span> <span class='ocrx_word' id='word_1_17' title='bbox 287 343 475 384; x_wconf 85' lang='lat' dir='ltr'>Plautus.</span> 
     </span>
    </p>

    <p class='ocr_par' dir='ltr' id='par_1_3' title="bbox 212 410 2036 544">
     <span class='ocr_line' id='line_1_4' title="bbox 328 410 2036 467; baseline -0.004 -10"><span class='ocrx_word' id='word_1_18' title='bbox 328 417 420 457; x_wconf 84' lang='lat'>175.</span> <span class='ocrx_word' id='word_1_19' title='bbox 457 416 582 457; x_wconf 66' lang='lat' dir='ltr'>Gessit</span> <span class='ocrx_word' id='word_1_20' title='bbox 613 420 712 456; x_wconf 75' lang='lat' dir='ltr'>enim</span> <span class='ocrx_word' id='word_1_21' title='bbox 743 429 912 456; x_wconf 74' lang='lat' dir='ltr'>numum</span> <span class='ocrx_word' id='word_1_22' title='bbox 941 415 982 455; x_wconf 74' lang='lat' dir='ltr'>in</span> <span class='ocrx_word' id='word_1_23' title='bbox 1014 413 1165 456; x_wconf 82' lang='lat' dir='ltr'>loculos</span> <span class='ocrx_word' id='word_1_24' title='bbox 1198 413 1295 453; x_wconf 82' lang='lat' dir='ltr'>dem.</span> <span class='ocrx_word' id='word_1_25' title='bbox 1368 411 1513 467; x_wconf 84' lang='lat' dir='ltr'>Magis</span> <span class='ocrx_word' id='word_1_26' title='bbox 1557 411 1669 451; x_wconf 90' lang='lat' dir='ltr'>enim</span> <span class='ocrx_word' id='word_1_27' title='bbox 1703 410 1867 451; x_wconf 89' lang='lat' dir='ltr'>lucrum</span> <span class='ocrx_word' id='word_1_28' title='bbox 1911 423 2036 464; x_wconf 86' lang='lat' dir='ltr'>quam</span> 
     </span>
     <span class='ocr_line' id='line_1_5' title="bbox 212 485 1116 544; baseline -0.006 -13"><span class='ocrx_word' id='word_1_29' title='bbox 212 490 380 531; x_wconf 88' lang='lat' dir='ltr'>laudem</span> <span class='ocrx_word' id='word_1_30' title='bbox 411 488 591 544; x_wconf 78' lang='lat' dir='ltr'>adipisci</span> <span class='ocrx_word' id='word_1_31' title='bbox 621 487 756 544; x_wconf 82' lang='lat' dir='ltr'>gestit.</span> <span class='ocrx_word' id='word_1_32' title='bbox 814 489 940 543; x_wconf 73' lang='lat' dir='ltr'>yestz&#39;t.</span> <span class='ocrx_word' id='word_1_33' title='bbox 974 485 1116 543; x_wconf 86' lang='lat' dir='ltr'>Cupit.</span> 
     </span>
    </p>

    <p class='ocr_par' dir='ltr' id='par_1_4' title="bbox 149 554 2037 679">
     <span class='ocr_line' id='line_1_6' title="bbox 149 554 2037 618; baseline -0.005 -12"><span class='ocrx_word' id='word_1_34' title='bbox 149 576 166 606; x_wconf 84' lang='lat'>5</span> <span class='ocrx_word' id='word_1_35' title='bbox 358 564 422 605; x_wconf 76' lang='lat'>75.</span> <span class='ocrx_word' id='word_1_36' title='bbox 457 564 548 604; x_wconf 83' lang='lat'>176.</span> <span class='ocrx_word' id='word_1_37' title='bbox 577 569 668 618; x_wconf 70' lang='lat' dir='ltr'>post</span> <span class='ocrx_word' id='word_1_38' title='bbox 697 562 770 603; x_wconf 79' lang='grc' dir='ltr'><strong><em>Ιιοο</em></strong></span> <span class='ocrx_word' id='word_1_39' title='bbox 800 561 988 603; x_wconf 77' lang='lat' dir='ltr'>Securus.</span> <span class='ocrx_word' id='word_1_40' title='bbox 1062 558 1159 601; x_wconf 90' lang='lat' dir='ltr'>Non</span> <span class='ocrx_word' id='word_1_41' title='bbox 1190 573 1353 608; x_wconf 82' lang='lat' dir='ltr'>curans,</span> <span class='ocrx_word' id='word_1_42' title='bbox 1387 557 1488 612; x_wconf 89' lang='lat' dir='ltr'>quid</span> <span class='ocrx_word' id='word_1_43' title='bbox 1518 563 1663 612; x_wconf 87' lang='lat' dir='ltr'>postea</span> <span class='ocrx_word' id='word_1_44' title='bbox 1693 556 1764 597; x_wconf 86' lang='lat' dir='ltr'>fiat</span> <span class='ocrx_word' id='word_1_45' title='bbox 1795 554 2037 598; x_wconf 84' lang='lat' dir='ltr'>comoediae</span> 
     </span>
     <span class='ocr_line' id='line_1_7' title="bbox 215 651 326 679; baseline -0.009 0"><span class='ocrx_word' id='word_1_46' title='bbox 215 651 326 679; x_wconf 83' lang='lat' dir='ltr'>suae.</span> 
     </span>
    </p>

    <p class='ocr_par' dir='ltr' id='par_1_5' title="bbox 214 701 2038 904">
     <span class='ocr_line' id='line_1_8' title="bbox 329 701 2038 759; baseline -0.005 -9"><span class='ocrx_word' id='word_1_47' title='bbox 329 711 421 750; x_wconf 82' lang='lat'>177.</span> <span class='ocrx_word' id='word_1_48' title='bbox 458 709 585 759; x_wconf 82' lang='lat' dir='ltr'>Quem</span> <span class='ocrx_word' id='word_1_49' title='bbox 616 708 705 750; x_wconf 72' lang='lat' dir='ltr'>tulit</span> <span class='ocrx_word' id='word_1_50' title='bbox 735 709 788 749; x_wconf 80' lang='lat' dir='ltr'>ad</span> <span class='ocrx_word' id='word_1_51' title='bbox 818 722 991 749; x_wconf 84' lang='lat' dir='ltr'>scenam.</span> <span class='ocrx_word' id='word_1_52' title='bbox 1068 705 1299 759; x_wconf 85' lang='lat' dir='ltr'>Postquam</span> <span class='ocrx_word' id='word_1_53' title='bbox 1344 703 1463 745; x_wconf 84' lang='lat' dir='ltr'>auari</span> <span class='ocrx_word' id='word_1_54' title='bbox 1509 710 1655 758; x_wconf 84' lang='lat' dir='ltr'>poetae</span> <span class='ocrx_word' id='word_1_55' title='bbox 1698 702 1802 744; x_wconf 84' lang='lat' dir='ltr'>uitia</span> <span class='ocrx_word' id='word_1_56' title='bbox 1845 701 2038 752; x_wconf 78' lang='lat' dir='ltr'>ostendit,</span> 
     </span>
     <span class='ocr_line' id='line_1_9' title="bbox 214 776 2038 837; baseline -0.004 -13"><span class='ocrx_word' id='word_1_57' title='bbox 214 798 326 825; x_wconf 91' lang='lat' dir='ltr'>nunc</span> <span class='ocrx_word' id='word_1_58' title='bbox 355 781 505 823; x_wconf 82' lang='lat' dir='ltr'>transit</span> <span class='ocrx_word' id='word_1_59' title='bbox 535 781 588 822; x_wconf 84' lang='lat' dir='ltr'>ad</span> <span class='ocrx_word' id='word_1_60' title='bbox 619 780 848 837; x_wconf 83' lang='lat' dir='ltr'>gloriosum</span> <span class='ocrx_word' id='word_1_61' title='bbox 880 787 1060 836; x_wconf 81' lang='lat' dir='ltr'>poetam,</span> <span class='ocrx_word' id='word_1_62' title='bbox 1093 777 1177 833; x_wconf 91' lang='lat' dir='ltr'>qui,</span> <span class='ocrx_word' id='word_1_63' title='bbox 1210 778 1245 819; x_wconf 87' lang='lat' dir='ltr'>si</span> <span class='ocrx_word' id='word_1_64' title='bbox 1274 792 1358 819; x_wconf 92' lang='lat' dir='ltr'>non</span> <span class='ocrx_word' id='word_1_65' title='bbox 1388 777 1594 827; x_wconf 86' lang='lat' dir='ltr'>laudatur,</span> <span class='ocrx_word' id='word_1_66' title='bbox 1626 784 1666 818; x_wconf 81' lang='lat' dir='ltr'>et</span> <span class='ocrx_word' id='word_1_67' title='bbox 1694 776 1880 817; x_wconf 89' lang='lat' dir='ltr'>animum</span> <span class='ocrx_word' id='word_1_68' title='bbox 1911 782 1951 817; x_wconf 86' lang='lat' dir='ltr'>et</span> <span class='ocrx_word' id='word_1_69' title='bbox 1971 790 2038 816; x_wconf 85' lang='lat' dir='ltr'>ar-</span> 
     </span>
     <span class='ocr_line' id='line_1_10' title="bbox 214 849 1817 904; baseline -0.004 -7"><span class='ocrx_word' id='word_1_70' title='bbox 214 864 298 898; x_wconf 89' lang='lat' dir='ltr'>tem</span> <span class='ocrx_word' id='word_1_71' title='bbox 328 855 456 897; x_wconf 86' lang='lat' dir='ltr'>abicit</span> <span class='ocrx_word' id='word_1_72' title='bbox 467 871 476 904; x_wconf 85' lang='lat'><em>3</em></span> <span class='ocrx_word' id='word_1_73' title='bbox 509 854 583 895; x_wconf 87' lang='lat' dir='ltr'>sed</span> <span class='ocrx_word' id='word_1_74' title='bbox 615 869 708 895; x_wconf 90' lang='lat' dir='ltr'>cum</span> <span class='ocrx_word' id='word_1_75' title='bbox 738 853 867 904; x_wconf 87' lang='lat' dir='ltr'>uidet,</span> <span class='ocrx_word' id='word_1_76' title='bbox 900 868 943 895; x_wconf 89' lang='lat' dir='ltr'>se</span> <span class='ocrx_word' id='word_1_77' title='bbox 973 852 1151 902; x_wconf 86' lang='lat' dir='ltr'>laudari,</span> <span class='ocrx_word' id='word_1_78' title='bbox 1182 851 1228 892; x_wconf 82' lang='lat' dir='ltr'>fit</span> <span class='ocrx_word' id='word_1_79' title='bbox 1257 851 1502 892; x_wconf 84' lang='lat' dir='ltr'>temerarius</span> <span class='ocrx_word' id='word_1_80' title='bbox 1533 865 1582 892; x_wconf 84' lang='lat' dir='ltr'>ac</span> <span class='ocrx_word' id='word_1_81' title='bbox 1612 849 1817 892; x_wconf 85' lang='lat' dir='ltr'>tumescit.</span> 
     </span>
    </p>

    <p class='ocr_par' dir='ltr' id='par_1_6' title="bbox 149 925 1572 983">
     <span class='ocr_line' id='line_1_11' title="bbox 149 925 1572 983; baseline -0.004 -12"><span class='ocrx_word' id='word_1_82' title='bbox 149 943 190 976; x_wconf 84' lang='lat'>10</span> <span class='ocrx_word' id='word_1_83' title='bbox 331 930 423 971; x_wconf 91' lang='grc'><strong>178.</strong></span> <span class='ocrx_word' id='word_1_84' title='bbox 457 930 587 970; x_wconf 81' lang='lat' dir='ltr'>lentus</span> <span class='ocrx_word' id='word_1_85' title='bbox 618 935 827 983; x_wconf 76' lang='lat' dir='ltr'>spectator.</span> <span class='ocrx_word' id='word_1_86' title='bbox 890 926 1029 979; x_wconf 78' lang='lat' dir='ltr'>Quem</span> <span class='ocrx_word' id='word_1_87' title='bbox 1060 925 1172 967; x_wconf 82' lang='lat' dir='ltr'>dicta</span> <span class='ocrx_word' id='word_1_88' title='bbox 1202 939 1286 966; x_wconf 91' lang='lat' dir='ltr'>non</span> <span class='ocrx_word' id='word_1_89' title='bbox 1316 931 1572 980; x_wconf 78' lang='lat' dir='ltr'>pei-mouent.</span> 
     </span>
    </p>

    <p class='ocr_par' dir='ltr' id='par_1_7' title="bbox 328 1000 1050 1053">
     <span class='ocr_line' id='line_1_12' title="bbox 328 1000 1050 1053; baseline -0.007 -8"><span class='ocrx_word' id='word_1_90' title='bbox 328 1003 502 1045; x_wconf 81' lang='lat' dir='ltr'>sedulus.</span> <span class='ocrx_word' id='word_1_91' title='bbox 565 1000 652 1053; x_wconf 78' lang='lat' dir='ltr'>Qui</span> <span class='ocrx_word' id='word_1_92' title='bbox 684 1007 796 1042; x_wconf 87' lang='lat' dir='ltr'>amat</span> <span class='ocrx_word' id='word_1_93' title='bbox 827 1007 866 1042; x_wconf 87' lang='lat' dir='ltr'>et</span> <span class='ocrx_word' id='word_1_94' title='bbox 895 1000 1050 1041; x_wconf 83' lang='lat' dir='ltr'>laudat.</span> 
     </span>
    </p>

    <p class='ocr_par' dir='ltr' id='par_1_8' title="bbox 214 1069 2037 1203">
     <span class='ocr_line' id='line_1_13' title="bbox 329 1069 2037 1130; baseline -0.004 -12"><span class='ocrx_word' id='word_1_95' title='bbox 329 1078 423 1118; x_wconf 83' lang='lat'>179.</span> <span class='ocrx_word' id='word_1_96' title='bbox 456 1076 549 1117; x_wconf 86' lang='grc'><strong>180.</strong></span> <span class='ocrx_word' id='word_1_97' title='bbox 582 1074 649 1116; x_wconf 74' lang='lat' dir='ltr'>Sic</span> <span class='ocrx_word' id='word_1_98' title='bbox 681 1075 778 1125; x_wconf 81' lang='lat' dir='ltr'>leue,</span> <span class='ocrx_word' id='word_1_99' title='bbox 811 1079 869 1116; x_wconf 79' lang='lat' dir='ltr'>sic</span> <span class='ocrx_word' id='word_1_100' title='bbox 896 1087 1074 1130; x_wconf 75' lang='lat' dir='ltr'>paruum</span> <span class='ocrx_word' id='word_1_101' title='bbox 1104 1081 1172 1122; x_wconf 84' lang='lat' dir='ltr'>est,</span> <span class='ocrx_word' id='word_1_102' title='bbox 1206 1087 1258 1114; x_wconf 87' lang='lat' dir='ltr'>an</span> <span class='ocrx_word' id='word_1_103' title='bbox 1290 1086 1323 1128; x_wconf 82' lang='lat' dir='ltr'>q.</span> <span class='ocrx_word' id='word_1_104' title='bbox 1355 1072 1489 1114; x_wconf 66' lang='lat' dir='ltr'>laudis</span> <span class='ocrx_word' id='word_1_105' title='bbox 1519 1085 1696 1113; x_wconf 70' lang='lat' dir='ltr'>auarum</span> <span class='ocrx_word' id='word_1_106' title='bbox 1711 1071 1832 1113; x_wconf 83' lang='lat' dir='ltr'>Subr.</span> <span class='ocrx_word' id='word_1_107' title='bbox 1865 1069 1934 1112; x_wconf 72' lang='lat' dir='ltr'>aut</span> <span class='ocrx_word' id='word_1_108' title='bbox 1962 1071 2037 1129; x_wconf 44' lang='lat' dir='ltr'>ref·</span> 
     </span>
     <span class='ocr_line' id='line_1_14' title="bbox 214 1144 1413 1203; baseline -0.007 -10"><span class='ocrx_word' id='word_1_109' title='bbox 214 1150 347 1192; x_wconf 86' lang='lat' dir='ltr'>Leuis</span> <span class='ocrx_word' id='word_1_110' title='bbox 377 1165 444 1191; x_wconf 88' lang='lat' dir='ltr'>res</span> <span class='ocrx_word' id='word_1_111' title='bbox 470 1155 536 1190; x_wconf 83' lang='lat' dir='ltr'>est</span> <span class='ocrx_word' id='word_1_112' title='bbox 566 1147 656 1189; x_wconf 81' lang='lat' dir='ltr'>laus</span> <span class='ocrx_word' id='word_1_113' title='bbox 691 1147 822 1203; x_wconf 67' lang='lat' dir='ltr'>(uelP&#39;)</span> <span class='ocrx_word' id='word_1_114' title='bbox 855 1146 1080 1196; x_wconf 80' lang='lat' dir='ltr'>subtracta,</span> <span class='ocrx_word' id='word_1_115' title='bbox 1111 1145 1180 1187; x_wconf 92' lang='lat' dir='ltr'>uel</span> <span class='ocrx_word' id='word_1_116' title='bbox 1209 1144 1413 1200; x_wconf 82' lang='lat' dir='ltr'>praebita.</span> 
     </span>
    </p>

    <p class='ocr_par' dir='ltr' id='par_1_9' title="bbox 330 1218 2039 1274">
     <span class='ocr_line' id='line_1_15' title="bbox 330 1218 2039 1274; baseline -0.004 -9"><span class='ocrx_word' id='word_1_117' title='bbox 330 1225 423 1266; x_wconf 85' lang='grc'><strong>180.</strong></span> <span class='ocrx_word' id='word_1_118' title='bbox 458 1224 550 1264; x_wconf 86' lang='grc'><strong>181.</strong></span> <span class='ocrx_word' id='word_1_119' title='bbox 583 1222 720 1263; x_wconf 78' lang='lat' dir='ltr'>ualeat</span> <span class='ocrx_word' id='word_1_120' title='bbox 748 1236 811 1262; x_wconf 80' lang='lat' dir='ltr'>res</span> <span class='ocrx_word' id='word_1_121' title='bbox 843 1221 1014 1270; x_wconf 73' lang='lat' dir='ltr'>ludicra,</span> <span class='ocrx_word' id='word_1_122' title='bbox 1047 1221 1084 1261; x_wconf 76' lang='lat' dir='ltr'>si</span> <span class='ocrx_word' id='word_1_123' title='bbox 1112 1235 1171 1261; x_wconf 85' lang='lat' dir='ltr'>me</span> <span class='ocrx_word' id='word_1_124' title='bbox 1196 1220 1339 1261; x_wconf 84' lang='lat' dir='ltr'>Palma</span> <span class='ocrx_word' id='word_1_125' title='bbox 1369 1233 1453 1274; x_wconf 75' lang='lat' dir='ltr'>neq.</span> <span class='ocrx_word' id='word_1_126' title='bbox 1485 1233 1609 1260; x_wconf 82' lang='lat' dir='ltr'>macr.</span> <span class='ocrx_word' id='word_1_127' title='bbox 1643 1218 1732 1259; x_wconf 79' lang='lat' dir='ltr'>don.</span> <span class='ocrx_word' id='word_1_128' title='bbox 1755 1218 1892 1260; x_wconf 83' lang='lat' dir='ltr'>reduc.</span> <span class='ocrx_word' id='word_1_129' title='bbox 1924 1219 2039 1274; x_wconf 74' lang='lat' dir='ltr'>opz&#39;m.</span> 
     </span>
    </p>

    <p class='ocr_par' dir='ltr' id='par_1_10' title="bbox 149 1291 2038 1424">
     <span class='ocr_line' id='line_1_16' title="bbox 149 1291 2038 1348; baseline -0.004 -9"><span class='ocrx_word' id='word_1_130' title='bbox 149 1313 189 1344; x_wconf 84' lang='lat'>15</span> <span class='ocrx_word' id='word_1_131' title='bbox 215 1298 312 1340; x_wconf 90' lang='lat' dir='ltr'>Hoc</span> <span class='ocrx_word' id='word_1_132' title='bbox 344 1304 422 1338; x_wconf 79' lang='lat' dir='ltr'>est:</span> <span class='ocrx_word' id='word_1_133' title='bbox 469 1295 587 1336; x_wconf 90' lang='lat' dir='ltr'>Nihil</span> <span class='ocrx_word' id='word_1_134' title='bbox 631 1294 735 1336; x_wconf 86' lang='lat' dir='ltr'>mihi</span> <span class='ocrx_word' id='word_1_135' title='bbox 770 1309 864 1335; x_wconf 88' lang='lat' dir='ltr'>cum</span> <span class='ocrx_word' id='word_1_136' title='bbox 896 1308 944 1334; x_wconf 84' lang='lat' dir='ltr'>ea</span> <span class='ocrx_word' id='word_1_137' title='bbox 975 1298 1037 1344; x_wconf 88' lang='lat' dir='ltr'>sit,</span> <span class='ocrx_word' id='word_1_138' title='bbox 1084 1293 1119 1334; x_wconf 91' lang='lat' dir='ltr'>si</span> <span class='ocrx_word' id='word_1_139' title='bbox 1151 1300 1323 1348; x_wconf 88' lang='lat' dir='ltr'>propter</span> <span class='ocrx_word' id='word_1_140' title='bbox 1354 1292 1520 1347; x_wconf 81' lang='lat' dir='ltr'>palmae</span> <span class='ocrx_word' id='word_1_141' title='bbox 1549 1291 1651 1333; x_wconf 78' lang='lat' dir='ltr'>folia</span> <span class='ocrx_word' id='word_1_142' title='bbox 1679 1291 1748 1333; x_wconf 91' lang='lat' dir='ltr'>uel</span> <span class='ocrx_word' id='word_1_143' title='bbox 1779 1291 1969 1333; x_wconf 85' lang='lat' dir='ltr'>adflictus</span> <span class='ocrx_word' id='word_1_144' title='bbox 2000 1298 2038 1333; x_wconf 88' lang='lat' dir='ltr'>et</span> 
     </span>
     <span class='ocr_line' id='line_1_17' title="bbox 214 1365 2010 1424; baseline -0.004 -11"><span class='ocrx_word' id='word_1_145' title='bbox 214 1386 356 1413; x_wconf 86' lang='lat' dir='ltr'>macer</span> <span class='ocrx_word' id='word_1_146' title='bbox 387 1386 491 1421; x_wconf 90' lang='lat' dir='ltr'>sum,</span> <span class='ocrx_word' id='word_1_147' title='bbox 521 1369 590 1411; x_wconf 91' lang='lat' dir='ltr'>uel</span> <span class='ocrx_word' id='word_1_148' title='bbox 621 1368 786 1424; x_wconf 80' lang='lat' dir='ltr'>opiinus</span> <span class='ocrx_word' id='word_1_149' title='bbox 817 1374 857 1408; x_wconf 84' lang='lat' dir='ltr'>et</span> <span class='ocrx_word' id='word_1_150' title='bbox 887 1382 1063 1408; x_wconf 87' lang='lat' dir='ltr'>crassus.</span> <span class='ocrx_word' id='word_1_151' title='bbox 1124 1367 1203 1408; x_wconf 83' lang='lat' dir='ltr'>Res</span> <span class='ocrx_word' id='word_1_152' title='bbox 1233 1367 1389 1408; x_wconf 70' lang='lat' dir='ltr'>ludicra</span> <span class='ocrx_word' id='word_1_153' title='bbox 1402 1381 1413 1407; x_wconf 94' lang='grc'>.·</span> <span class='ocrx_word' id='word_1_154' title='bbox 1447 1365 1663 1407; x_wconf 80' lang='lat' dir='ltr'>comoedia</span> <span class='ocrx_word' id='word_1_155' title='bbox 1693 1380 1717 1406; x_wconf 82' lang='lat' dir='ltr'>a</span> <span class='ocrx_word' id='word_1_156' title='bbox 1746 1365 1856 1407; x_wconf 86' lang='lat' dir='ltr'>ludis</span> <span class='ocrx_word' id='word_1_157' title='bbox 1887 1365 2010 1407; x_wconf 87' lang='lat' dir='ltr'>dicta.</span> 
     </span>
    </p>

    <p class='ocr_par' dir='ltr' id='par_1_11' title="bbox 214 1439 2039 1649">
     <span class='ocr_line' id='line_1_18' title="bbox 330 1439 2039 1500; baseline -0.003 -15"><span class='ocrx_word' id='word_1_158' title='bbox 330 1446 422 1487; x_wconf 89' lang='grc'><strong>182.</strong></span> <span class='ocrx_word' id='word_1_159' title='bbox 454 1444 580 1500; x_wconf 79' lang='lat' dir='ltr'>Saepe</span> <span class='ocrx_word' id='word_1_160' title='bbox 603 1444 716 1484; x_wconf 71' lang='lat' dir='ltr'>etiam</span> <span class='ocrx_word' id='word_1_161' title='bbox 738 1441 945 1482; x_wconf 80' lang='lat' dir='ltr'>audacem.</span> <span class='ocrx_word' id='word_1_162' title='bbox 1005 1440 1048 1480; x_wconf 92' lang='lat' dir='ltr'>A</span> <span class='ocrx_word' id='word_1_163' title='bbox 1079 1439 1262 1496; x_wconf 83' lang='lat' dir='ltr'>glorioso</span> <span class='ocrx_word' id='word_1_164' title='bbox 1292 1446 1417 1494; x_wconf 82' lang='lat' dir='ltr'>poeta</span> <span class='ocrx_word' id='word_1_165' title='bbox 1447 1439 1501 1480; x_wconf 81' lang='lat' dir='ltr'>ad</span> <span class='ocrx_word' id='word_1_166' title='bbox 1531 1439 1733 1481; x_wconf 81' lang='lat' dir='ltr'>audacem</span> <span class='ocrx_word' id='word_1_167' title='bbox 1763 1453 2039 1495; x_wconf 83' lang='lat' dir='ltr'>perseueran-</span> 
     </span>
     <span class='ocr_line' id='line_1_19' title="bbox 214 1512 2039 1573; baseline -0.003 -14"><span class='ocrx_word' id='word_1_168' title='bbox 214 1525 381 1573; x_wconf 88' lang='lat' dir='ltr'>temque</span> <span class='ocrx_word' id='word_1_169' title='bbox 413 1517 627 1573; x_wconf 78' lang='lat' dir='ltr'>digressus</span> <span class='ocrx_word' id='word_1_170' title='bbox 659 1515 773 1565; x_wconf 86' lang='lat' dir='ltr'>dicit,</span> <span class='ocrx_word' id='word_1_171' title='bbox 820 1514 941 1569; x_wconf 85' lang='lat' dir='ltr'>quasi</span> <span class='ocrx_word' id='word_1_172' title='bbox 972 1513 1148 1554; x_wconf 82' lang='lat' dir='ltr'>iniurias</span> <span class='ocrx_word' id='word_1_173' title='bbox 1183 1512 1375 1563; x_wconf 83' lang='lat' dir='ltr'>patiatur,</span> <span class='ocrx_word' id='word_1_174' title='bbox 1421 1512 1573 1566; x_wconf 86' lang='lat' dir='ltr'>quibus</span> <span class='ocrx_word' id='word_1_175' title='bbox 1604 1513 1658 1554; x_wconf 88' lang='lat' dir='ltr'>ad</span> <span class='ocrx_word' id='word_1_176' title='bbox 1688 1520 1944 1568; x_wconf 87' lang='lat' dir='ltr'>postremum</span> <span class='ocrx_word' id='word_1_177' title='bbox 1973 1513 2039 1554; x_wconf 88' lang='lat' dir='ltr'>fu-</span> 
     </span>
     <span class='ocr_line' id='line_1_20' title="bbox 214 1586 2039 1649; baseline -0.003 -15"><span class='ocrx_word' id='word_1_178' title='bbox 214 1599 338 1649; x_wconf 84' lang='lat' dir='ltr'>gatur</span> <span class='ocrx_word' id='word_1_179' title='bbox 368 1606 389 1633; x_wconf 90' lang='lat' dir='ltr'>e</span> <span class='ocrx_word' id='word_1_180' title='bbox 421 1606 558 1633; x_wconf 85' lang='lat' dir='ltr'>scena.</span> <span class='ocrx_word' id='word_1_181' title='bbox 616 1588 810 1645; x_wconf 80' lang='lat' dir='ltr'>Fugatur</span> <span class='ocrx_word' id='word_1_182' title='bbox 854 1595 993 1629; x_wconf 84' lang='lat' dir='ltr'>autem</span> <span class='ocrx_word' id='word_1_183' title='bbox 1038 1586 1251 1635; x_wconf 86' lang='lat' dir='ltr'>seditione,</span> <span class='ocrx_word' id='word_1_184' title='bbox 1296 1586 1395 1641; x_wconf 85' lang='lat' dir='ltr'>quia</span> <span class='ocrx_word' id='word_1_185' title='bbox 1425 1601 1550 1641; x_wconf 83' lang='lat' dir='ltr'>saepe</span> <span class='ocrx_word' id='word_1_186' title='bbox 1593 1586 1775 1642; x_wconf 84' lang='lat' dir='ltr'>inperita</span> <span class='ocrx_word' id='word_1_187' title='bbox 1818 1586 2039 1629; x_wconf 85' lang='lat' dir='ltr'>multitudo</span> 
     </span>
    </p>

    <p class='ocr_par' dir='ltr' id='par_1_12' title="bbox 147 1659 2040 1790">
     <span class='ocr_line' id='line_1_21' title="bbox 147 1659 2040 1722; baseline -0.003 -14"><span class='ocrx_word' id='word_1_188' title='bbox 147 1679 189 1711; x_wconf 80' lang='lat'>20</span> <span class='ocrx_word' id='word_1_189' title='bbox 214 1674 254 1707; x_wconf 89' lang='lat' dir='ltr'>et</span> <span class='ocrx_word' id='word_1_190' title='bbox 285 1665 450 1722; x_wconf 85' lang='lat' dir='ltr'>[etiam]</span> <span class='ocrx_word' id='word_1_191' title='bbox 483 1664 671 1719; x_wconf 86' lang='lat' dir='ltr'>locuples</span> <span class='ocrx_word' id='word_1_192' title='bbox 701 1663 745 1703; x_wconf 93' lang='lat' dir='ltr'>in</span> <span class='ocrx_word' id='word_1_193' title='bbox 775 1662 1007 1718; x_wconf 86' lang='lat' dir='ltr'>perniciem</span> <span class='ocrx_word' id='word_1_194' title='bbox 1039 1661 1256 1702; x_wconf 85' lang='lat' dir='ltr'>doctorum</span> <span class='ocrx_word' id='word_1_195' title='bbox 1286 1667 1452 1715; x_wconf 85' lang='lat' dir='ltr'>poetam</span> <span class='ocrx_word' id='word_1_196' title='bbox 1489 1659 1759 1715; x_wconf 80' lang='lat' dir='ltr'>fabulamque</span> <span class='ocrx_word' id='word_1_197' title='bbox 1782 1660 2040 1716; x_wconf 83' lang='lat' dir='ltr'>contempnit</span> 
     </span>
     <span class='ocr_line' id='line_1_22' title="bbox 213 1733 1995 1790; baseline -0.003 -9"><span class='ocrx_word' id='word_1_198' title='bbox 213 1739 257 1781; x_wconf 89' lang='lat' dir='ltr'>in</span> <span class='ocrx_word' id='word_1_199' title='bbox 288 1739 427 1780; x_wconf 87' lang='lat' dir='ltr'>medio</span> <span class='ocrx_word' id='word_1_200' title='bbox 457 1745 552 1780; x_wconf 87' lang='lat' dir='ltr'>actu</span> <span class='ocrx_word' id='word_1_201' title='bbox 583 1736 824 1778; x_wconf 85' lang='lat' dir='ltr'>comoediae</span> <span class='ocrx_word' id='word_1_202' title='bbox 854 1735 923 1777; x_wconf 90' lang='lat' dir='ltr'>uel</span> <span class='ocrx_word' id='word_1_203' title='bbox 952 1736 1138 1776; x_wconf 82' lang='lat' dir='ltr'>ferarum</span> <span class='ocrx_word' id='word_1_204' title='bbox 1169 1733 1454 1789; x_wconf 84' lang='lat' dir='ltr'>spectaculum</span> <span class='ocrx_word' id='word_1_205' title='bbox 1484 1733 1553 1774; x_wconf 88' lang='lat' dir='ltr'>uel</span> <span class='ocrx_word' id='word_1_206' title='bbox 1582 1733 1775 1790; x_wconf 81' lang='lat' dir='ltr'>pugilum</span> <span class='ocrx_word' id='word_1_207' title='bbox 1806 1749 1995 1789; x_wconf 89' lang='lat' dir='ltr'>poscens.</span> 
     </span>
    </p>

    <p class='ocr_par' dir='ltr' id='par_1_13' title="bbox 328 1806 1330 1867">
     <span class='ocr_line' id='line_1_23' title="bbox 328 1806 1330 1867; baseline -0.007 -13"><span class='ocrx_word' id='word_1_208' title='bbox 328 1814 422 1855; x_wconf 83' lang='lat'>183.</span> <span class='ocrx_word' id='word_1_209' title='bbox 453 1826 622 1853; x_wconf 78' lang='lat' dir='ltr'>numero</span> <span class='ocrx_word' id='word_1_210' title='bbox 647 1811 805 1867; x_wconf 79' lang='lat' dir='ltr'>plures.</span> <span class='ocrx_word' id='word_1_211' title='bbox 865 1808 932 1850; x_wconf 92' lang='lat' dir='ltr'>Ac</span> <span class='ocrx_word' id='word_1_212' title='bbox 963 1822 1039 1864; x_wconf 88' lang='lat' dir='ltr'>per</span> <span class='ocrx_word' id='word_1_213' title='bbox 1068 1808 1148 1850; x_wconf 92' lang='lat' dir='ltr'>hoc</span> <span class='ocrx_word' id='word_1_214' title='bbox 1177 1806 1330 1862; x_wconf 85' lang='lat' dir='ltr'>plebei.</span> 
     </span>
    </p>

    <p class='ocr_par' dir='ltr' id='par_1_14' title="bbox 213 1880 2037 2001">
     <span class='ocr_line' id='line_1_24' title="bbox 327 1880 2037 1939; baseline -0.002 -12"><span class='ocrx_word' id='word_1_215' title='bbox 327 1887 421 1928; x_wconf 82' lang='lat'>184.</span> <span class='ocrx_word' id='word_1_216' title='bbox 452 1886 611 1927; x_wconf 72' lang='lat' dir='ltr'>Indoctz&#39;</span> <span class='ocrx_word' id='word_1_217' title='bbox 635 1884 840 1939; x_wconf 65' lang='lat' dir='ltr'>stolidique</span> <span class='ocrx_word' id='word_1_218' title='bbox 872 1892 907 1924; x_wconf 76' lang='lat' dir='ltr'>et</span> <span class='ocrx_word' id='word_1_219' title='bbox 936 1883 1168 1939; x_wconf 73' lang='lat' dir='ltr'>depuqnare</span> <span class='ocrx_word' id='word_1_220' title='bbox 1192 1882 1343 1938; x_wconf 71' lang='lat' dir='ltr'>parati.</span> <span class='ocrx_word' id='word_1_221' title='bbox 1419 1880 1533 1923; x_wconf 90' lang='lat' dir='ltr'>Miro</span> <span class='ocrx_word' id='word_1_222' title='bbox 1564 1881 1888 1924; x_wconf 81' lang='lat' dir='ltr'>characterismo</span> <span class='ocrx_word' id='word_1_223' title='bbox 1917 1881 2037 1938; x_wconf 89' lang='lat' dir='ltr'>inpe-</span> 
     </span>
     <span class='ocr_line' id='line_1_25' title="bbox 213 1957 949 2001; baseline -0.004 -1"><span class='ocrx_word' id='word_1_224' title='bbox 213 1959 337 2001; x_wconf 85' lang='lat' dir='ltr'>ritam</span> <span class='ocrx_word' id='word_1_225' title='bbox 366 1958 675 2001; x_wconf 87' lang='lat' dir='ltr'>multitudinem</span> <span class='ocrx_word' id='word_1_226' title='bbox 707 1957 899 1999; x_wconf 83' lang='lat' dir='ltr'>ostendit.</span> <span class='ocrx_word' id='word_1_227' title='bbox 945 1967 949 1970; x_wconf 74' lang='grc'><em>’</em></span> 
     </span>
    </p>
   </div>
   <div class='ocr_carea' id='block_1_3' title="bbox 213 2183 2038 2566">
    <p class='ocr_par' dir='ltr' id='par_1_15' title="bbox 213 2183 2038 2339">
     <span class='ocr_line' id='line_1_26' title="bbox 213 2183 2038 2226; baseline -0.002 -8"><span class='ocrx_word' id='word_1_228' title='bbox 213 2192 329 2219; x_wconf 82' lang='lat' dir='ltr'>tutum.</span> <span class='ocrx_word' id='word_1_229' title='bbox 349 2187 379 2217; x_wconf 80' lang='lat' dir='ltr'>in</span> <span class='ocrx_word' id='word_1_230' title='bbox 396 2187 591 2226; x_wconf 83' lang='lat' dir='ltr'>congruendo</span> <span class='ocrx_word' id='word_1_231' title='bbox 608 2197 668 2217; x_wconf 90' lang='lat' dir='ltr'>om.</span> <span class='ocrx_word' id='word_1_232' title='bbox 695 2187 781 2225; x_wconf 79' lang='lat' dir='ltr'>libri,</span> <span class='ocrx_word' id='word_1_233' title='bbox 808 2187 863 2225; x_wconf 89' lang='lat' dir='ltr'>qui</span> <span class='ocrx_word' id='word_1_234' title='bbox 889 2189 1048 2224; x_wconf 84' lang='lat' dir='ltr'>pergunt:</span> <span class='ocrx_word' id='word_1_235' title='bbox 1075 2184 1202 2214; x_wconf 73' lang='lat' dir='ltr'>Sensus:</span> <span class='ocrx_word' id='word_1_236' title='bbox 1229 2187 1260 2214; x_wconf 80' lang='lat' dir='ltr'>et</span> <span class='ocrx_word' id='word_1_237' title='bbox 1286 2184 1355 2222; x_wconf 88' lang='lat' dir='ltr'>ipse</span> <span class='ocrx_word' id='word_1_238' title='bbox 1379 2183 1507 2222; x_wconf 79' lang='lat' dir='ltr'>grauior</span> <span class='ocrx_word' id='word_1_239' title='bbox 1524 2183 1649 2222; x_wconf 84' lang='lat' dir='ltr'>(grauis</span> <span class='ocrx_word' id='word_1_240' title='bbox 1662 2183 1764 2223; x_wconf 85' lang='lat' dir='ltr'>M2G)</span> <span class='ocrx_word' id='word_1_241' title='bbox 1784 2185 1856 2214; x_wconf 87' lang='lat' dir='ltr'>hab.</span> <span class='ocrx_word' id='word_1_242' title='bbox 1882 2189 1918 2216; x_wconf 89' lang='lat' dir='ltr'>ut</span> <span class='ocrx_word' id='word_1_243' title='bbox 1941 2185 2038 2215; x_wconf 89' lang='lat' dir='ltr'>Plau-</span> 
     </span>
     <span class='ocr_line' id='line_1_27' title="bbox 213 2241 2037 2283; baseline -0.002 -8"><span class='ocrx_word' id='word_1_244' title='bbox 213 2249 276 2276; x_wconf 83' lang='lat' dir='ltr'>tus.</span> <span class='ocrx_word' id='word_1_245' title='bbox 303 2244 373 2283; x_wconf 84' lang='lat' dir='ltr'>Ego</span> <span class='ocrx_word' id='word_1_246' title='bbox 399 2245 515 2274; x_wconf 79' lang='lat' dir='ltr'>lemnia</span> <span class='ocrx_word' id='word_1_247' title='bbox 537 2253 650 2273; x_wconf 85' lang='lat' dir='ltr'>uersus</span> <span class='ocrx_word' id='word_1_248' title='bbox 678 2244 739 2272; x_wconf 85' lang='lat'>173</span> <span class='ocrx_word' id='word_1_249' title='bbox 766 2243 953 2280; x_wconf 81' lang='lat' dir='ltr'>interposui.</span> <span class='ocrx_word' id='word_1_250' title='bbox 983 2242 1239 2272; x_wconf 82' lang='lat' dir='ltr'>Restitutionem</span> <span class='ocrx_word' id='word_1_251' title='bbox 1264 2244 1432 2279; x_wconf 80' lang='lat' dir='ltr'>corruptae</span> <span class='ocrx_word' id='word_1_252' title='bbox 1456 2241 1544 2270; x_wconf 84' lang='lat' dir='ltr'>uocis</span> <span class='ocrx_word' id='word_1_253' title='bbox 1570 2241 1741 2271; x_wconf 80' lang='lat' dir='ltr'>Dossennus</span> <span class='ocrx_word' id='word_1_254' title='bbox 1764 2251 1820 2280; x_wconf 91' lang='lat' dir='ltr'>pro</span> <span class='ocrx_word' id='word_1_255' title='bbox 1846 2242 1957 2272; x_wconf 78' lang='lat' dir='ltr'>Sensus</span> <span class='ocrx_word' id='word_1_256' title='bbox 1982 2242 2037 2272; x_wconf 89' lang='lat' dir='ltr'>de-</span> 
     </span>
     <span class='ocr_line' id='line_1_28' title="bbox 213 2300 757 2339; baseline -0.004 -9"><span class='ocrx_word' id='word_1_257' title='bbox 213 2302 325 2330; x_wconf 88' lang='lat' dir='ltr'>bemus</span> <span class='ocrx_word' id='word_1_258' title='bbox 351 2301 478 2339; x_wconf 82' lang='lat' dir='ltr'>ingenio</span> <span class='ocrx_word' id='word_1_259' title='bbox 503 2301 663 2330; x_wconf 64' lang='lat' dir='ltr'>DIintzeri</span> <span class='ocrx_word' id='word_1_260' title='bbox 688 2300 710 2328; x_wconf 93' lang='lat' dir='ltr'>l.</span> <span class='ocrx_word' id='word_1_261' title='bbox 736 2300 757 2329; x_wconf 95' lang='lat' dir='ltr'>l.</span> 
     </span>
    </p>

    <p class='ocr_par' dir='ltr' id='par_1_16' title="bbox 213 2354 2036 2566">
     <span class='ocr_line' id='line_1_29' title="bbox 326 2354 2036 2398; baseline -0.001 -11"><span class='ocrx_word' id='word_1_262' title='bbox 326 2359 361 2398; x_wconf 87' lang='lat'>4)</span> <span class='ocrx_word' id='word_1_263' title='bbox 388 2358 495 2395; x_wconf 78' lang='lat' dir='ltr'>glossa</span> <span class='ocrx_word' id='word_1_264' title='bbox 516 2357 610 2396; x_wconf 64' lang='lat' dir='ltr'>gestit.</span> <span class='ocrx_word' id='word_1_265' title='bbox 637 2357 725 2394; x_wconf 81' lang='lat' dir='ltr'>cupit</span> <span class='ocrx_word' id='word_1_266' title='bbox 750 2357 784 2385; x_wconf 89' lang='lat' dir='ltr'>in</span> <span class='ocrx_word' id='word_1_267' title='bbox 810 2355 845 2385; x_wconf 83' lang='grc'>111</span> <span class='ocrx_word' id='word_1_268' title='bbox 870 2364 939 2384; x_wconf 87' lang='lat' dir='ltr'>cum</span> <span class='ocrx_word' id='word_1_269' title='bbox 966 2354 1088 2385; x_wconf 86' lang='lat' dir='ltr'>scholio</span> <span class='ocrx_word' id='word_1_270' title='bbox 1114 2354 1260 2393; x_wconf 82' lang='lat' dir='ltr'>praeced.</span> <span class='ocrx_word' id='word_1_271' title='bbox 1288 2354 1396 2383; x_wconf 85' lang='lat' dir='ltr'>sedem</span> <span class='ocrx_word' id='word_1_272' title='bbox 1421 2354 1570 2383; x_wconf 82' lang='lat' dir='ltr'>mutauit.</span> <span class='ocrx_word' id='word_1_273' title='bbox 1619 2354 1654 2393; x_wconf 76' lang='lat'>5)</span> <span class='ocrx_word' id='word_1_274' title='bbox 1676 2354 1801 2392; x_wconf 74' lang='lat' dir='ltr'>posthac</span> <span class='ocrx_word' id='word_1_275' title='bbox 1813 2355 1859 2385; x_wconf 88' lang='lat' dir='ltr'>fh.</span> <span class='ocrx_word' id='word_1_276' title='bbox 1886 2356 1959 2386; x_wconf 87' lang='lat' dir='ltr'>Non</span> <span class='ocrx_word' id='word_1_277' title='bbox 1983 2365 2036 2385; x_wconf 89' lang='lat' dir='ltr'>cu-</span> 
     </span>
     <span class='ocr_line' id='line_1_30' title="bbox 213 2411 2034 2453; baseline -0.001 -9"><span class='ocrx_word' id='word_1_278' title='bbox 213 2419 261 2445; x_wconf 68' lang='lat' dir='ltr'>rat</span> <span class='ocrx_word' id='word_1_279' title='bbox 283 2415 328 2444; x_wconf 87' lang='lat' dir='ltr'>fh.</span> <span class='ocrx_word' id='word_1_280' title='bbox 377 2416 412 2453; x_wconf 84' lang='grc'>9)</span> <span class='ocrx_word' id='word_1_281' title='bbox 438 2415 537 2444; x_wconf 81' lang='lat' dir='ltr'>abicit</span> <span class='ocrx_word' id='word_1_282' title='bbox 560 2413 685 2444; x_wconf 83' lang='lat' dir='ltr'>laudari</span> <span class='ocrx_word' id='word_1_283' title='bbox 709 2423 739 2443; x_wconf 85' lang='lat' dir='ltr'>se</span> <span class='ocrx_word' id='word_1_284' title='bbox 763 2413 879 2442; x_wconf 72' lang='lat' dir='ltr'>uideret</span> <span class='ocrx_word' id='word_1_285' title='bbox 901 2413 944 2442; x_wconf 85' lang='lat' dir='ltr'>M.</span> <span class='ocrx_word' id='word_1_286' title='bbox 970 2413 1041 2442; x_wconf 86' lang='lat' dir='ltr'>rell.</span> <span class='ocrx_word' id='word_1_287' title='bbox 1068 2412 1124 2441; x_wconf 86' lang='lat' dir='ltr'>sed</span> <span class='ocrx_word' id='word_1_288' title='bbox 1149 2422 1219 2442; x_wconf 81' lang='lat' dir='ltr'>eum</span> <span class='ocrx_word' id='word_1_289' title='bbox 1243 2412 1334 2441; x_wconf 86' lang='lat' dir='ltr'>uidet</span> <span class='ocrx_word' id='word_1_290' title='bbox 1359 2421 1392 2441; x_wconf 84' lang='lat' dir='ltr'>se</span> <span class='ocrx_word' id='word_1_291' title='bbox 1416 2411 1552 2440; x_wconf 74' lang='lat' dir='ltr'>laudari.</span> <span class='ocrx_word' id='word_1_292' title='bbox 1611 2411 1666 2449; x_wconf 92' lang='grc'>11)</span> <span class='ocrx_word' id='word_1_293' title='bbox 1693 2412 1805 2442; x_wconf 82' lang='lat' dir='ltr'>laudat</span> <span class='ocrx_word' id='word_1_294' title='bbox 1828 2422 1959 2442; x_wconf 84' lang='lat' dir='ltr'>auarum</span> <span class='ocrx_word' id='word_1_295' title='bbox 1983 2422 2034 2443; x_wconf 85' lang='lat' dir='ltr'>va.</span> 
     </span>
     <span class='ocr_line' id='line_1_31' title="bbox 214 2466 2036 2510; baseline -0.002 -9"><span class='ocrx_word' id='word_1_296' title='bbox 214 2472 314 2502; x_wconf 75' lang='lat' dir='ltr'>laudis</span> <span class='ocrx_word' id='word_1_297' title='bbox 339 2481 470 2501; x_wconf 82' lang='lat' dir='ltr'>auarum</span> <span class='ocrx_word' id='word_1_298' title='bbox 496 2471 530 2500; x_wconf 84' lang='lat' dir='ltr'>fh</span> <span class='ocrx_word' id='word_1_299' title='bbox 549 2471 667 2510; x_wconf 67' lang='lat' dir='ltr'>(Hor)</span> <span class='ocrx_word' id='word_1_300' title='bbox 686 2471 755 2500; x_wconf 81' lang='lat' dir='ltr'>rell.</span> <span class='ocrx_word' id='word_1_301' title='bbox 782 2474 813 2499; x_wconf 87' lang='lat' dir='ltr'>et</span> <span class='ocrx_word' id='word_1_302' title='bbox 838 2471 958 2501; x_wconf 80' lang='lat' dir='ltr'>laudat.</span> <span class='ocrx_word' id='word_1_303' title='bbox 1010 2469 1066 2508; x_wconf 86' lang='lat'>13)</span> <span class='ocrx_word' id='word_1_304' title='bbox 1092 2469 1189 2498; x_wconf 83' lang='lat' dir='ltr'>Leuis</span> <span class='ocrx_word' id='word_1_305' title='bbox 1214 2479 1264 2499; x_wconf 86' lang='lat' dir='ltr'>res</span> <span class='ocrx_word' id='word_1_306' title='bbox 1291 2472 1339 2498; x_wconf 85' lang='lat' dir='ltr'>est</span> <span class='ocrx_word' id='word_1_307' title='bbox 1365 2469 1433 2497; x_wconf 83' lang='lat' dir='ltr'>laus</span> <span class='ocrx_word' id='word_1_308' title='bbox 1459 2471 1507 2497; x_wconf 84' lang='lat' dir='ltr'>est</span> <span class='ocrx_word' id='word_1_309' title='bbox 1533 2467 1595 2506; x_wconf 86' lang='lat' dir='ltr'>(sic</span> <span class='ocrx_word' id='word_1_310' title='bbox 1620 2478 1674 2506; x_wconf 85' lang='lat' dir='ltr'>pro</span> <span class='ocrx_word' id='word_1_311' title='bbox 1699 2466 1791 2508; x_wconf 83' lang='lat' dir='ltr'>uel?)</span> <span class='ocrx_word' id='word_1_312' title='bbox 1817 2469 2036 2499; x_wconf 71' lang='lat' dir='ltr'>subn-actanti-</span> 
     </span>
     <span class='ocr_line' id='line_1_32' title="bbox 213 2523 2036 2566; baseline -0.001 -9"><span class='ocrx_word' id='word_1_313' title='bbox 213 2528 265 2558; x_wconf 81' lang='lat' dir='ltr'>bus</span> <span class='ocrx_word' id='word_1_314' title='bbox 290 2528 351 2566; x_wconf 85' lang='lat' dir='ltr'>(sic</span> <span class='ocrx_word' id='word_1_315' title='bbox 375 2527 450 2566; x_wconf 82' lang='lat' dir='ltr'>MG,</span> <span class='ocrx_word' id='word_1_316' title='bbox 477 2537 542 2557; x_wconf 90' lang='lat' dir='ltr'>non</span> <span class='ocrx_word' id='word_1_317' title='bbox 567 2526 708 2557; x_wconf 80' lang='lat' dir='ltr'>subtrad.</span> <span class='ocrx_word' id='word_1_318' title='bbox 734 2531 770 2557; x_wconf 85' lang='lat' dir='ltr'>ut</span> <span class='ocrx_word' id='word_1_319' title='bbox 795 2527 850 2556; x_wconf 80' lang='lat' dir='ltr'>ref.</span> <span class='ocrx_word' id='word_1_320' title='bbox 878 2526 915 2562; x_wconf 85' lang='lat' dir='ltr'>Q.</span> <span class='ocrx_word' id='word_1_321' title='bbox 942 2525 1206 2555; x_wconf 76' lang='lat' dir='ltr'>subu-adantibus</span> <span class='ocrx_word' id='word_1_322' title='bbox 1231 2525 1303 2554; x_wconf 85' lang='lat' dir='ltr'>hab.</span> <span class='ocrx_word' id='word_1_323' title='bbox 1328 2535 1359 2554; x_wconf 86' lang='lat' dir='ltr'>v.</span> <span class='ocrx_word' id='word_1_324' title='bbox 1391 2525 1553 2555; x_wconf 80' lang='lat' dir='ltr'>subtracta</span> <span class='ocrx_word' id='word_1_325' title='bbox 1578 2523 1612 2564; x_wconf 90' lang='grc'><strong>2)</strong></span> <span class='ocrx_word' id='word_1_326' title='bbox 1637 2525 1690 2554; x_wconf 87' lang='lat' dir='ltr'>uel</span> <span class='ocrx_word' id='word_1_327' title='bbox 1716 2524 1794 2564; x_wconf 88' lang='lat' dir='ltr'>(MG</span> <span class='ocrx_word' id='word_1_328' title='bbox 1811 2536 1847 2555; x_wconf 84' lang='lat' dir='ltr'>ae</span> <span class='ocrx_word' id='word_1_329' title='bbox 1865 2523 1912 2561; x_wconf 79' lang='grc'>2.)</span> <span class='ocrx_word' id='word_1_330' title='bbox 1938 2526 2036 2556; x_wconf 88' lang='lat' dir='ltr'>Leuis</span> 
     </span>
    </p>
   </div>
   <div class='ocr_carea' id='block_1_4' title="bbox 215 2581 2089 2622">
    <p class='ocr_par' dir='ltr' id='par_1_17' title="bbox 215 2581 2143 2622">
     <span class='ocr_line' id='line_1_33' title="bbox 215 2581 2089 2622; baseline -0.002 -7"><span class='ocrx_word' id='word_1_331' title='bbox 215 2589 265 2615; x_wconf 79' lang='lat' dir='ltr'>est</span> <span class='ocrx_word' id='word_1_332' title='bbox 287 2594 340 2614; x_wconf 83' lang='lat' dir='ltr'>sno</span> <span class='ocrx_word' id='word_1_333' title='bbox 365 2588 462 2614; x_wconf 77' lang='lat' dir='ltr'>tractu</span> <span class='ocrx_word' id='word_1_334' title='bbox 487 2585 556 2613; x_wconf 81' lang='lat' dir='ltr'>laus</span> <span class='ocrx_word' id='word_1_335' title='bbox 581 2585 632 2614; x_wconf 88' lang='lat' dir='ltr'>uel</span> <span class='ocrx_word' id='word_1_336' title='bbox 659 2584 805 2622; x_wconf 82' lang='lat' dir='ltr'>praebita</span> <span class='ocrx_word' id='word_1_337' title='bbox 830 2583 881 2612; x_wconf 85' lang='lat' dir='ltr'>uel</span> <span class='ocrx_word' id='word_1_338' title='bbox 907 2583 1058 2621; x_wconf 83' lang='lat' dir='ltr'>adempta</span> <span class='ocrx_word' id='word_1_339' title='bbox 1082 2581 1127 2612; x_wconf 77' lang='lat' dir='ltr'>fh.</span> <span class='ocrx_word' id='word_1_340' title='bbox 1166 2581 1261 2611; x_wconf 86' lang='lat' dir='ltr'>Leuis</span> <span class='ocrx_word' id='word_1_341' title='bbox 1287 2585 1334 2611; x_wconf 87' lang='lat' dir='ltr'>est</span> <span class='ocrx_word' id='word_1_342' title='bbox 1368 2583 1533 2611; x_wconf 76' lang='lat' dir='ltr'>subtracta</span> <span class='ocrx_word' id='word_1_343' title='bbox 1558 2582 1628 2612; x_wconf 83' lang='lat' dir='ltr'>laus</span> <span class='ocrx_word' id='word_1_344' title='bbox 1653 2583 1704 2611; x_wconf 88' lang='lat' dir='ltr'>uel</span> <span class='ocrx_word' id='word_1_345' title='bbox 1728 2583 1875 2620; x_wconf 84' lang='lat' dir='ltr'>praebita</span> <span class='ocrx_word' id='word_1_346' title='bbox 1899 2592 1927 2612; x_wconf 82' lang='lat' dir='ltr'>a.</span> <span class='ocrx_word' id='word_1_347' title='bbox 1965 2584 2034 2614; x_wconf 79' lang='lat' dir='ltr'>laus</span> <span class='ocrx_word' id='word_1_348' title='bbox 2085 2593 2089 2601; x_wconf 78' lang='grc'>’-</span> 
     </span>
    </p>
   </div>
   <div class='ocr_carea' id='block_1_5' title="bbox 212 2638 2080 2848">
    <p class='ocr_par' dir='ltr' id='par_1_18' title="bbox 212 2638 2080 2848">
     <span class='ocr_line' id='line_1_34' title="bbox 213 2638 2080 2681; baseline -0.002 -10"><span class='ocrx_word' id='word_1_349' title='bbox 213 2652 273 2672; x_wconf 86' lang='grc'><strong>0111.</strong></span> <span class='ocrx_word' id='word_1_350' title='bbox 299 2651 350 2671; x_wconf 83' lang='lat' dir='ltr'>va.</span> <span class='ocrx_word' id='word_1_351' title='bbox 402 2642 456 2681; x_wconf 88' lang='lat'>15)</span> <span class='ocrx_word' id='word_1_352' title='bbox 483 2642 564 2670; x_wconf 88' lang='lat' dir='ltr'>nihil</span> <span class='ocrx_word' id='word_1_353' title='bbox 589 2650 642 2680; x_wconf 75' lang='lat' dir='ltr'>que</span> <span class='ocrx_word' id='word_1_354' title='bbox 667 2641 746 2670; x_wconf 86' lang='lat' dir='ltr'>mihi</span> <span class='ocrx_word' id='word_1_355' title='bbox 772 2650 843 2669; x_wconf 85' lang='lat' dir='ltr'>cum</span> <span class='ocrx_word' id='word_1_356' title='bbox 869 2649 905 2669; x_wconf 83' lang='lat' dir='ltr'>ea</span> <span class='ocrx_word' id='word_1_357' title='bbox 931 2643 980 2669; x_wconf 83' lang='lat' dir='ltr'>est</span> <span class='ocrx_word' id='word_1_358' title='bbox 1005 2643 1134 2677; x_wconf 79' lang='lat' dir='ltr'>propter</span> <span class='ocrx_word' id='word_1_359' title='bbox 1158 2638 1192 2667; x_wconf 89' lang='lat' dir='ltr'>M</span> <span class='ocrx_word' id='word_1_360' title='bbox 1218 2638 1308 2677; x_wconf 81' lang='lat' dir='ltr'>(sic).</span> <span class='ocrx_word' id='word_1_361' title='bbox 1335 2639 1416 2668; x_wconf 87' lang='lat' dir='ltr'>nihil</span> <span class='ocrx_word' id='word_1_362' title='bbox 1441 2639 1520 2668; x_wconf 88' lang='lat' dir='ltr'>mihi</span> <span class='ocrx_word' id='word_1_363' title='bbox 1546 2648 1615 2668; x_wconf 86' lang='lat' dir='ltr'>eum</span> <span class='ocrx_word' id='word_1_364' title='bbox 1642 2648 1678 2668; x_wconf 88' lang='lat' dir='ltr'>ea</span> <span class='ocrx_word' id='word_1_365' title='bbox 1702 2639 1743 2668; x_wconf 85' lang='lat' dir='ltr'>sit</span> <span class='ocrx_word' id='word_1_366' title='bbox 1762 2643 1894 2677; x_wconf 78' lang='lat' dir='ltr'>praeter</span> <span class='ocrx_word' id='word_1_367' title='bbox 1921 2640 1950 2670; x_wconf 84' lang='lat'>2.</span> <span class='ocrx_word' id='word_1_368' title='bbox 1986 2641 2034 2670; x_wconf 92' lang='lat' dir='ltr'>ni-</span> <span class='ocrx_word' id='word_1_369' title='bbox 2077 2659 2080 2668; x_wconf 85' lang='lat'>.</span> 
     </span>
     <span class='ocr_line' id='line_1_35' title="bbox 212 2676 2080 2736; baseline -0.001 -9"><span class='ocrx_word' id='word_1_370' title='bbox 212 2699 259 2727; x_wconf 84' lang='lat' dir='ltr'>hii</span> <span class='ocrx_word' id='word_1_371' title='bbox 284 2709 324 2728; x_wconf 85' lang='lat' dir='ltr'>m.</span> <span class='ocrx_word' id='word_1_372' title='bbox 352 2709 376 2727; x_wconf 86' lang='lat' dir='ltr'>c.</span> <span class='ocrx_word' id='word_1_373' title='bbox 403 2708 440 2727; x_wconf 81' lang='lat' dir='ltr'>ea.</span> <span class='ocrx_word' id='word_1_374' title='bbox 466 2699 509 2727; x_wconf 83' lang='lat' dir='ltr'>sit</span> <span class='ocrx_word' id='word_1_375' title='bbox 527 2702 656 2736; x_wconf 72' lang='lat' dir='ltr'>propter</span> <span class='ocrx_word' id='word_1_376' title='bbox 681 2696 718 2727; x_wconf 89' lang='lat' dir='ltr'>G.</span> <span class='ocrx_word' id='word_1_377' title='bbox 746 2697 826 2726; x_wconf 89' lang='lat' dir='ltr'>nihil</span> <span class='ocrx_word' id='word_1_378' title='bbox 852 2706 892 2725; x_wconf 87' lang='grc'><strong>111.</strong></span> <span class='ocrx_word' id='word_1_379' title='bbox 919 2706 945 2725; x_wconf 91' lang='lat' dir='ltr'>c.</span> <span class='ocrx_word' id='word_1_380' title='bbox 973 2705 1009 2724; x_wconf 82' lang='lat' dir='ltr'>ea</span> <span class='ocrx_word' id='word_1_381' title='bbox 1035 2696 1077 2724; x_wconf 84' lang='lat' dir='ltr'>sit</span> <span class='ocrx_word' id='word_1_382' title='bbox 1101 2695 1129 2724; x_wconf 74' lang='lat' dir='ltr'>si</span> <span class='ocrx_word' id='word_1_383' title='bbox 1152 2699 1280 2733; x_wconf 85' lang='lat' dir='ltr'>propter</span> <span class='ocrx_word' id='word_1_384' title='bbox 1303 2704 1353 2725; x_wconf 80' lang='lat' dir='ltr'>va.</span> <span class='ocrx_word' id='word_1_385' title='bbox 1380 2695 1501 2725; x_wconf 78' lang='lat' dir='ltr'>Ordine</span> <span class='ocrx_word' id='word_1_386' title='bbox 1525 2696 1653 2725; x_wconf 88' lang='lat' dir='ltr'>inuerso</span> <span class='ocrx_word' id='word_1_387' title='bbox 1676 2695 1729 2725; x_wconf 83' lang='lat' dir='ltr'>fh:</span> <span class='ocrx_word' id='word_1_388' title='bbox 1757 2696 1878 2726; x_wconf 68' lang='lat' dir='ltr'>‘Valeat</span> <span class='ocrx_word' id='word_1_389' title='bbox 1900 2705 1949 2725; x_wconf 78' lang='lat' dir='ltr'>res</span> <span class='ocrx_word' id='word_1_390' title='bbox 1972 2695 2031 2726; x_wconf 73' lang='lat' dir='ltr'>lad.</span> <span class='ocrx_word' id='word_1_391' title='bbox 2077 2676 2080 2684; x_wconf 40' lang='grc' dir='ltr'>Ι</span> 
     </span>
     <span class='ocr_line' id='line_1_36' title="bbox 214 2752 2033 2791; baseline -0.002 -6"><span class='ocrx_word' id='word_1_392' title='bbox 214 2754 390 2785; x_wconf 85' lang='lat' dir='ltr'>Comoedia</span> <span class='ocrx_word' id='word_1_393' title='bbox 415 2765 433 2784; x_wconf 84' lang='lat' dir='ltr'>a</span> <span class='ocrx_word' id='word_1_394' title='bbox 458 2754 543 2784; x_wconf 86' lang='lat' dir='ltr'>ludis</span> <span class='ocrx_word' id='word_1_395' title='bbox 570 2755 666 2783; x_wconf 83' lang='lat' dir='ltr'>dicta.</span> <span class='ocrx_word' id='word_1_396' title='bbox 694 2753 730 2782; x_wconf 72' lang='lat' dir='ltr'>Si</span> <span class='ocrx_word' id='word_1_397' title='bbox 753 2762 797 2782; x_wconf 80' lang='lat' dir='ltr'>nze</span> <span class='ocrx_word' id='word_1_398' title='bbox 821 2752 927 2782; x_wconf 79' lang='lat' dir='ltr'>Palma</span> <span class='ocrx_word' id='word_1_399' title='bbox 951 2761 1016 2791; x_wconf 66' lang='lat' dir='ltr'>neq.</span> <span class='ocrx_word' id='word_1_400' title='bbox 1043 2752 1083 2780; x_wconf 92' lang='lat' dir='ltr'>H.</span> <span class='ocrx_word' id='word_1_401' title='bbox 1110 2761 1135 2781; x_wconf 86' lang='lat' dir='ltr'>e.</span> <span class='ocrx_word' id='word_1_402' title='bbox 1161 2752 1243 2781; x_wconf 87' lang='lat' dir='ltr'>nihil</span> <span class='ocrx_word' id='word_1_403' title='bbox 1269 2762 1309 2781; x_wconf 89' lang='lat' dir='ltr'>m.</span> <span class='ocrx_word' id='word_1_404' title='bbox 1336 2763 1361 2782; x_wconf 89' lang='lat' dir='ltr'>c.</span> <span class='ocrx_word' id='word_1_405' title='bbox 1388 2762 1424 2781; x_wconf 83' lang='lat' dir='ltr'>ea</span> <span class='ocrx_word' id='word_1_406' title='bbox 1450 2753 1503 2789; x_wconf 83' lang='lat' dir='ltr'>sit,</span> <span class='ocrx_word' id='word_1_407' title='bbox 1534 2752 1561 2781; x_wconf 80' lang='lat' dir='ltr'>si</span> <span class='ocrx_word' id='word_1_408' title='bbox 1585 2756 1713 2790; x_wconf 81' lang='lat' dir='ltr'>propter</span> <span class='ocrx_word' id='word_1_409' title='bbox 1738 2753 1862 2791; x_wconf 80' lang='lat' dir='ltr'>palmae</span> <span class='ocrx_word' id='word_1_410' title='bbox 1886 2753 1964 2782; x_wconf 81' lang='lat' dir='ltr'>folia</span> <span class='ocrx_word' id='word_1_411' title='bbox 1987 2752 2033 2782; x_wconf 81' lang='lat' dir='ltr'>ui-</span> 
     </span>
     <span class='ocr_line' id='line_1_37' title="bbox 213 2808 2032 2848; baseline -0.001 -8"><span class='ocrx_word' id='word_1_412' title='bbox 213 2821 281 2840; x_wconf 71' lang='lat' dir='ltr'>uam</span> <span class='ocrx_word' id='word_1_413' title='bbox 305 2811 470 2840; x_wconf 57' lang='lat' dir='ltr'>afflictus!</span> <span class='ocrx_word' id='word_1_414' title='bbox 498 2828 536 2832; x_wconf 81' lang='lat'>—</span> <span class='ocrx_word' id='word_1_415' title='bbox 565 2811 691 2848; x_wconf 84' lang='lat' dir='ltr'>palmae</span> <span class='ocrx_word' id='word_1_416' title='bbox 714 2827 757 2830; x_wconf 75' lang='lat'>——</span> <span class='ocrx_word' id='word_1_417' title='bbox 782 2810 869 2838; x_wconf 87' lang='lat' dir='ltr'>dicta</span> <span class='ocrx_word' id='word_1_418' title='bbox 882 2808 969 2838; x_wconf 83' lang='lat' dir='ltr'>M2G</span> <span class='ocrx_word' id='word_1_419' title='bbox 996 2813 1026 2837; x_wconf 85' lang='lat' dir='ltr'>et</span> <span class='ocrx_word' id='word_1_420' title='bbox 1051 2808 1088 2844; x_wconf 80' lang='lat' dir='ltr'>A,</span> <span class='ocrx_word' id='word_1_421' title='bbox 1116 2809 1170 2846; x_wconf 91' lang='lat' dir='ltr'>qui</span> <span class='ocrx_word' id='word_1_422' title='bbox 1195 2818 1256 2838; x_wconf 88' lang='lat' dir='ltr'>om.</span> <span class='ocrx_word' id='word_1_423' title='bbox 1282 2818 1355 2838; x_wconf 78' lang='lat' dir='ltr'>sum.</span> <span class='ocrx_word' id='word_1_424' title='bbox 1382 2808 1511 2838; x_wconf 86' lang='lat' dir='ltr'>Lemma</span> <span class='ocrx_word' id='word_1_425' title='bbox 1535 2809 1634 2839; x_wconf 76' lang='lat' dir='ltr'>ualeat</span> <span class='ocrx_word' id='word_1_426' title='bbox 1657 2827 1696 2830; x_wconf 36' lang='grc' dir='ltr'>υ</span> <span class='ocrx_word' id='word_1_427' title='bbox 1722 2809 1750 2838; x_wconf 79' lang='grc' dir='ltr'>εἰ</span> <span class='ocrx_word' id='word_1_428' title='bbox 1772 2819 1816 2839; x_wconf 84' lang='lat' dir='ltr'>me</span> <span class='ocrx_word' id='word_1_429' title='bbox 1840 2809 2032 2848; x_wconf 82' lang='lat' dir='ltr'>amplificaui</span> 
     </span>
    </p>
   </div>
   <div class='ocr_carea' id='block_1_6' title="bbox 213 2846 2144 2906">
    <p class='ocr_par' dir='ltr' id='par_1_19' title="bbox 213 2846 2144 2906">
     <span class='ocr_line' id='line_1_38' title="bbox 213 2846 2144 2906; baseline -0.001 -10"><span class='ocrx_word' id='word_1_430' title='bbox 213 2868 350 2897; x_wconf 83' lang='lat' dir='ltr'>addens:</span> <span class='ocrx_word' id='word_1_431' title='bbox 379 2868 544 2897; x_wconf 80' lang='lat' dir='ltr'>Palma—</span> <span class='ocrx_word' id='word_1_432' title='bbox 561 2868 710 2906; x_wconf 86' lang='lat' dir='ltr'>opimum.</span> <span class='ocrx_word' id='word_1_433' title='bbox 761 2867 816 2906; x_wconf 91' lang='grc'>17)</span> <span class='ocrx_word' id='word_1_434' title='bbox 842 2869 1081 2904; x_wconf 75' lang='lat' dir='ltr'>perseueranter</span> <span class='ocrx_word' id='word_1_435' title='bbox 1103 2866 1148 2894; x_wconf 87' lang='lat' dir='ltr'>fh.</span> <span class='ocrx_word' id='word_1_436' title='bbox 1176 2866 1216 2894; x_wconf 87' lang='lat' dir='ltr'>ad</span> <span class='ocrx_word' id='word_1_437' title='bbox 1241 2866 1404 2895; x_wconf 79' lang='lat' dir='ltr'>audacem.</span> <span class='ocrx_word' id='word_1_438' title='bbox 1430 2865 1606 2905; x_wconf 74' lang='lat' dir='ltr'>Diyreyitnr</span> <span class='ocrx_word' id='word_1_439' title='bbox 1631 2865 1706 2904; x_wconf 90' lang='lat' dir='ltr'>(sic)</span> <span class='ocrx_word' id='word_1_440' title='bbox 1727 2865 1936 2905; x_wconf 73' lang='lat' dir='ltr'>perfiyuram</span> <span class='ocrx_word' id='word_1_441' title='bbox 1958 2874 2034 2905; x_wconf 79' lang='lat' dir='ltr'>quae</span> <span class='ocrx_word' id='word_1_442' title='bbox 2084 2880 2086 2886; x_wconf 58' lang='lat'>.</span> <span class='ocrx_word' id='word_1_443' title='bbox 2122 2846 2144 2906; x_wconf 44' lang='lat' dir='ltr'>l}</span> 
     </span>
    </p>
   </div>
   <div class='ocr_carea' id='block_1_7' title="bbox 212 2921 2032 3139">
    <p class='ocr_par' dir='ltr' id='par_1_20' title="bbox 212 2921 2032 3139">
     <span class='ocr_line' id='line_1_39' title="bbox 213 2921 2030 2963; baseline -0.001 -10"><span class='ocrx_word' id='word_1_444' title='bbox 213 2924 364 2963; x_wconf 74' lang='lat' dir='ltr'>‹Ziyressns</span> <span class='ocrx_word' id='word_1_445' title='bbox 389 2924 510 2954; x_wconf 68' lang='lat' dir='ltr'>(licitur.</span> <span class='ocrx_word' id='word_1_446' title='bbox 537 2925 628 2963; x_wconf 81' lang='lat' dir='ltr'>quasi</span> <span class='ocrx_word' id='word_1_447' title='bbox 653 2934 681 2953; x_wconf 81' lang='lat' dir='ltr'>a.</span> <span class='ocrx_word' id='word_1_448' title='bbox 707 2923 775 2953; x_wconf 88' lang='lat' dir='ltr'>rell.</span> <span class='ocrx_word' id='word_1_449' title='bbox 801 2926 1109 2961; x_wconf 79' lang='lat' dir='ltr'>perseuerantenzque</span> <span class='ocrx_word' id='word_1_450' title='bbox 1136 2921 1208 2960; x_wconf 88' lang='lat' dir='ltr'>(per</span> <span class='ocrx_word' id='word_1_451' title='bbox 1233 2931 1267 2951; x_wconf 86' lang='lat' dir='ltr'>se</span> <span class='ocrx_word' id='word_1_452' title='bbox 1281 2922 1536 2961; x_wconf 80' lang='lat' dir='ltr'>suerantemque</span> <span class='ocrx_word' id='word_1_453' title='bbox 1559 2923 1595 2962; x_wconf 82' lang='lat' dir='ltr'>v)</span> <span class='ocrx_word' id='word_1_454' title='bbox 1624 2923 1788 2961; x_wconf 80' lang='lat' dir='ltr'>digressus</span> <span class='ocrx_word' id='word_1_455' title='bbox 1814 2923 1901 2960; x_wconf 77' lang='lat' dir='ltr'>dicit,</span> <span class='ocrx_word' id='word_1_456' title='bbox 1926 2923 2030 2961; x_wconf 85' lang='lat' dir='ltr'>quasi.</span> 
     </span>
     <span class='ocr_line' id='line_1_40' title="bbox 217 2973 2032 3020; baseline 0 -11"><span class='ocrx_word' id='word_1_457' title='bbox 217 2979 272 3017; x_wconf 83' lang='lat'>18)</span> <span class='ocrx_word' id='word_1_458' title='bbox 299 2981 353 3018; x_wconf 84' lang='lat' dir='ltr'>qui</span> <span class='ocrx_word' id='word_1_459' title='bbox 377 2982 406 3010; x_wconf 88' lang='grc'>2.</span> <span class='ocrx_word' id='word_1_460' title='bbox 459 2982 513 3020; x_wconf 89' lang='grc'>19)</span> <span class='ocrx_word' id='word_1_461' title='bbox 540 2973 603 3019; x_wconf 67' lang='grc' dir='ltr'>(μιᾷ</span> <span class='ocrx_word' id='word_1_462' title='bbox 628 2990 723 3019; x_wconf 84' lang='lat' dir='ltr'>saepe</span> <span class='ocrx_word' id='word_1_463' title='bbox 747 2980 826 3019; x_wconf 80' lang='lat' dir='ltr'>quod</span> <span class='ocrx_word' id='word_1_464' title='bbox 850 2980 1015 3018; x_wconf 80' lang='lat' dir='ltr'>inperitam</span> <span class='ocrx_word' id='word_1_465' title='bbox 1038 2978 1081 3008; x_wconf 87' lang='lat' dir='ltr'>M.</span> <span class='ocrx_word' id='word_1_466' title='bbox 1132 2979 1190 3017; x_wconf 88' lang='grc'><strong>20)</strong></span> <span class='ocrx_word' id='word_1_467' title='bbox 1216 2983 1247 3008; x_wconf 91' lang='lat' dir='ltr'>et</span> <span class='ocrx_word' id='word_1_468' title='bbox 1272 2979 1359 3009; x_wconf 75' lang='lat' dir='ltr'>etiam</span> <span class='ocrx_word' id='word_1_469' title='bbox 1384 2980 1498 3017; x_wconf 87' lang='lat' dir='ltr'>locupl.</span> <span class='ocrx_word' id='word_1_470' title='bbox 1524 2979 1571 3009; x_wconf 79' lang='lat' dir='ltr'>fh.</span> <span class='ocrx_word' id='word_1_471' title='bbox 1597 2979 1667 3009; x_wconf 86' lang='lat' dir='ltr'>rell.</span> <span class='ocrx_word' id='word_1_472' title='bbox 1693 2983 1726 3009; x_wconf 84' lang='lat' dir='ltr'>et</span> <span class='ocrx_word' id='word_1_473' title='bbox 1749 2980 1864 3018; x_wconf 87' lang='lat' dir='ltr'>locupl.</span> <span class='ocrx_word' id='word_1_474' title='bbox 1891 2997 1932 3000; x_wconf 63' lang='lat'>——</span> <span class='ocrx_word' id='word_1_475' title='bbox 1958 2988 2032 3009; x_wconf 87' lang='lat' dir='ltr'>con-</span> 
     </span>
     <span class='ocr_line' id='line_1_41' title="bbox 213 3035 2031 3077; baseline -0.001 -10"><span class='ocrx_word' id='word_1_476' title='bbox 213 3038 343 3075; x_wconf 80' lang='lat' dir='ltr'>tempnit</span> <span class='ocrx_word' id='word_1_477' title='bbox 368 3037 411 3066; x_wconf 88' lang='lat' dir='ltr'>M.</span> <span class='ocrx_word' id='word_1_478' title='bbox 476 3038 532 3077; x_wconf 82' lang='lat'>21)</span> <span class='ocrx_word' id='word_1_479' title='bbox 557 3038 696 3068; x_wconf 80' lang='lat' dir='ltr'>ferarum</span> <span class='ocrx_word' id='word_1_480' title='bbox 722 3037 772 3067; x_wconf 86' lang='lat' dir='ltr'>uel</span> <span class='ocrx_word' id='word_1_481' title='bbox 798 3046 873 3075; x_wconf 85' lang='lat' dir='ltr'>pug.</span> <span class='ocrx_word' id='word_1_482' title='bbox 902 3039 1001 3074; x_wconf 76' lang='lat' dir='ltr'>spect.</span> <span class='ocrx_word' id='word_1_483' title='bbox 1026 3045 1076 3074; x_wconf 89' lang='lat' dir='ltr'>po.</span> <span class='ocrx_word' id='word_1_484' title='bbox 1103 3035 1170 3066; x_wconf 83' lang='lat' dir='ltr'>afh.</span> <span class='ocrx_word' id='word_1_485' title='bbox 1234 3036 1291 3076; x_wconf 84' lang='lat'>22)</span> <span class='ocrx_word' id='word_1_486' title='bbox 1316 3036 1432 3075; x_wconf 78' lang='lat' dir='ltr'>plebeii</span> <span class='ocrx_word' id='word_1_487' title='bbox 1453 3036 1499 3066; x_wconf 79' lang='lat' dir='ltr'>fh.</span> <span class='ocrx_word' id='word_1_488' title='bbox 1526 3035 1608 3075; x_wconf 84' lang='lat' dir='ltr'>plebi</span> <span class='ocrx_word' id='word_1_489' title='bbox 1630 3045 1658 3065; x_wconf 81' lang='lat' dir='ltr'>a.</span> <span class='ocrx_word' id='word_1_490' title='bbox 1683 3035 1787 3074; x_wconf 83' lang='lat' dir='ltr'>plebei</span> <span class='ocrx_word' id='word_1_491' title='bbox 1809 3045 1828 3067; x_wconf 91' lang='lat' dir='ltr'>v</span> <span class='ocrx_word' id='word_1_492' title='bbox 1853 3035 2031 3075; x_wconf 84' lang='lat' dir='ltr'>(perperam</span> 
     </span>
     <span class='ocr_line' id='line_1_42' title="bbox 212 3093 969 3139; baseline 0.001 -17"><span class='ocrx_word' id='word_1_493' title='bbox 212 3093 271 3124; x_wconf 81' lang='lat' dir='ltr'>ref.</span> <span class='ocrx_word' id='word_1_494' title='bbox 298 3093 351 3133; x_wconf 79' lang='lat' dir='ltr'>Q),</span> <span class='ocrx_word' id='word_1_495' title='bbox 378 3097 413 3123; x_wconf 83' lang='lat' dir='ltr'>ut</span> <span class='ocrx_word' id='word_1_496' title='bbox 437 3093 513 3124; x_wconf 89' lang='lat' dir='ltr'>MG.</span> <span class='ocrx_word' id='word_1_497' title='bbox 565 3096 621 3135; x_wconf 87' lang='lat'>23)</span> <span class='ocrx_word' id='word_1_498' title='bbox 647 3093 897 3139; x_wconf 73' lang='grc' dir='ltr'>χαρακτερισμῷ</span> <span class='ocrx_word' id='word_1_499' title='bbox 920 3094 969 3123; x_wconf 90' lang='lat' dir='ltr'>fh.</span> 
     </span>
    </p>
   </div>
   <div class='ocr_carea' id='block_1_8' title="bbox 2068 0 2148 3412">
    <p class='ocr_par' dir='ltr' id='par_1_21' title="bbox 2068 0 2148 3412">
     <span class='ocr_line' id='line_1_43' title="bbox 2068 0 2148 3412; baseline 0 0"><span class='ocrx_word' id='word_1_500' title='bbox 2068 0 2148 3412; x_wconf 95' lang='lat' dir='ltr'> </span> 
     </span>
    </p>
   </div>
  </div>
 </body>
</html>
