2148 3412
821 72 869 104 IN
893 72 1002 105 ΛΒΤ.
1028 73 1161 108 ΡοΕΤ.
1831 67 1910 108 625

73 199 238 249 togatas
267 193 529 249 scripserunt
560 195 701 237 Aelius
737 196 888 247 Lamia,
922 198 1121 240 Antonius
1142 198 1292 254 Rufum,
1335 198 1411 242 Gn.
1449 201 1661 251 Melissus,
1694 201 1910 257 Afranius,

73 268 316 324 Pomponius
355 267 663 323 [scripserunt].
741 268 1069 312 Comoediarum
1113 285 1270 327 genera
1314 279 1409 315 sunt
1451 289 1547 316 sex:
1595 275 1782 327 stataria,
1819 291 1910 318 mo-

74 340 196 391 toria,
227 348 458 396 praetexta.
490 341 747 392 tabernaria,
778 351 936 401 togata,
968 344 1156 399 palliata.

184 415 420 456 289-290.
452 415 536 458 Nec
565 418 716 458 uirtute
730 419 836 472 sorec
857 419 1031 460 clarz‘sue
1046 421 1247 475 potentius
1269 422 1393 463 armis
1420 423 1553 473 Quam
1575 423 1715 478 linqua
1740 423 1909 466 Latz'mn.

70 486 166 529 Non
203 487 410 529 minorem
447 489 661 530 consecuti
696 490 874 532 fuissent
913 491 1061 532 Latini
1105 492 1284 547 gloriam
1322 508 1372 535 ex
1411 495 1651 550 eloquentia
1692 512 1818 552 quam
1857 513 1907 538 ex

69 560 211 611 armis,
243 561 278 603 si
308 561 352 602 in
384 561 649 618 corrigendis
680 563 941 607 carminibus
972 565 1166 607 laborare
1198 567 1440 610 uoluissent.
1500 571 1661 612 ue'rtute.
1722 570 1794 611 Ad
1832 571 1907 612 in—

69 634 240 691 genium
263 635 457 690 pertinet.
520 637 657 678 armis.
681 636 752 677 Ad
775 637 886 680 uires
918 638 1113 694 pertinet.
1174 641 1221 682 Si
1248 656 1328 683 non
1359 643 1575 698 offenderet
1604 658 1731 686 unum
1757 645 1906 695 Quem-

66 723 152 766 que.
193 706 243 750 Si
263 723 348 750 non
369 723 440 751 eos
462 709 673 765 inpediret
696 726 782 752 una
804 726 881 761 res,
915 712 957 752 id
980 721 1054 761 est,
1086 714 1186 768 quia
1217 715 1363 757 nolunt
1386 717 1599 772 corrigere
1623 717 1811 760 carmina
1834 734 1907 760 sua

69 786 127 836 [et
154 786 379 838 premere].

181 857 274 898 291.
309 857 401 898 292.
434 857 552 899 limae
583 858 712 900 labor.
757 858 808 899 Id
830 869 904 909 est,
938 861 1207 916 expolitionis
1239 872 1279 903 et
1310 863 1640 914 en1e11dati0nis3
1674 866 1772 907 lima
1793 866 1905 908 enim

66 930 241 972 nitidius
272 930 384 981 facit,
423 930 536 986 quod
572 932 707 973 fuerat
745 932 953 975 scabrum.
1015 935 1171 977 Limam
1209 950 1312 992 ergo
1351 952 1428 992 pro
1466 939 1726 981 correctione
1767 941 1904 995 posuit

64 1003 323 1054 translatitie,
356 1004 435 1045 hoc
467 1012 546 1046 est:
580 1005 614 1046 si
646 1020 817 1047 carmen
840 1022 960 1049 suum
992 1010 1281 1065 unusquisque
1313 1011 1538 1053 emendare
1570 1028 1653 1054 non
1684 1014 1904 1056 fastidiret.

63 1093 149 1129 αοε,
183 1094 203 1121 ο
236 1079 455 1135 Pompilius
485 1081 664 1134 sanquis.
724 1079 775 1120 Id
807 1090 881 1131 est,
915 1081 1104 1124 Pisones.
1151 1082 1222 1125 Ab
1255 1084 1347 1138 ipso
1379 1085 1490 1126 enim
1523 1086 1733 1142 originem
1764 1089 1904 1129 trahe-

64 1152 176 1194 bant.
229 1149 391 1208 Calpus
422 1152 532 1194 filius
563 1162 621 1194 est
659 1151 824 1195 Numae
855 1154 1072 1211 Pompilii,
1119 1172 1143 1197 a
1175 1172 1257 1211 quo
1291 1156 1515 1213 Calpurnii
1547 1159 1725 1202 Pisones
1757 1168 1901 1203 traxe—

63 1234 159 1268 runt
189 1240 356 1268 nomen.

176 1301 272 1342 293.
304 1301 435 1342 multa
467 1300 606 1342 litura.
669 1299 890 1356 Frequens
922 1303 1173 1344 emendatio.

174 1375 268 1416 294.
305 1375 528 1429 Perfectum
560 1374 698 1416 decies.
744 1373 782 1415 F
785 1374 948 1426 initum,
981 1383 1038 1425 ut,
1070 1391 1163 1417 cum
1197 1376 1279 1418 iam
1303 1378 1537 1432 perfectum
1560 1379 1789 1431 uideretur,
1821 1396 1905 1422 non

60 1448 200 1490 decies
217 1447 469 1490 emendauit.
499 1463 580 1490 non
598 1450 818 1503 caste'qauil.
852 1448 1065 1501 Versauit‚
1087 1451 1385 1502 considerauit,
1405 1451 1613 1507 probauit.
1647 1454 1701 1495 ad
1716 1468 1904 1510 mmmm.

60 1521 621 1571 Fractumamarmorariis,
653 1523 725 1577 qui
757 1523 972 1565 iuncturas
1003 1539 1261 1566 marmorum
1282 1540 1423 1580 ungue
1445 1535 1742 1582 pertemptant.
1783 1526 1903 1570 Alibi

61 1595 215 1652 (Serm.
246 1596 280 1647 Ι,
315 1597 353 1647 5,
385 1597 479 1652 32>2
514 1598 567 1639 ad
599 1612 769 1652 unyuem
799 1598 935 1651 seclus
966 1597 1093 1648 homo,
1127 1598 1180 1639 ad
1210 1599 1513 1653 perfectionem
1541 1607 1581 1641 et
1603 1615 1792 1652 examen,
1824 1602 1904 1644 hoc

60 1679 134 1721 est,
167 1670 220 1712 ad
251 1671 486 1725 perfectum
509 1670 727 1712 iudicium.
770 1669 867 1713 Hoc
889 1685 991 1726 ergo
1014 1671 1136 1713 dicit:
1169 1671 1498 1727 Reprehendite‚
1530 1689 1554 1716 o
1575 1673 1766 1725 Pisones,
1798 1675 1903 1716 illud

60 1759 242 1794 carmen,
281 1744 394 1800 quod
424 1758 560 1799 neque
592 1744 770 1785 multum
801 1755 967 1800 tempus
997 1759 1133 1800 neque
1165 1746 1290 1788 litura
1322 1748 1515 1788 correxit.

173 1819 267 1862 295.
303 1819 513 1873 Inqem'um
553 1820 696 1860 malvera
735 1820 831 1875 quia
867 1820 1116 1874 fortunatius
1151 1829 1248 1862 arte.
1325 1820 1441 1873 Quia
1478 1823 1739 1864 Democritus
1784 1822 1899 1873 dicit,

57 1893 150 1950 plus
188 1893 326 1934 ualere
356 1894 557 1948 inqem‘um
589 1907 709 1949 quam
734 1895 940 1950 peritiam,
979 1900 1019 1935 et
1050 1893 1149 1947 quia
1180 1894 1297 1944 dicit,
1337 1909 1417 1936 non
1451 1899 1566 1948 [esse]
1602 1897 1725 1938 bonos
1760 1905 1898 1953 poetas

58 1983 151 2017 esse,
183 1968 260 2009 m'si
279 1967 347 2022 qui
368 1965 715 2022 z‘nsania[u]nt;*)
748 1966 826 2008 hoc
858 1966 970 2008 idem
992 1974 1032 2008 et
1054 1966 1208 2024 Pla10[‚
1240 1968 1308 2009 uel
1332 1969 1607 2026 Democritus]
1641 1970 1712 2019 ait,
1741 1980 1899 2027 poetam
1927 1988 1932 1995 ·

57 2047 177 2097 putat
204 2055 286 2082 non
306 2048 390 2082 arte
406 2040 501 2095 sieri
519 2039 740 2082 salmacium
770 2042 896 2082 nasci.
933 2040 1054 2097 Ergo
1077 2041 1176 2095 quia
1198 2041 1471 2085 Democritus
1493 2043 1712 2100 ingenium
1735 2044 1899 2087 felicius

57 2121 160 2165 arte,
191 2114 287 2156 ideo
318 2114 515 2155 miseram
547 2128 640 2154 eam
662 2113 765 2155 dicit
780 2113 999 2165 Horatius,
1024 2123 1064 2155 et
1088 2115 1311 2168 [homines]
1345 2124 1572 2172 propterea
1591 2118 1714 2160 multi
1734 2120 1896 2174 fingunt

56 2189 254 2239 furorem,
286 2195 329 2229 ut
361 2195 510 2243 poetae
540 2187 778 2228 uideantur.
829 2186 990 2229 Misera
1012 2196 1149 2229 autem
1173 2204 1240 2230 ars
1262 2197 1335 2241 est,
1369 2190 1578 2246 siquidem
1610 2207 1693 2234 non
1715 2200 1899 2234 meretur

56 2277 209 2305 nomen
240 2268 389 2318 poetae
420 2261 627 2317 accipere,
661 2260 731 2315 qui
762 2261 888 2302 habet
921 2268 1065 2310 artem,
1097 2262 1178 2304 nisi
1201 2263 1272 2318 qui
1293 2263 1488 2305 habuerit
1509 2265 1635 2307 etiam
1656 2266 1896 2322 ingenitum

174 2351 206 2390 1)
232 2350 327 2380 Elius
353 2350 440 2391 't'N³¹'·
467 2348 582 2378 Helius
608 2358 676 2378 vac.
712 2348 813 2378 ruffus
844 2349 873 2378 N
897 2348 982 2379 Med.
1008 2367 1050 2370 —
1075 2359 1188 2388 gneus.
1215 2360 1240 2393 γ.
1281 2351 1454 2381 Weiehert.
1481 2353 1520 2382 de
1546 2352 1635 2383 Cass
1662 2354 1766 2384 Parm.
1793 2356 1898 2385 uoluit

59 2407 94 2438 C.
120 2407 282 2438 Melissus.
311 2406 371 2436 Gn.
399 2406 543 2436 milessus
569 2406 608 2436 N.
637 2404 698 2435 Gn.
724 2406 877 2435 melissus
904 2405 942 2436 G.
969 2406 1026 2436 cri.
1047 2406 1191 2437 milissus
1218 2418 1241 2438 r.
1267 2418 1316 2438 en.
1342 2410 1471 2439 melisns
1496 2420 1526 2439 v.
1554 2411 1623 2440 rell.
1649 2410 1705 2440 Cn.
1731 2411 1896 2441 Melissus.

57 2464 219 2505 (fidemus
243 2463 336 2507 *(G‚v.
374 2464 546 2503 zfficanus
584 2464 623 2493 N.
662 2463 729 2495 rell.
767 2463 933 2493 Afranius.
997 2462 1033 2503 2)
1058 2465 1197 2495 matoria
1222 2474 1247 2507 γ.
1276 2466 1409 2495 metoria
1434 2466 1463 2495 N
1488 2466 1571 2496 Med.
1636 2468 1670 2506 3)
1696 2472 1899 2505 praetextata

55 2521 160 2552 vcafh.
189 2522 219 2561 (r
244 2532 305 2552 om.
332 2524 434 2560 praet.
460 2520 603 2559 tabern).
632 2538 671 2541 -ν-
699 2520 838 2558 palleata
862 2530 889 2562 γ.
940 2520 973 2560 7)
1002 2521 1143 2559 pertinet
1167 2531 1194 2563 γ.
1261 2523 1295 2561 8)
1322 2523 1353 2551 id
1379 2527 1427 2553 est
1452 2524 1529 2561 quia
1554 2523 1668 2553 nolunt
1694 2533 1773 2553 corr.
1801 2534 1896 2554 earm.

56 2589 113 2609 sua
137 2589 164 2621 γ.
192 2580 261 2609 rell.
286 2588 348 2616 res,
376 2579 461 2618 quod
487 2578 600 2607 nolunt
626 2587 688 2607 car.
723 2586 781 2607 sua
806 2586 887 2607 corr.
915 2581 947 2607 et
972 2587 1126 2616 premere.
1194 2578 1248 2616 10)
1277 2578 1313 2607 Id
1340 2584 1386 2609 est
1412 2580 1469 2621 TN.
1498 2580 1567 2609 rell.
1595 2590 1656 2610 om.
1684 2580 1898 2619 expeditionis

54 2646 72 2679 γ
96 2635 181 2666 Med.
210 2636 318 2674 expol.
345 2636 416 2665 rell.
485 2632 540 2675 11)
567 2635 669 2664 nitius
695 2643 721 2676 γ.
790 2633 844 2672 14)
874 2632 1000 2672 Calycz's
1025 2634 1047 2664 f.
1075 2644 1101 2664 e.
1129 2643 1251 2664 numme
1276 2645 1302 2676 γ.
1340 2635 1452 2674 calycis
1477 2636 1507 2665 N
1531 2636 1616 2665 Med.
1649 2635 1752 2675 capsis
1777 2641 1825 2667 est
1853 2638 1896 2667 fil.

55 2702 171 2723 numae
196 2702 220 2723 r.
247 2710 289 2713 —
317 2692 510 2731 Calplzurnii
536 2691 582 2721 fh.
622 2690 767 2729 calpurni
790 2700 814 2719 r.
840 2691 978 2729 calpzmii
1004 2700 1034 2721 v.
1102 2692 1156 2730 16)
1183 2692 1282 2721 Multa
1307 2691 1399 2721 litura
1426 2710 1466 2713 -
1493 2694 1643 2730 probauit
1668 2704 1729 2724 om.
1756 2694 1785 2723 N
1810 2694 1896 2724 Med.

57 2748 186 2788 G,rvca.
215 2767 256 2771 —
281 2749 375 2788 Freq.
402 2758 461 2778 em.
487 2748 617 2778 elimando
632 2747 667 2778 C.
717 2749 774 2787 24)
801 2757 863 2777 non
890 2748 939 2777 bo.
965 2757 1015 2785 po.
1042 2757 1112 2777 esse
1138 2757 1164 2789 γ.
1193 2749 1262 2777 rell.
1291 2758 1354 2778 non
1381 2758 1448 2778 esse
1466 2750 1515 2779 bo.
1534 2759 1585 2787 po.
1635 2750 1692 2789 25)
1720 2755 1752 2780 et
1776 2760 1837 2781 om.
1857 2752 1894 2780 N.

54 2806 165 2845 plauto
181 2816 206 2848 γ.
273 2805 331 2845 26)
358 2805 447 2844 Ergo
473 2805 529 2844 qui
550 2815 578 2847 γ.
598 2804 766 2843 —felc'tizls
791 2813 816 2846 γ.
858 2803 971 2834 beatius
995 2805 1101 2835 uoluit
1126 2804 1313 2835 Glareanus.
1339 2804 1444 2834 melius
1468 2806 1616 2836 Dtintzer
1633 2806 1687 2843 IV,
1707 2807 1782 2838 501.
1810 2810 1894 2838 conf.

57 2863 317 2902 szortunatius.
343 2864 445 2893 multo
472 2863 588 2893 melius
615 2866 675 2892 ete.
704 2862 846 2891 ualidius
874 2860 912 2897 Q.
940 2861 1081 2891 debilius
1107 2862 1137 2891 N
1162 2862 1246 2892 Med.
1275 2861 1440 2899 G,rvcafh.
1466 2863 1542 2891 uide
1568 2863 1667 2893 schol.
1694 2864 1787 2894 infra.
1837 2866 1895 2903 27)

56 2921 203 2951 horatius
230 2925 261 2956 et
287 2924 392 2959 propt.
419 2930 445 2962 γ.
473 2920 555 2949 dicit
581 2924 613 2950 et
638 2924 741 2957 propt.
771 2917 859 2956 G,fh.
887 2918 968 2948 dicit
994 2924 1026 2949 et
1051 2918 1180 2949 homines
1205 2924 1309 2957 propt.
1342 2918 1440 2956 Med,
1476 2922 1592 2955 rvcaQ.
1631 2920 1712 2950 dicit
1750 2924 1781 2950 et
1818 2921 1893 2951 lwm.

55 2977 140 3007 multi
162 2982 265 3016 propt.
292 2978 331 3007 N.
397 2977 454 3016 28)
483 2986 545 3006 non
572 2986 622 3015 po.
649 2986 674 3018 γ.
702 2976 772 3006 rell.
807 2985 855 3013 po.
882 2985 1005 3005 nomen.
1033 2980 1171 3005 moretur
1196 2986 1225 3005 v.
1292 2976 1348 3014 29)
1376 2975 1426 3014 qui
1461 2985 1520 3005 om.
1559 2977 1678 3015 N‚caQ.
1718 2978 1830 3007 habeat
1866 2978 1895 3007 N

56 3035 188 3073 (habeat
212 3034 253 3074 et)
280 3034 392 3071 G‚vca.
430 3033 570 3063 habuerit
592 3034 670 3075 7,fh.
709 3033 858 3063 mutilum
886 3033 918 3062 in
942 3043 974 3062 r:
1010 3034 1077 3071 ‘qui
1104 3034 1201 3062 habet
1228 3038 1331 3062 artem
1357 3033 1524 3071 ingenium
1550 3038 1602 3063 aut
1628 3035 1730 3064 solum
1758 3035 1826 3063 suff.
1854 3036 1893 3064 ad

55 3091 206 3130 poeto-iam
230 3101 294 3122 non
319 3092 395 3121 ars?
444 3090 479 3130 *)
506 3090 574 3121 Cic.
601 3090 714 3120 Diuin.
742 3090 768 3131 Ι,
788 3091 846 3121 37:
874 3091 987 3130 ‘negat
1010 3090 1073 3120 siue
1085 3089 1203 3129 furore
1228 3089 1319 3119 Dem.
1348 3093 1476 3128 poetam
1502 3099 1653 3128 magnum
1681 3100 1749 3121 esse
1777 3093 1891 3129 posses

191 3168 350 3195 HAUTHAL,
368 3168 436 3190 Aen.
452 3169 491 3189 ET
507 3168 621 3189 PORPH.
638 3168 666 3189 11.
1587 3157 1619 3181 40

1934 877 1947 908 l
1955 878 1974 908 Ο

1932 1246 1970 1276 13

1930 1614 1971 1645 20
