2148 3412
796 139 842 171 1N
869 138 1014 170 nr1sr
1040 138 1066 176 1,
1094 142 1144 170 18.
1804 125 1884 165 487

172 265 238 306 45.
269 265 528 320 quotiensque.
590 262 780 315 Quoties,
812 262 961 316 inquit,
993 261 1207 317 parauerit
1238 259 1298 301 ire
1330 266 1525 301 uenatum
1560 258 1726 315 [Aetolis
1754 259 1889 314 plaqis

60 336 298 393 Meleager]
334 335 616 391 Calydonium
649 351 798 391 aprum
830 335 983 378 nobilis
1014 342 1189 376 uenator
1221 334 1397 389 excepit.
1457 333 1562 374 Inde
1594 347 1698 389 ergo
1729 331 1890 387 epithe-

60 418 131 452 ton
160 410 258 452 fecit
287 409 506 460 Horatius,
537 417 582 450 ut
612 408 776 451 Aetolis
806 409 965 450 retibus
997 409 1051 449 ad
1082 423 1208 463 apros
1238 407 1360 448 factis
1391 407 1697 463 intellegamus.

172 486 238 525 47.
272 485 401 539 Surqe
432 494 465 525 et
493 484 737 526 inhumanae
768 485 923 525 senium
953 484 1101 539 clepone
1128 482 1332 524 Camenae.
1396 482 1646 523 Inlzumcmae
1677 479 1891 521 Camenae

60 573 144 600 non
175 564 237 599 est
266 564 515 612 perpetuum
547 557 774 612 epitheton,
820 557 893 598 sed
923 555 1151 597 inhumane
1186 554 1277 611 [ad]
1311 569 1404 596 eum
1438 554 1633 609 adspicit,
1682 554 1752 609 qui
1799 568 1891 594 eam
1940 564 1957 590 ἴ»

61 631 201 673 laedit.

171 705 237 746 48.
264 704 472 760 pulmenta
502 705 705 746 laboribus
744 712 885 760 empta.
966 702 1164 745 Suauiter
1210 702 1430 758 signifieat,
1477 702 1593 743 cibos
1639 716 1689 742 ex
1734 702 1893 757 praeda

65 792 155 820 esse
185 784 317 819 natos.

172 853 239 893 49.
270 852 463 893 Romanis
480 852 678 893 sollemne.
739 850 810 892 Ab
833 851 1006 894 honesto
1027 851 1117 892 uult
1137 850 1409 906 persuadere,
1444 848 1632 891 laborem
1654 849 1893 890 uenaticum

61 940 146 968 non
175 924 505 966 detrectandum.
1920 932 1959 962 10

174 999 238 1040 50.
271 1001 452 1055 uitaeque
484 1008 519 1040 et
548 999 743 1040 membris.
804 998 899 1040 Hoc
930 997 983 1039 ab
1014 997 1107 1039 utili
1142 1004 1354 1052 sumptum
1400 1004 1474 1048 est,
1518 999 1759 1054 praesertim
1804 1011 1895 1039 cum

67 1074 206 1115 ualeas
238 1088 262 1113 a
291 1072 497 1128 possibili.

174 1148 239 1189 52.
272 1148 388 1197 adde,
419 1147 559 1188 m‘rilz‘a
590 1147 695 1203 quod
723 1147 950 1203 speciosius.
1011 1144 1097 1186 Hic
1128 1144 1322 1193 ostendit,
1355 1152 1476 1200 turpe
1508 1159 1598 1186 esse
1630 1159 1793 1186 cessare
1824 1144 1896 1185 fir-

64 1221 238 1263 miorem
270 1221 396 1262 etiam
427 1220 729 1262 infirmioribus
760 1219 1070 1268 laborantibus3
1104 1226 1144 1260 et
1173 1219 1253 1261 hoc
1284 1234 1308 1259 a
1339 1233 1520 1274 persona
1553 1225 1762 1273 sumptum
1794 1225 1867 1259 est.

177 1296 242 1337 53.
275 1297 366 1345 scis,
399 1310 474 1351 quo
506 1295 680 1336 clamore
711 1308 895 1336 coronae.
956 1293 1006 1333 Id
1027 1300 1102 1343 est,
1134 1292 1336 1348 suffragio
1359 1307 1552 1343 coronae,
1584 1292 1628 1333 id
1650 1299 1724 1342 est,
1755 1291 1897 1333 multi·
1928 1301 1964 1332 15

64 1368 222 1410 tudinis
253 1367 514 1423 spectatricis
544 1367 588 1408 in
620 1382 769 1422 campo
799 1366 959 1408 Martio
991 1366 1178 1408 exerceri
1210 1366 1357 1408 soleas.
1439 1365 1566 1418 Quod
1604 1372 1899 1422 argumentum

65 1458 90 1484 a
118 1442 271 1484 minori
303 1442 356 1482 ad
387 1441 522 1483 maius
554 1441 728 1490 dicitur3
775 1456 872 1482 nam
905 1441 939 1482 si
969 1441 1050 1482 hoc
1080 1440 1185 1482 facis
1216 1440 1304 1481 ludi
1350 1455 1476 1482 causa
1521 1447 1696 1490 tantum,
1741 1446 1899 1494 quanto

65 1516 201 1573 magis
231 1517 360 1558 facies
391 1522 564 1571 propter
595 1515 803 1556 amicitias
835 1521 875 1556 et
904 1514 1128 1555 utilitatem
1159 1515 1300 1555 tuam?

179 1592 244 1632 54.
278 1591 342 1632 55.
376 1578 542 1645 [lenique
588 1604 752 1631 saeuam
785 1589 970 1632 Militiam
998 1603 1113 1644 puer.
1194 1586 1378 1630 Occasio
1422 1587 1558 1629 laudis
1603 1587 1817 1629 inicienda
1861 1593 1902 1628 et

66 1664 210 1720 ipsius,
243 1664 296 1705 ad
328 1679 452 1719 quem
484 1663 643 1713 scribit,
675 1669 716 1704 et
747 1661 946 1704 Caesaris
978 1660 1178 1717 Augusti.
1924 1669 1965 1699 20

180 1739 245 1780 56.
277 1738 359 1780 Sub
391 1738 490 1779 (luce
523 1737 612 1793 [qui
629 1738 779 1792 templis
805 1736 1048 1778 Pscrtlcorwn
1070 1737 1183 1791 sigma
1204 1736 1371 1791 refioez't]
1435 1734 1548 1788 Quia
1584 1735 1660 1777 sub
1695 1733 1899 1784 Caesare,

67 1812 214 1867 inquit,
247 1811 443 1867 Augusto
473 1811 574 1853 olim
604 1810 649 1851 in
682 1808 912 1852 Cantabria
943 1809 1145 1860 militasti,
1177 1809 1249 1864 qui
1280 1823 1391 1850 nunc
1421 1824 1446 1850 a
1465 1808 1637 1850 Parthis
1669 1809 1791 1864 signa
1813 1808 1899 1850 Ro-

69 1901 194 1928 mana
224 1886 439 1941 quondam
470 1892 594 1941 capta
625 1899 719 1926 cum
753 1883 908 1926 Crasso
939 1883 1112 1939 recepit.

182 1962 247 2003 57.
281 1960 497 2013 adiudicat.
528 1958 752 2014 Adiungit.

181 2035 246 2076 58.
279 2035 349 2084 Ac,
395 2048 443 2075 ne
475 2041 508 2074 te
539 2032 727 2074 retrahas
759 2040 793 2073 et
822 2031 1108 2073 inexcusabilis
1141 2031 1259 2072 absis.
1341 2028 1500 2071 Sensus
1544 2028 1613 2070 hic
1659 2035 1739 2070 est:
1788 2027 1901 2079 Noli,
1929 2037 1969 2067 25

70 2107 217 2163 inquit,
262 2114 302 2148 tc
333 2107 546 2148 retrahere
577 2121 626 2148 ac
658 2106 869 2161 denegare
899 2104 1061 2146 ludenti
1091 2103 1239 2145 amico.
1318 2102 1414 2145 Non
1460 2102 1571 2143 enim
1620 2117 1819 2144 excusare
1864 2111 1904 2143 te

73 2190 203 2237 potes,
251 2181 362 2237 quod
393 2181 484 2236 ipse
516 2194 745 2235 numquam
776 2178 939 2229 luseris,
985 2178 1234 2233 praesertim
1266 2191 1360 2219 oum
1391 2176 1434 2217 in
1465 2176 1567 2218 uilla
1597 2183 1668 2216 tua
1699 2190 1792 2217 cum
1823 2176 1905 2217 tuis

75 2271 200 2313 saepe
230 2255 403 2311 nugeris
434 2269 484 2296 ac
514 2254 647 2295 ludas.

184 2331 250 2372 59.
284 2329 479 2380 Quamuis
510 2329 569 2370 m'l
599 2336 730 2370 extra.
792 2325 1013 2378 Quamuis,
1046 2325 1194 2380 inquit,
1227 2324 1396 2380 sapiens
1427 2323 1483 2365 sis
1514 2330 1554 2364 et
1574 2337 1740 2365 omnem
1762 2337 1905 2364 curam

73 2410 186 2446 tuam
218 2403 271 2445 ad
302 2417 522 2445 numerum
553 2401 768 2444 hominum
800 2413 1044 2455 moremque
1074 2398 1245 2455 redigas
1275 2397 1314 2439 h.
1349 2411 1382 2439 e.
1413 2397 1466 2438 ad
1497 2397 1715 2447 rationem,
1755 2396 1808 2437 ad
1840 2410 1906 2437 sa-
1932 2403 1973 2433 30

191 2590 222 2629 l)
247 2588 373 2620 Aetolis
398 2589 505 2627 plagis
531 2587 606 2617 Mel.
631 2596 692 2617 om.
720 2587 751 2616 h.
778 2587 798 2616 l.
826 2585 950 2615 MRQG.
1013 2585 1045 2623 3)
1072 2585 1152 2615 facit
1179 2585 1208 2614 2.
1270 2585 1303 2623 5)
1331 2584 1524 2613 inhumanae
1549 2582 1590 2612 (cd
1614 2591 1684 2611 eum
1709 2579 1799 2610 vafli.
1825 2580 1909 2619 aspi-

76 2646 121 2676 cit
145 2647 232 2676 libri.
259 2647 434 2676 inhumane
458 2655 528 2675 cum
554 2654 623 2682 asp.
649 2645 705 2682 qui
729 2643 790 2672 iam
815 2643 914 2672 laedit
942 2641 1036 2671 MR2.
1077 2642 1251 2671 inhumane
1281 2650 1351 2671 eum
1378 2651 1447 2679 asp.
1475 2639 1513 2675 Q.
1580 2639 1613 2677 7)
1641 2639 1725 2668 cinos
1752 2647 1793 2666 ex
1818 2647 1894 2675 prae

77 2703 147 2733 dam
173 2713 213 2733 ex
238 2707 341 2732 senatu
368 2702 447 2742 (sic)
472 2702 515 2731 M.
568 2702 623 2739 11)
643 2700 825 2739 praesertim
855 2718 887 2720 -ψ
920 2700 1067 2738 possibili
1094 2704 1123 2728 et
1151 2699 1248 2727 schol.
1268 2699 1395 2736 subseq.
1421 2697 1507 2725 Adde
1523 2716 1543 2717 -.
1581 2700 1621 2725 (net
1646 2693 1823 2733 (MRAQG)
1849 2703 1908 2723 om.

77 2760 164 2789 vafh.
181 2760 440 2790 homoeoteleuto
457 2763 602 2797 sumptum
619 2762 670 2787 est.
723 2757 779 2795 15)
807 2766 934 2786 corz-mac
960 2765 1022 2794 quo
1047 2755 1134 2789 suffr,
1160 2754 1287 2785 MR2G.
1313 2763 1451 2784 coronae.
1478 2753 1516 2781 M
1538 2757 1588 2786 est,
1615 2762 1681 2782 cnm
1705 2750 1793 2781 suffr.
1819 2750 1909 2779 vafh.

77 2825 216 2847 coronae.
245 2816 314 2847 Scis
339 2826 400 2855 quo
426 2816 515 2845 suffr.
545 2815 582 2850 Q.
612 2833 647 2835 fi
676 2823 806 2843 coronae
832 2814 863 2842 id
890 2817 939 2842 cst.
964 2812 1034 2841 MR.
1062 2811 1178 2850 (idem)
1206 2813 1237 2841 2.
1265 2812 1333 2841 rell.
1361 2821 1420 2840 om.
1459 2813 1657 2847 spectatur-ae
1682 2808 1746 2837 assi.
1787 2812 1911 2845 specta-

79 2873 152 2903 turis
177 2884 206 2903 v.
233 2873 434 2912 spectatricis
447 2871 670 2909 MRA2G(Q).
721 2871 778 2909 21)
805 2871 859 2908 qui
878 2888 912 2890 ἡὴ
929 2870 1038 2898 refixit
1066 2868 1110 2898 fh.
1138 2870 1206 2898 rell.
1234 2878 1293 2897 om.
1346 2868 1402 2905 22)
1429 2876 1513 2895 nunc
1540 2866 1662 2903 parthis
1688 2863 1793 2893 scribit
1815 2863 1913 2902 εἴρηαι

79 2939 104 2958 r.
131 2940 155 2959 e.
185 2939 301 2960 crasso.
332 2930 452 2967 recepit
478 2939 537 2958 om.
565 2927 689 2957 MRQG.
730 2926 890 2964 quondam
918 2936 976 2955 om.
1005 2926 1043 2960 Q.
1110 2926 1167 2963 24)
1194 2924 1230 2953 Id
1257 2928 1305 2953 est.
1331 2923 1479 2961 adiungit
1508 2923 1534 2950 2.
1573 2921 1721 2959 adiungit
1748 2921 1766 2949 i.
1793 2920 1912 2949 italicis

80 2987 177 3016 arinis
202 2986 265 3029 Βφ.
317 2986 375 3024 26)
402 2990 427 3015 te
453 2990 543 3023 potes
572 2983 696 3023 2G(Q).
723 2984 791 3012 rell.
820 2993 878 3012 om.
907 2985 1010 3020 potest
1033 2981 1074 3010 M.
1102 2982 1160 3011 rell
1187 2984 1277 3019 potes.
1306 2988 1460 3009 excusare
1485 2982 1587 3016 potest
1598 2977 1639 3007 M.
1668 2987 1738 3006 exc.
1764 2981 1789 3006 te
1815 2982 1911 3014 potes,

82 3041 142 3072 2G.
167 3052 237 3072 exc.
266 3046 356 3081 potes
371 3042 500 3078 R‚vafh.
528 3041 717 3079 praesertim
735 3039 787 3078 qui
801 3039 835 3067 M
864 3038 1047 3078 (perperam
1062 3039 1118 3067 rei.
1136 3037 1180 3076 Q)
1206 3037 1263 3066 ΗΑ
1291 3036 1361 3065 rell.
1389 3045 1435 3073 pr.
1462 3044 1538 3064 cvm.
1563 3034 1650 3064 nulla
1667 3032 1759 3062 MRG
1787 3033 1911 3071 (coria).

81 3099 147 3128 rell.
196 3101 253 3140 27)
279 3100 309 3129 in
334 3099 420 3129 villa.
446 3099 581 3137 nugaris
610 3097 649 3127 G.
715 3098 773 3136 28)
799 3096 912 3126 laudas
938 3096 1044 3133 ΜΒΝ.
1096 3096 1152 3133 30)
1180 3101 1360 3131 morumque
1384 3091 1461 3122 MG.
1488 3099 1664 3129 moremque
1690 3090 1724 3119 R.
1751 3090 1820 3119 rell.
1846 3099 1912 3119 mo-

80 3154 211 3194 dumque
