2148 3412
812 136 860 168 IN
887 136 1031 168 EPIST.
1056 137 1082 175 1,
1112 141 1160 168 14.
1817 129 1898 169 441

181 257 248 298 36.
276 257 409 313 pudet.
439 256 549 299 Non.
609 272 689 300 non
720 259 906 302 incidere.
943 258 1038 301 Non
1069 260 1202 303 finire.

180 330 246 371 37.
277 332 378 373 istic.
438 330 489 371 In
520 345 637 386 agro.

179 404 245 445 38.
278 404 421 446 Limat.
483 404 614 455 Terit,
647 405 758 447 unde
789 413 827 447 et
860 407 980 448 limat.

180 485 360 519 uenenat.
419 476 459 518 N
462 492 539 519 0116
561 488 745 520 uenenat.

180 552 246 592 39.
280 551 439 593 Rident.
498 551 594 593 Non
626 552 828 594 inuident.

177 626 244 666 40.
281 625 379 667 Cum
410 627 548 668 seruis.
623 625 757 667 Deest
789 635 831 668 tu
861 641 971 668 uero.
1039 628 1178 669 charia.
1210 628 1350 669 Aliter
1382 631 1547 671 cibaria.
1610 631 1758 673 Βίαν-ἴα
1806 640 1899 673 sunt

68 704 181 739 certa
213 698 424 753 stipendia
455 699 698 749 cottidiana,
735 714 842 753 quae
875 707 915 740 et
945 698 1127 742 salaria(
1173 701 1322 744 Victus
1345 702 1791 753 56111661601111111111115,
1828 705 1899 759 qui

65 771 335 814 mensuratim
367 773 500 815 seruis
521 772 788 824 adtribuimr,
820 781 858 815 et
881 781 943 815 est
964 789 1128 816 sensus:
1161 774 1316 826 Manis,
1350 777 1499 831 inquit,
1532 778 1680 819 rodere
1716 779 1760 819 in
1796 778 1899 821 urbe

65 846 276 902 stipendia
307 846 457 897 diaria,
491 862 584 888 cum
617 847 764 898 seruis,
798 862 924 902 quam
957 849 1000 889 in
1032 864 1127 890 rure
1158 849 1266 891 liber
1297 850 1458 892 uiuere.

174 921 347 962 urbana.
406 920 457 961 Id
488 928 561 971 est,
596 922 745 976 (nonP)
777 922 946 972 rustica,
979 936 1073 964 cum
1105 923 1249 965 seruis.
1310 924 1478 966 Incerta
1509 925 1734 967 distinctio.

174 996 242 1035 41.
274 996 430 1037 inuidet
448 1009 578 1037 usum.
641 994 737 1047 Quo
768 995 883 1046 dicit,
914 1004 954 1037 te
985 1003 1023 1037 et
1055 996 1183 1054 lignis
1216 1006 1255 1039 et
1285 998 1500 1040 holeribus
1532 999 1762 1041 abundare.

175 1070 240 1109 42.
274 1069 373 1111 calo.
436 1067 609 1119 Seruus,
642 1069 752 1110 unde
785 1077 825 1110 et
855 1071 1028 1112 calones.

178 1141 263 1198 [43.
297 1143 494 1199 ephippia.
556 1141 757 1198 (Sellain)
780 1141 870 1184 Alii
892 1153 1088 1199 saqmata,
1120 1144 1323 1187 Nonnulli
1347 1161 1408 1196 ea,
1433 1161 1539 1201 quae
1561 1153 1729 1202 praeter
1750 1147 1897 1203 iugum

64 1215 223 1271 (equis)
257 1216 474 1258 curulibus
500 1216 806 1273 imponuntur.]

173 1291 241 1332 44.
273 1298 459 1332 ewerceat
490 1299 627 1332 artem.
690 1290 771 1346 [Ut
802 1298 844 1331 tu
875 1291 962 1332 ruri
995 1291 1051 1332 sis
1082 1291 1223 1333 colens
1245 1299 1376 1334 artem
1399 1300 1525 1344 tuam,
1560 1309 1685 1349 quam
1708 1295 1896 1350 coepisti,

62 1370 101 1405 et
132 1363 202 1405 ille
234 1364 324 1406 calo
356 1364 433 1405 tibi
464 1364 659 1405 inuidens
691 1364 731 1404 in
766 1363 869 1405 urbe
900 1365 1148 1422 remaneat]
1211 1364 1331 1408 Ordo
1364 1375 1445 1408 est:
1492 1367 1661 1409 Inuidet
1706 1369 1783 1410 tibi
1829 1384 1898 1409 ar-

62 1444 186 1493 gutus
219 1437 310 1479 calo
341 1454 461 1480 usum
492 1438 705 1494 lignorum
738 1444 778 1478 et
808 1453 928 1479 usum
959 1439 1124 1493 pecoris
1156 1447 1193 1480 et
1225 1455 1346 1481 usum
1379 1441 1503 1492 horti,
1551 1448 1590 1483 et
1625 1449 1686 1484 est
1731 1457 1895 1484 sensus:

61 1511 165 1563 calo,
211 1512 359 1567 inquit,
397 1520 650 1568 conportans
680 1512 811 1568 ligna,
858 1527 1090 1567 procurans
1120 1528 1250 1569 pecus
1281 1521 1320 1555 et
1364 1516 1529 1557 hortum
1576 1516 1619 1556 in
1663 1516 1768 1558 urbe
1813 1532 1897 1558 11011

60 1585 148 1627 51116
179 1586 224 1641 (l.
258 1586 385 1643 sinet)
418 1593 456 1628 te
488 1586 650 1641 aliquid
680 1586 831 1627 horum
863 1593 1050 1642 tangere,
1099 1587 1133 1628 si
1164 1588 1208 1628 in
1239 1588 1343 1630 urbe
1376 1604 1470 1630 cum
1502 1604 1550 1631 eo
1587 1591 1805 1641 manseris,
1853 1591 1896 1632 in

60 1674 155 1701 rure
177 1667 315 1702 autem
338 1676 512 1702 manens
534 1669 654 1716 potes
676 1660 808 1702 libere
830 1661 894 1702 his
915 1661 987 1702 uti.
1055 1662 1151 1703 Calo
1173 1668 1312 1703 autem
1335 1662 1489 1704 (licitur
1511 1663 1685 1718 quilibet
1706 1664 1897 1706 minister

58 1733 125 1775 uel
156 1749 181 1776 a
211 1735 421 1789 frequenti
451 1735 686 1786 uacatione,
719 1735 787 1776 uel
816 1735 928 1790 quod
963 1749 1088 1790 saepe
1120 1742 1186 1777 eat
1216 1736 1436 1793 lignatum.
1496 1736 1607 1780 Nam
1630 1740 1712 1780 calo
1735 1740 1894 1794 (καλῶ)

59 1815 177 1851 sonat
207 1824 324 1859 noco,
358 1810 465 1852 calin
497 1810 666 1864 (κοῖλον)
699 1816 819 1851 sonat
850 1809 1036 1865 lignum.

795 1940 1149 1984 PORPHYRION.

179 2032 294 2073 Vilice
326 2032 539 2073 sz'luarmn.
600 2030 672 2071 Ad
703 2030 877 2072 uilicum
910 2046 1030 2072 suum
1063 2031 1221 2081 scribit,
1269 2032 1465 2087 inquiens
1507 2031 1569 2089 [in
1601 2047 1684 2088 qua
1714 2034 1897 2074 ostendit

59 2119 225 2146 omnem
255 2105 470 2147 hominem
516 2104 726 2147 uitiosum.
796 2104 983 2146 Proinde
1029 2105 1287 2147 uoluntatem
1335 2121 1452 2148 suam
1485 2113 1598 2148 etse
1630 2107 1754 2148 51111111
1801 2123 1895 2150 611111

176 2303 207 2342 l)
233 2303 306 2333 Non
330 2312 356 2345 γ.
385 2303 454 2332 rell.
481 2312 541 2331 om.
569 2319 611 2322 —-
637 2301 708 2330 Non
736 2301 830 2330 finire
854 2300 921 2342 300.
949 2301 1015 2330 rell.
1042 2310 1102 2332 om.
1153 2301 1188 2341 2)
1217 2302 1252 2331 In
1279 2311 1355 2340 agro
1380 2301 1444 2344 ·s,C.
1506 2304 1540 2341 3)
1568 2303 1669 2340 Terit,
1695 2303 1781 2332 unde
1807 2307 1833 2332 ec
1856 2304 1894 2333 li-

60 2363 123 2390 mat
145 2369 161 2402 γ
188 2360 289 2399 (unde
314 2360 388 2389 lima
414 2358 470 2398 C),
496 2358 530 2388 C.
581 2357 617 2397 4)
644 2359 734 2388 Noue
760 2361 901 2387 uenenat
925 2367 951 2399 γ.
978 2357 1062 2387 conf.
1091 2357 1133 2388 C:
1159 2368 1251 2395 noue,
1278 2359 1311 2388 id
1334 2364 1384 2396 esc,
1399 2359 1553 2399 fascinat.
1611 2360 1645 2398 5)
1673 2360 1743 2390 Non
1767 2360 1830 2389 inu.
1858 2359 1894 2390 C.

58 2416 170 2447 uident
195 2427 211 2459 γ
271 2418 305 2457 6)
331 2417 437 2447 Aliter
462 2434 504 2437 -—
529 2416 640 2445 uiuere
664 2424 691 2457 γ.
719 2415 789 2444 rell.
815 2424 874 2444 0111.
906 2414 989 2445 conf.
1017 2414 1058 2445 C:
1087 2415 1209 2445 ί(Ζίανία.
1236 2417 1367 2448 cibaria.
1436 2418 1490 2457 10)
1518 2418 1554 2446 Id
1580 2422 1631 2447 est
1655 2435 1697 2439 ——
1724 2418 1895 2448 distinctio

57 2482 84 2514 γ.
110 2473 191 2504 conf.
219 2473 261 2504 C:
289 2476 371 2512 ‘sup.
398 2478 507 2510 tamen,
544 2482 603 2502 non
630 2472 707 2510 (0111.
732 2472 764 2514 γ)
791 2472 933 2502 rustica)
1001 2473 1055 2510 11)
1084 2472 1153 2508 Quo
1178 2473 1336 2503 holeribus
1363 2474 1549 2503 habundans
1574 2483 1599 2515 γ.
1633 2474 1714 2503 conf.
1743 2474 1785 2503 C:
1813 2476 1895 2504 ‘cum

58 2529 137 2559 uidet
160 2534 191 2560 te
227 2530 321 2569 lignis
359 2535 391 2560 et
426 2530 566 2560 oleribus
603 2529 775 2566 abundare,
813 2532 839 2557 et
875 2528 959 2558 laete.
1027 2529 1082 2567 12>
1110 2528 1228 2560 Seruus
1254 2549 1296 2551 —
1323 2532 1450 2561 calones
1474 2541 1500 2572 γ,
1529 2530 1608 2561 conf.
1640 2530 1676 2567 C,
1704 2531 1757 2569 qui
1783 2531 1894 2561 addit:

59 2595 77 2615 a
100 2586 243 2617 ferendis
269 2587 378 2625 lignis.
443 2587 497 2626 13)
525 2586 593 2617 Alii
610 2587 784 2624 —impon.
812 2595 872 2615 om.
890 2595 916 2627 γ.
944 2585 1066 2615 Sellam
1083 2586 1116 2616 C.
1170 2588 1225 2626 14)
1253 2588 1342 2626 equis
1362 2586 1398 2617 C.
1425 2588 1524 2617 schol.
1551 2588 1672 2625 legitur
1697 2589 1730 2617 in
1756 2587 1893 2622 vcath.

62 2643 117 2683 15)
141 2644 187 2674 Ut
213 2662 254 2666 »-
280 2648 446 2674 remaneat
472 2654 532 2674 om.
560 2653 586 2686 γ,
613 2644 667 2682 qui
691 2644 790 2672 habet
815 2641 902 2672 Ordo
930 2660 969 2663 —
995 2644 1130 2681 lignum.
1158 2644 1226 2673 1-611.
1254 2654 1316 2674 0111.

170 2700 325 2731 PORPH.
373 2700 470 2731 Vilice
496 2719 537 2722 —
562 2701 705 2730 uilicum.
732 2703 817 2729 recte
842 2700 968 2737 vilicus,
996 2701 1052 2730 sed
1077 2700 1164 2731 uilla.
1204 2702 1278 2731 uide
1304 2711 1385 2740 quae
1423 2702 1494 2731 dixi
1531 2702 1562 2731 in
1601 2702 1713 2731 libello
1751 2701 1790 2731 de
1826 2702 1895 2731 cod.

59 2755 150 2787 Barc.
176 2767 206 2796 p.
235 2759 288 2787 21.
316 2758 398 2788 conf.
424 2758 577 2796 Wagner.
604 2768 634 2795 p.
665 2757 741 2788 455.
780 2755 929 2786 Corssen.
956 2757 984 2796 Ι,
1010 2758 1063 2787 83.
1101 2757 1185 2797 Aug.
1213 2758 1279 2787 Mai
1304 2759 1344 2787 ad
1370 2757 1434 2788 Cic.
1461 2768 1516 2796 pro
1542 2759 1647 2788 Tullio
1674 2768 1700 2788 c.
1729 2758 1757 2787 8.
1784 2768 1814 2796 p.
1841 2759 1895 2788 45.

59 2817 122 2843 not.
149 2815 178 2843 5.
206 2813 360 2845 Garaton.
386 2816 427 2845 ad
451 2816 562 2845 Plane.
590 2825 615 2844 c.
641 2814 740 2843 XXV.
768 2817 866 2852 atque
892 2823 918 2843 c.
943 2813 1000 2851 IX,
1027 2815 1082 2843 ubi
1109 2815 1206 2844 etiam
1231 2815 1328 2845 uilam
1355 2825 1414 2845 scr.
1442 2816 1608 2853 antiquam
1634 2815 1724 2852 dicit,
1754 2815 1787 2844 id
1813 2815 1894 2853 quod

60 2873 137 2902 uett.
163 2872 326 2901 codicibus
340 2872 469 2902 Horatii
496 2882 560 2902 non
585 2872 793 2902 confirmatur
820 2871 874 2909 (E.
901 2871 925 2908 Ι,
957 2872 1006 2900 14.
1037 2872 1063 2900 1.
1097 2872 1135 2901 15
1164 2875 1195 2901 et
1219 2871 1262 2909 ΙΙ,
1290 2872 1320 2909 2,
1350 2873 1423 2908 160,
1450 2874 1588 2908 excepto
1614 2871 1682 2901 loco
1707 2870 1733 2908 I,
1764 2872 1814 2908 15,
1841 2872 1894 2909 45,

61 2926 91 2955 in
116 2936 177 2965 quo
202 2938 232 2957 u.
259 2929 299 2958 36
327 2929 445 2958 adiect.
471 2929 541 2959 uilis
566 2928 756 2967 praecedit).
806 2927 937 2957 Inclusa
961 2928 1059 2958 uerba
1083 2928 1115 2957 in
1139 2938 1198 2967 qua
1222 2946 1264 2949 w·
1289 2928 1327 2957 sit
1351 2928 1469 2957 habent
1495 2928 1562 2957 afh.
1588 2927 1680 2966 inqua
1705 2932 1831 2966 spectat
1855 2929 1896 2958 ad

61 2985 303 3020 praecedentia:
330 2985 383 3015 Ad
408 2986 466 3015 uil.
493 2996 539 3015 su.
565 2985 642 3015 lianc
667 2984 820 3023 epistolam
846 2985 970 3023 scribit,
996 2986 1051 3015 ubi
1077 2986 1168 3015 codd.
1184 2984 1300 3014 MR2G
1325 2985 1425 3014 uerba
1450 2984 1527 3014 Ιιαηο
1551 2984 1703 3022 epistolam
1727 2986 1895 3015 omittunt.

60 3048 97 3070 v:
124 3040 185 3070 ‘Ad
208 3041 351 3072 uillicum
378 3052 470 3073 suum
494 3043 586 3072 Hanc
611 3042 778 3081 epistolam
804 3042 919 3072 scribit
946 3042 978 3071 in
1004 3051 1066 3081 qna
1097 3042 1229 3077 ostendit,
1268 3050 1392 3071 0111116111
1429 3042 1593 3071 hominem
1630 3042 1790 3071 uiciosum
1826 3041 1897 3080 p5it':

62 3095 119 3135 (z
144 3097 290 3138 ponitur)
315 3099 496 3130 uoluntatis
522 3108 598 3130 suae
623 3103 657 3128 61
682 3107 714 3128 56
740 3108 811 3129 611111
835 3097 890 3128 alii
924 3098 1003 3139 (sic)
1042 3099 1139 3129 simul
1164 3107 1352 3136 comparare
1381 3099 1428 3127 sic
1453 3101 1485 3127 et
1510 3098 1599 3127 illuni
1626 3099 1769 3137 satyrice
1794 3099 1897 3128 inter-

61 3158 146 3192 roget
169 3164 248 3193 quae
273 3164 322 3186 res
348 3160 450 3186 utrum
474 3158 564 3196 peior
589 3156 656 3187 sit!
705 3155 758 3185 Ad
783 3156 913 3186 uilicum
952 3166 1045 3187 suum
1076 3157 1188 3187 scribit
1224 3155 1255 3185 in
1279 3166 1338 3195 qua
1374 3165 1499 3186 0111116111
1538 3156 1702 3187 hominem
1740 3155 1895 3188 uitiosum

1949 570 1966 600 ω

1926 936 1967 967 10

1928 1306 1965 1336 15

1922 1675 1965 1706 20

1922 2045 1963 2075 25
