2148 3412
781 127 831 159 IN
855 127 1000 163 EPIST.
1025 128 1071 168 Π,
1098 130 1128 161 2.
1790 120 1870 161 567

158 249 251 290 157.
296 249 453 291 Viueret
482 251 524 291 ia
554 251 685 292 terris.
743 249 1041 302 Erubesceres,
1073 252 1144 303 ait,
1176 252 1211 294 si
1231 259 1271 294 te
1301 252 1524 308 quisquam
1555 260 1661 295 esset
1691 254 1872 303 auarior,

44 329 84 364 et
111 321 206 364 ideo
238 322 480 377 sapientior,
513 322 723 378 siquidem
754 339 855 379 opes
886 325 1137 380 sapientiam
1168 326 1343 368 daturae
1375 334 1524 370 essent.

157 396 250 437 158.
282 396 329 438 Si
349 397 564 452 proprium
596 406 662 439 est.
721 396 861 439 Dicit:
895 399 1000 439 nihil
1032 399 1258 455 quicquam
1289 401 1509 457 proprium
1541 408 1615 452 est,
1653 403 1758 458 quod
1788 404 1874 458 quis

44 470 149 511 libra
185 478 390 511 mercatur
430 479 466 512 et
502 485 615 518 aere‚·
654 471 775 525 quasi
814 472 1001 526 possidet
1030 472 1137 513 nihil
1166 480 1335 529 praeter
1369 490 1491 516 usum
1521 475 1716 526 fructum,
1749 490 1874 530 quem

42 557 118 584 nos
148 557 296 598 capere
327 543 548 593 debemus3
581 544 769 599 mireque
800 545 871 595 ait,
903 546 1012 587 inter
1041 561 1117 588 nos
1148 553 1187 588 et
1218 547 1323 588 nihil
1354 548 1618 603 possidentes
1647 549 1754 590 nihil
1786 549 1872 591 dis-

42 622 143 667 tare,
175 616 256 658 nisi
286 617 397 671 quod
428 617 490 658 illi
520 618 610 659 sine
641 633 742 659 cura
771 618 950 660 aluntur.

155 690 203 732 Si
224 691 439 747 proprium
471 700 538 740 est,
581 692 686 747 quod
715 693 803 747 quis
834 694 860 734 l.
890 707 940 734 m.
975 702 1010 735 et
1040 707 1131 735 aere
1153 695 1371 745 Quaedam,
1404 698 1442 737 si
1471 697 1598 738 eredis
1629 702 1669 737 et
1698 696 1873 751 reliqua.

42 763 176 806 Deest
197 773 244 813 et,
276 771 320 805 ut
351 764 404 806 sit
434 765 536 806 ordo
569 772 607 806 et
639 780 802 808 sensus:
838 764 886 807 Si
917 767 1137 821 proprium
1168 774 1242 816 est,
1275 768 1388 822 quod
1410 769 1504 823 quis
1524 768 1635 810 libra
1664 777 1875 812 mercatur

43 843 83 880 et
111 851 208 879 aere
247 836 346 894 [est]
382 845 433 887 et,
473 838 682 893 quaedam
717 840 934 895 mancipat
963 855 1074 889 usus,
1114 841 1149 882 si
1189 841 1314 883 modo
1356 842 1493 884 credis
1531 842 1621 884 iure
1653 843 1872 886 consultis:

43 911 114 967 qui
145 918 184 952 te
214 911 350 966 pascit
380 926 496 967 ager,
528 921 623 954 tuus
654 920 723 954 est.
784 914 907 955 Libra
939 922 974 955 et
1004 929 1115 956 aere:
1138 914 1284 957 Verba
1306 922 1399 957 sunt
1421 916 1537 966 iuris,
1561 916 1714 971 quibus
1737 917 1872 958 omnis

43 985 199 1040 emptio
231 985 517 1034 confirmatur,
551 1000 645 1028 cum
676 1001 752 1041 per
782 986 935 1028 libram
966 1002 1151 1043 expensa
1181 989 1361 1044 pecunia
1393 1004 1470 1045 per
1500 1005 1566 1032 aes
1597 990 1735 1045 ipsum
1766 1005 1874 1046 pre—

42 1059 146 1100 tium
177 1059 503 1109 demonstretur3
534 1060 646 1102 unde
678 1067 718 1102 et
747 1060 953 1117 libripens
983 1062 1106 1104 huius
1137 1062 1252 1105 modi
1291 1063 1654 1106 testificationibus
1682 1064 1875 1107 adhiberi

43 1133 158 1176 solet.

156 1207 250 1249 159.
280 1209 483 1264 mancipat
512 1222 620 1250 usus.
681 1207 777 1250 Hoc
808 1215 888 1250 est:
921 1224 1020 1251 usus
1051 1224 1337 1265 possessorem
1367 1211 1481 1253 facit.

156 1281 250 1322 160.
287 1282 370 1332 Qui
406 1290 440 1323 te
474 1283 605 1338 pascit
641 1297 752 1337 affer,
792 1290 886 1324 tuus
915 1291 980 1334 est,
1020 1292 1056 1326 et
1091 1285 1257 1327 uillicus
1291 1286 1400 1327 Orbi.
1461 1284 1671 1338 Quamuis
1710 1300 1795 1328 non
1831 1292 1876 1329 tu

43 1354 117 1397 sed
148 1353 309 1396 Orbius
340 1355 535 1397 uideatur
565 1369 655 1397 esse
685 1370 912 1410 possessor.

157 1429 250 1470 162.
281 1430 353 1471 das
391 1444 546 1472 numos.
607 1429 667 1472 Ut
697 1429 783 1481 ille,
824 1430 944 1472 cuius
981 1444 1084 1487 ager
1119 1438 1194 1480 est,
1233 1446 1311 1487 pro
1342 1438 1427 1475 toto
1458 1432 1586 1484 dedit,
1628 1434 1686 1475 ita
1725 1441 1769 1476 tu
1799 1450 1876 1491 pro

44 1503 133 1544 eius
163 1502 368 1558 partibus,
400 1504 444 1545 id
475 1510 548 1555 est,
580 1505 731 1546 fructu.

156 1578 248 1618 163.
282 1579 420 1619 temeti.
482 1577 599 1628 Vini,
630 1578 744 1633 quod
765 1586 922 1635 temptet
941 1585 1136 1629 mentem,
1158 1580 1269 1622 unde
1291 1581 1497 1622 temulenti
1515 1580 1711 1623 dicuntur
1731 1580 1873 1639 [dicti]

43 1650 181 1706 prima
212 1650 375 1707 syllaba
406 1651 624 1707 producta.

157 1725 249 1767 164.
284 1726 487 1767 Paulatim
508 1727 704 1768 mercaris
735 1739 891 1782 (tyrum.
953 1728 1169 1771 Paulatim.
1233 1727 1370 1786 [quia]
1402 1728 1488 1771 Per
1518 1729 1714 1772 minimas
1736 1737 1876 1785 partes

44 1798 180 1854 pretii.

156 1893 190 1933 3)
216 1893 300 1922 nihil
325 1902 387 1923 om.
414 1893 481 1923 afh.
509 1911 550 1913 *s
577 1897 627 1924 est
651 1904 714 1924 om.
740 1894 830 1923 vafh.
869 1894 949 1924 nihil
975 1893 1121 1934 cuiquam
1146 1895 1183 1925 R.
1210 1905 1240 1934 q.
1267 1905 1297 1934 q.
1324 1896 1345 1925 1.
1374 1895 1453 1936 (sic)
1478 1906 1640 1935 nzeaequas
1664 1898 1812 1936 possidet
1836 1909 1876 1929 an

45 1949 128 1980 nihil
154 1949 231 1990 (sic)
257 1949 360 1981 MRG.
409 1950 444 1988 4)
471 1955 498 1979 et
521 1960 591 1980 aere
615 1961 676 1981 om.
702 1952 791 1982 vafh.
817 1950 1052 1982 Animaduerte
1076 1956 1194 1990 autem,
1226 1953 1374 1992 singulas
1413 1954 1524 1984 literas
1560 1956 1652 1985 uerbi
1689 1964 1772 1985 meae
1807 1965 1877 1986 esse

46 2007 275 2045 dispescendas
301 2008 365 2037 ita:
391 2017 432 2036 m.
461 2006 614 2046 (ert-atur)
643 2017 668 2037 e.
697 2007 756 2048 (z
774 2009 814 2048 et)
841 2017 888 2038 ae.
918 2007 1032 2050 (aare).
1083 2010 1117 2048 5)
1145 2009 1286 2048 possidet
1308 2009 1467 2048 MRG‚va.
1495 2012 1680 2049 possideant
1703 2012 1747 2041 fh.
1774 2013 1877 2050 possi-

46 2064 118 2094 deat
140 2064 178 2099 Q.
204 2082 247 2085 —
272 2063 425 2094 debebant
447 2063 519 2093 MR.
546 2065 615 2094 rell.
651 2065 805 2095 debemus.
832 2066 903 2095 deb.
924 2066 1085 2105 post-rique
1113 2067 1174 2105 (sic
1199 2066 1242 2096 M.
1268 2070 1457 2106 nostraeque
1483 2066 1522 2098 G.
1548 2072 1631 2107 spat.
1658 2078 1728 2098 uac.
1754 2068 1795 2107 R)
1821 2069 1879 2098 mei

45 2119 149 2159 MRG,
173 2121 243 2150 rell.
270 2121 341 2150 deb.
359 2120 490 2159 mireque
507 2120 557 2150 ait.
577 2139 615 2141 —
634 2121 789 2151 internos
806 2121 999 2160 MRG‚vafh.
1027 2123 1164 2153 dominos
1190 2123 1227 2159 Q.
1254 2123 1371 2154 Verum
1396 2125 1537 2163 quidem,
1565 2129 1614 2155 est
1637 2135 1667 2154 u.
1690 2125 1751 2154 162
1767 2129 1799 2155 et
1815 2126 1877 2155 174

47 2176 194 2207 dominum
219 2181 250 2207 et
275 2177 407 2208 dominos
432 2178 507 2214 dici⁷
534 2178 590 2207 sed
614 2178 665 2221 Ba
690 2179 828 2209 habent:
857 2178 960 2210 ‘Ordo
985 2182 1044 2210 est.
1073 2181 1100 2210 si
1125 2190 1231 2219 propr.
1257 2185 1299 2210 est
1324 2199 1364 2202 —
1389 2185 1464 2211 tuus
1492 2185 1551 2211 est.
1600 2182 1703 2219 Dicit,
1730 2183 1804 2220 quia
1829 2184 1877 2212 ui-

46 2238 123 2264 neta
148 2239 181 2265 et
205 2239 332 2274 segetes
359 2244 440 2273 quae
465 2235 520 2264 alii
546 2236 694 2265 laborant
719 2237 813 2274 quasi
839 2245 893 2265 sua
919 2237 946 2266 si
972 2246 1024 2266 nos
1048 2241 1158 2275 postea
1195 2239 1307 2268 uinum
1344 2242 1374 2268 et
1409 2238 1602 2268 frumentum
1639 2242 1741 2268 nostro
1775 2241 1878 2278 pretio

49 2292 182 2321 emimus
207 2296 240 2322 et
265 2293 334 2330 ipse
359 2301 436 2321 usus
463 2292 589 2322 emendi
613 2296 717 2322 nostra
742 2293 899 2331 quaedam
923 2293 1002 2323 facit
1028 2302 1107 2324 esse.
1132 2294 1256 2333 Utique
1280 2299 1385 2325 nostra
1410 2300 1485 2325 sunt
1510 2296 1567 2325 illa
1589 2296 1703 2325 uineta
1729 2299 1760 2325 et
1786 2306 1878 2333 sege-

47 2352 95 2378 tes
121 2349 294 2378 seeundum
320 2349 479 2387 quendam
505 2350 632 2379 modum
657 2350 764 2388 legum
790 2359 871 2388 quac
896 2351 1079 2389 precipiunt
1103 2355 1139 2381 ut
1162 2352 1335 2391 unicuique
1362 2353 1405 2382 sit
1430 2352 1513 2391 quod
1537 2352 1606 2390 §tio
1633 2353 1720 2382 emit.
1758 2353 1878 2383 Vilicus

49 2406 146 2435 etiam
172 2406 253 2435 orbii
279 2406 444 2435 cuiusdam
471 2406 583 2436 diuitis
608 2406 683 2436 dum
708 2411 834 2445 segetes
860 2411 1031 2446 praeparat
1056 2408 1140 2438 unde
1166 2413 1279 2447 postea
1304 2409 1427 2438 uendat
1450 2409 1511 2438 tibi
1538 2408 1699 2438 frumenta
1723 2413 1798 2439 tuus
1816 2410 1878 2439 uil-

49 2462 116 2492 icus
136 2461 198 2504 (sic
215 2463 247 2495 h.
273 2461 312 2502 1.)
333 2467 382 2492 est
407 2464 553 2501 quamuis
578 2472 642 2493 non
667 2467 701 2492 tu
726 2464 783 2493 sed
808 2464 916 2493 orbius
941 2464 1091 2495 uideatur
1116 2474 1188 2495 esse
1212 2466 1400 2503 possessor.⁷
1426 2466 1474 2494 nil
1499 2465 1572 2494 dist.
1598 2465 1635 2495 R.
1686 2465 1720 2504 6)
1747 2467 1879 2496 aluntur

50 2528 132 2549 omn.
159 2519 242 2549 libri.
269 2520 398 2549 alantur
424 2519 463 2555 Q.
513 2520 547 2558 9)
574 2520 644 2549 here
668 2524 710 2549 est
734 2520 776 2549 M.
802 2525 960 2551 mercatus
986 2526 1017 2551 et
1040 2531 1110 2551 erus
1134 2526 1177 2551 est
1198 2522 1235 2551 R.
1261 2526 1415 2551 mercatus
1441 2525 1472 2551 et
1497 2531 1569 2551 aere
1594 2527 1641 2551 est
1667 2521 1703 2552 G.
1730 2531 1803 2552 aere
1830 2529 1879 2553 est

49 2575 89 2606 A.
115 2580 278 2606 mereatur
304 2581 336 2606 et
361 2586 444 2614 aere,
471 2587 532 2606 om.
561 2582 620 2614 cst,
646 2577 733 2607 vaih.
752 2595 786 2599 —
807 2582 839 2607 et
865 2578 1021 2616 quaedam
1046 2579 1239 2616 mancipatus
1278 2578 1363 2617 (MR.
1390 2579 1602 2617 emancipatas
1626 2578 1680 2618 A).
1717 2580 1879 2618 mancipat

49 2631 129 2662 lusus
152 2633 206 2675 Βφ
222 2633 316 2672 Hor.)
344 2634 371 2663 si
397 2634 490 2663 modo
515 2634 621 2663 credis
648 2633 774 2672 (credas
798 2633 841 2673 R)
866 2652 907 2655 w*
934 2652 976 2655 *μ
1000 2638 1073 2664 tuus
1100 2638 1149 2664 est
1175 2645 1235 2665 om.
1260 2634 1349 2664 vasli.
1376 2635 1473 2665 libera
1498 2640 1530 2666 et
1566 2635 1678 2665 kaerae
1712 2635 1756 2664 M.
1796 2636 1880 2665 libra

51 2692 82 2719 et
107 2699 156 2719 ere
180 2690 217 2719 R.
244 2691 358 2728 emptio
383 2690 547 2727 M,vath.
575 2692 667 2720 emtio
692 2691 727 2720 R.
753 2699 820 2728 peC.
839 2700 933 2729 penes
956 2689 1058 2720 MRG.
1096 2692 1335 2721 demonstratur
1361 2702 1443 2722 omn.
1471 2692 1557 2722 libri.
1583 2692 1813 2722 demonstretur
1838 2692 1876 2727 Q.

50 2746 124 2776 libri
146 2755 199 2784 pes
221 2746 266 2776 M.
293 2747 425 2784 librepes
448 2746 485 2775 R.
511 2748 644 2785 libripes
671 2747 708 2777 G.
735 2747 971 2777 testificationis
983 2747 1018 2777 R.
1070 2748 1125 2785 14)
1151 2749 1347 2786 mancipatus
1364 2748 1437 2783 MR,
1464 2752 1500 2778 ut
1524 2757 1631 2786 supra.
1682 2748 1737 2786 15)
1763 2747 1878 2778 uilicus

49 2802 94 2841 M,
120 2804 203 2833 conf.
228 2803 290 2845 Βφ.
357 2804 413 2842 17)
440 2813 496 2841 pro
522 2804 590 2832 eius
615 2813 670 2833 usu
693 2804 799 2834 fructu
824 2813 843 2833 a
868 2807 900 2834 et
923 2803 959 2833 fh
985 2803 1061 2842 (usu
1085 2804 1141 2842 fr.)
1168 2805 1238 2834 rell.
1271 2815 1327 2843 pro
1354 2805 1421 2833 eius
1443 2804 1583 2842 partibus
1607 2805 1627 2834 i.
1654 2804 1771 2834 fructu.
1822 2805 1878 2845 19)

50 2863 171 2899 temptet
193 2860 236 2889 M.
262 2864 410 2899 temperet
432 2860 519 2890 vasli.
544 2864 623 2889 tenet
647 2861 684 2889 R.
714 2861 852 2891 ‘Dictum
878 2865 984 2891 autem
1009 2864 1142 2890 temetum
1166 2861 1206 2890 ab
1232 2870 1279 2899 eo,
1306 2862 1382 2900 quia
1406 2864 1521 2899 temptet
1542 2861 1705 2891 mentem!
1732 2860 1880 2891 Donatus

52 2916 92 2944 ad
116 2916 247 2945 Terent.
272 2916 373 2945 Andr.
398 2916 422 2954 Ι,
449 2917 481 2953 4,
509 2917 539 2945 2.
566 2917 644 2946 conf.
670 2916 754 2946 Plin.
780 2916 864 2953 XIV,
894 2918 951 2947 13:
974 2935 1006 2938 —
1022 2918 1083 2947 hoc
1106 2920 1174 2947 tum
1199 2927 1314 2947 nomen
1340 2919 1414 2947 uino
1440 2921 1521 2954 erat,
1546 2918 1630 2946 uude
1656 2921 1687 2947 et
1712 2917 1881 2947 temulentia

53 2972 226 3010 adpellata.
254 2971 336 3002 Gell.
351 2972 390 3010 X,
406 2973 466 3001 23:
482 2990 523 2992 —
539 2973 626 3009 uino,
652 2973 737 3011 quod
753 2976 907 3003 temetum
920 2974 1026 3012 prisca
1051 2974 1154 3014 linqua
1179 2975 1373 3012 adpellatur.
1401 2973 1562 3003 dicuntur.
1588 2973 1680 3003 Dicta
1695 2973 1758 3003 MR
1777 2972 1878 3013 (defi).

54 3029 205 3059 dicuntur
220 3029 293 3059 dicti
309 3029 347 3064 Q.
366 3030 528 3066 dicuntur,
548 3039 608 3059 om.
636 3030 733 3067 dicta,
761 3029 891 3067 G,vafh.
917 3035 1014 3068 recte,
1041 3035 1098 3061 aut
1122 3031 1224 3061 scribe
1248 3034 1316 3059 sant
1339 3030 1420 3060 dicti.
1446 3030 1516 3073 Ba:
1543 3030 1646 3060 temeti.
1663 3031 1744 3060 uini.
1770 3029 1880 3059 dictum

53 3086 136 3123 quod
159 3088 295 3124 temptet
320 3090 471 3116 mentem.
522 3087 579 3125 21)
606 3086 737 3116 Lemma
763 3096 822 3116 om.
847 3086 918 3116 MR.
946 3105 986 3109 —
1013 3089 1067 3126 qui
1092 3097 1141 3117 va.
1167 3087 1241 3126 quia
1266 3086 1339 3122 th.
1367 3096 1427 3116 om.
1452 3085 1556 3117 MRG.
1617 3087 1674 3125 22)
1703 3105 1718 3107 ψ
1734 3105 1743 3107 -
1771 3091 1879 3124 partes

53 3142 154 3179 precio
178 3143 317 3173 fortasse
341 3146 563 3173 trecentorum:
591 3146 646 3173 aut
673 3143 768 3173 etiam
794 3153 916 3182 comm„
943 3145 1059 3175 omisso
1084 3144 1244 3182 lemmate,
1270 3144 1348 3174 vasli
1367 3143 1483 3182 (pretio
1508 3144 1554 3182 v).
1573 3147 1616 3173 est
1639 3143 1676 3178 Q.
1702 3144 1770 3173 rell.
1797 3147 1878 3172 esset.

1922 559 1939 589 2⁷!

1902 927 1940 958 10

1906 1295 1942 1326 15
