2148 3412
209 116 291 157 354
848 122 952 155 Acii.
978 122 1038 154 ET
1064 122 1230 153 Pom’H.
1258 121 1406 154 ooMM.

324 249 630 305 ‘Epistolarum
678 246 775 288 libri
808 253 969 288 tautum
1015 245 1183 286 nomine
1230 245 1455 287 dissimiles
1490 245 1611 287 libris
1643 243 1894 287 Sermonum
1935 253 2041 288 sunt.

209 324 317 365 Nam
352 331 391 363 et
423 332 602 363 metrum
636 328 673 362 et
705 320 884 361 materia
914 319 1141 360 uerborum
1172 326 1213 360 et
1243 319 1477 360 communis
1515 319 1754 374 adsumptio
1793 319 1938 360 eadem
1969 326 2041 361 est.

210 397 306 440 Hoc
337 396 469 437 solum
502 394 658 435 distare
689 392 897 442 uidentur,
945 393 1056 447 quod
1086 392 1154 432 liic
1186 392 1305 447 quasi
1337 392 1390 433 ad
1421 392 1614 434 absentes
1645 392 1841 447 loquitur.
1915 391 1972 433 Et
2001 393 2043 433 hi

212 471 291 526 (hii
323 471 365 523 γ’)
397 468 535 510 ultimi
567 474 660 509 sunt
693 467 755 508 sui
787 466 927 522 operis
958 466 1069 515 libri,
1115 465 1211 507 licet
1245 464 1511 521 Scriptorum
1548 466 1650 507 uitio
1682 466 1725 506 in
1756 465 1898 507 multis
1929 465 2044 508 codi-

211 544 333 585 cibus
365 543 502 584 locum
537 540 789 583 Sermonum
822 540 1149 595 occupaue1·int.'
1181 555 1214 592 γ,
1246 554 1326 580 om.
1359 537 1560 592 b,vath.
1595 540 1701 580 conf.
1733 538 1891 595 Porph.

326 616 630 672 ‘Epistolamm
662 614 760 655 libri
806 621 968 655 tantum
1004 613 1174 654 nomine
1205 613 1431 654 dissimiles
1463 620 1558 654 sunt
1589 628 1612 653 α
1643 612 1763 653 libris
1794 627 2045 664 sermonum,

211 699 373 747 excepto
406 689 506 746 [om.
539 688 650 730 Nam
689 715 727 719 «--
765 687 982 744 uidentur]
1016 687 1129 742 quod
1160 687 1228 728 hic
1260 688 1378 742 quasi
1411 687 1464 728 ad
1503 686 1710 736 absentes,
1756 687 1811 728 ibi
1838 688 1955 742 quasi
1996 688 2048 729 ad

208 773 438 821 praesentes
469 762 665 818 loquitur.
725 760 780 801 Et
814 761 858 802 hi
888 761 1022 802 ultimi
1060 769 1153 802 sunt
1199 760 1264 803 sui
1308 761 1448 816 operis
1492 759 1605 810 libri,
1652 760 1749 801 licet
1781 759 2046 816 Scriptorum

212 837 316 880 uitio
350 836 449 894 [om.
482 838 523 878 in
556 837 690 878 multis
722 834 946 890 codicibus]
993 834 1132 875 locum
1165 832 1419 876 Sermonum
1465 833 1792 889 occupauerint.>
1824 833 1907 888 qu.

325 911 453 953 Unde
499 910 643 964 liquet,
693 909 925 950 scribarum
970 909 1065 949 uitio
1110 908 1153 948 in
1198 907 1451 962 quibusdam
1498 907 1714 949 codicibus
1759 907 1902 949 sedem
1948 906 2048 949 Ser-

213 1001 383 1028 monum
416 992 539 1038 atque
556 982 848 1038 Epistularum
880 981 1008 1023 fuisse
1039 988 1254 1022 mutatam.
1317 980 1505 1023 Omnino
1536 980 1883 1036 transpositiones
1913 980 1957 1021 in
1979 995 2049 1022 co-

214 1059 379 1100 dicibus
410 1056 580 1099 Horatii
610 1055 976 1110 frequentissimae
1007 1063 1114 1097 sunt.
1176 1053 1357 1097 Codices
1388 1054 1472 1110 Bgo,
1504 1055 1589 1110 qui,
1637 1064 1680 1095 ut
1711 1054 1793 1096 alio
1824 1054 1916 1096 loco
1947 1054 2048 1105 dixi,

213 1143 298 1173 tam
329 1133 372 1173 in
403 1131 535 1186 ipsius
556 1137 705 1186 poetae
726 1129 868 1171 uerbis
900 1144 1027 1184 quam
1048 1129 1091 1170 in
1113 1144 1258 1171 eorum
1279 1128 1613 1184 expositionibus
1634 1128 1898 1184 geminorum
1920 1128 2051 1170 instar

213 1207 364 1247 miram
395 1205 581 1247 familiae
612 1203 798 1245 eiusdem
845 1203 1070 1245 ostendunt
1114 1203 1446 1253 similitudinem,
1492 1203 1535 1243 in
1580 1202 1834 1244 scholiorum
1879 1202 2050 1244 introitu

213 1295 350 1335 neque
372 1280 423 1320 de
448 1293 549 1320 uoce
573 1278 782 1320 Sermones
803 1291 940 1331 neque
962 1277 1013 1318 de
1037 1276 1291 1319 Sermonum
1311 1276 1686 1332 Epistularumque
1708 1276 1898 1318 ordinem
1926 1276 2050 1331 quid-

215 1370 339 1410 quam
362 1354 567 1395 adferunt.
640 1352 709 1394 Ex
740 1351 1029 1407 superioribus
1060 1358 1196 1392 autem
1230 1351 1400 1393 scholiis
1431 1351 1510 1392 hoc
1541 1350 1666 1391 etiam
1698 1351 1907 1392 redundat
1941 1350 2051 1392 iudi-

215 1429 340 1479 cium,
373 1428 416 1469 in
438 1427 731 1469 uetustissimis
753 1426 836 1468 illis
857 1426 990 1476 libris,
1023 1441 1073 1467 ex
1105 1425 1258 1480 quibus
1279 1425 1446 1467 codices
1468 1441 1489 1479 γ
1512 1432 1551 1467 et
1574 1424 1640 1480 Βφ
1662 1424 1863 1480 exscripti
1883 1424 2050 1475 fuerint,

214 1502 433 1558 Epistulas
464 1508 556 1557 post
590 1499 816 1543 Sermones
846 1500 974 1542 fuisse
1006 1500 1255 1542 conlocatas.
