2148 3412
162 919 198 951 10

218 114 269 153 66
848 117 952 150 ACR.
978 117 1037 148 ΕΤ
1063 115 1227 148 I'ORPH.
1254 114 1401 147 COMM.

213 261 385 290 mensae
415 245 656 287 offerebant..
736 243 884 284 (litaret
913 248 1051 283 autem
1082 240 1281 288 recitaret,
1327 237 1439 279 unde
1469 242 1510 278 et
1539 250 1769 293 praecones
1807 235 1925 277 citari
1951 233 2042 289 (ci—

217 321 352 376 tare?)
383 320 590 366 dicuntur,
624 316 697 372 qui
728 315 881 357 clarius
911 329 1013 356 uoce
1045 313 1211 354 ciuntur
1242 311 1435 366 (ciunffl).
1496 312 1541 353 Io
1562 309 1739 352 Bacche!
1769 307 1865 350 Hoc
1887 307 2046 350 scilicet

220 397 361 438 citare!
391 394 416 434 i.
447 406 479 432 e.
513 391 624 432 clare
656 390 832 431 diceret:
865 389 912 430 Io
947 387 1125 430 Bacche!

333 469 369 508 7.
402 468 438 508 8.
471 465 584 506 modo
615 478 768 505 samma
807 463 913 512 Voce,
944 461 1060 503 modo
1091 460 1177 509 Ιιαο,
1209 466 1369 500 resonat
1399 472 1500 513 quae
1534 457 1692 499 chordis
1732 464 1923 512 quattuor
1952 456 2045 496 ima.

220 542 271 582 Id
301 548 380 582 est:
413 539 537 579 modo
570 537 683 578 clara
714 550 829 585 uoce,
862 535 986 577 modo
1018 548 1175 588 pressa,
1207 540 1244 573 et
1270 530 1351 588 [ut]
1390 546 1414 572 a
1449 530 1714 572 tetrachordo
1734 529 1814 570 hoc
1835 534 2047 584 sumptum
2107 548 2112 555 ·

222 612 468 671 [uideatur],
500 612 542 652 in
574 626 655 666 quo
687 618 748 651 est
779 608 1020 666 grauissimi
1051 606 1141 648 soni
1172 605 1342 655 chorda,
1375 618 1481 660 quae
1513 604 1640 658 ὑπάτη
1673 603 1838 645 dieitur.

334 687 483 727 9-11.
516 700 631 740 saepe
662 685 775 725 uelut
805 685 875 740 qui
907 681 1102 724 Currebat
1130 681 1215 735 fay.
1247 680 1308 720 ho.
1382 676 1502 720 Ordo
1534 684 1574 718 et
1604 691 1749 719 sensus
1780 683 1862 718 est:
1910 673 2049 731 Saepe
2110 691 2111 694 ¹

221 759 427 809 currebat,
458 758 572 799 uelut
610 757 681 812 qui
719 755 886 813 fugiens
923 754 1084 796 hostem
1125 752 1266 794 currit.
1340 750 1405 792 Ita
1436 765 1512 806 per
1556 749 1772 806 syllepsim
1817 750 1996 805 figuram
2027 763 2050 790 e

223 834 414 875 currebat
445 832 575 873 curra
606 830 886 884 adsumptum.

332 920 406 962 per
436 920 551 961 saepe
581 905 694 946 uelut
724 918 757 960 q.
790 903 821 943 I.
854 918 884 943 s.
913 903 943 956 s.
1005 898 1284 954 Canephorae
1319 897 1527 952 hodieque
1557 896 1739 939 Athenis
1769 896 2051 952 appellantur,
2110 907 2121 924 ³

224 994 331 1034 quae
353 993 473 1020 sacra
493 978 630 1033 capite
653 982 866 1032 portantes
887 975 999 1015 lento
1021 973 1157 1029 gradu
1177 972 1388 1013 incedunt.
1449 970 1568 1012 Dicit
1589 985 1704 1026 ergo,
1736 969 2053 1026 Hermogenem

223 1052 328 1094 adeo
358 1051 571 1106 inaequali
601 1050 729 1091 fuisse
750 1056 902 1098 mente,
933 1054 977 1088 ut
997 1046 1207 1088 interdum
1229 1044 1467 1086 tardissimo
1489 1044 1626 1100 gradu
1647 1043 1880 1085 ambularet
1904 1043 2053 1099 [inter-
2112 1061 2113 1067 ¹

224 1126 323 1167 dum
355 1124 515 1181 citato]

338 1200 402 1239 14.
435 1206 471 1239 et
501 1197 651 1239 concha
682 1196 780 1238 salis
804 1196 914 1252 pari.
990 1195 1096 1236 Pari
1123 1194 1220 1234 salis
1251 1192 1276 1233 i.
1309 1206 1344 1233 e.
1376 1191 1594 1247 simplicis,
1640 1206 1725 1233 non
1770 1190 1940 1232 conditi.
1998 1189 2056 1232 Et
2112 1227 2114 1238 ,

226 1272 375 1314 concha
406 1271 567 1320 merito,
614 1269 713 1325 quia
744 1268 1017 1325 pauperiores
1047 1267 1088 1308 in
1126 1266 1290 1308 marina
1335 1265 1493 1307 concha
1538 1264 1667 1306 salem
1712 1264 1856 1306 tritum
1900 1263 2055 1306 habere

225 1345 371 1394 solent,
403 1358 485 1398 quo
517 1358 611 1384 cum
644 1356 753 1398 pane
784 1348 1020 1383 uescantur.

339 1419 404 1458 17.
434 1425 568 1458 noctes
605 1417 712 1471 uiyil.
750 1417 803 1456 acl
839 1417 911 1471 ips.
950 1429 1079 1456 mane.
1151 1412 1470 1454 Aduerbialiter
1514 1412 1672 1453 dictum
1718 1418 1779 1453 est
1822 1420 1968 1462 noctes,
2012 1417 2058 1454 ut

227 1490 302 1547 (G.
335 1490 412 1540 IV,
446 1492 571 1545 514):
615 1491 683 1546 flet
712 1498 888 1538 noc-lenm
935 1495 973 1529 et
1006 1488 1079 1543 (A.
1110 1486 1145 1538 I,
1176 1489 1273 1541 47>2
1321 1500 1405 1528 una
1437 1501 1529 1528 cum
1557 1494 1668 1541 yeme
1700 1494 1754 1528 tot
1783 1499 1908 1528 annos
1938 1485 2058 1528 Bella
2114 1486 2115 1490 ’

225 1580 333 1620 yero.
393 1565 458 1606 Aa
487 1565 617 1620 ipsum
648 1577 764 1604 mane
795 1569 933 1603 autem
965 1561 1098 1616 (quod
1129 1561 1239 1615 est?)
1270 1575 1394 1616 usqae
1425 1561 1479 1602 ad
1508 1561 1640 1616 absum
1670 1574 1796 1601 mane.

341 1638 406 1678 21.
438 1638 626 1680 Maenius
656 1637 736 1677 abs.
759 1636 937 1679 Nouium
969 1650 1058 1677 cum
1090 1648 1200 1690 carp.
1264 1635 1348 1685 Qui
1375 1634 1422 1675 de
1446 1635 1632 1690 personis
1654 1634 1895 1675 Horatianis
1925 1634 2057 1690 scrip-
2115 1687 2116 1693 ἵ

228 1719 379 1758 serum,
410 1711 538 1760 aiunt,
571 1698 790 1750 Maenium
821 1716 861 1749 et
891 1708 1142 1750 scurrilitate
1174 1715 1214 1749 et
1234 1714 1433 1762 nepotatu
1455 1706 1716 1749 notissimum
1738 1706 1899 1749 Romae
1919 1705 2058 1748 fuisse.
2115 1739 2116 1744 ,

346 1934 377 1972 1)
403 1933 573 1963 offerebant
596 1932 666 1962 MR.
695 1933 777 1962 inter
801 1936 827 1961 et
863 1936 991 1962 caetera
1026 1932 1189 1961 secumdae
1214 1941 1244 1961 v.
1281 1930 1501 1960 afferebantur
1536 1930 1625 1960 vafh.
1663 1931 1732 1961 rell.
1769 1931 1990 1962 offerebantur.
2019 1949 2057 1954 -

228 1990 307 2021 ande
331 1999 446 2028 praec„
474 2000 533 2019 om.
560 1994 601 2026 et,
627 1989 717 2018 vafh.
749 2006 784 2009 -ῂ
811 1988 909 2018 citari
932 1988 1003 2017 MR.
1031 1988 1100 2017 rell.
1127 1989 1235 2017 citare.
1261 1987 1414 2016 dicuntur
1437 1984 1609 2027 MRG(Q).
1637 1988 1706 2017 rell.
1733 1989 1849 2018 solent.
1876 1988 1996 2019 ciuntur
2021 1988 2060 2028 (i.

230 2057 256 2077 e.
282 2050 450 2083 uocantur,
488 2050 524 2075 ut
549 2045 585 2075 C.
613 2045 694 2075 conf.
720 2045 794 2074 Tac.
822 2045 860 2073 A.
887 2045 911 2082 I,
940 2046 990 2073 21.
1019 2044 1113 2074 Ouid.
1140 2044 1174 2073 F.
1200 2043 1255 2080 IV,
1282 2043 1363 2082 484)
1390 2043 1427 2073 R.
1452 2043 1588 2073 citantur
1612 2044 1729 2075 Acron.
1755 2045 1895 2075 dicuntur
1917 2045 1962 2075 M.
1990 2046 2059 2076 rell.
2117 2051 2119 2071 ἒ

229 2103 340 2133 (licant.
367 2103 449 2132 Puto
474 2102 678 2132 scribendum
703 2101 794 2138 ciunt,
820 2106 855 2130 ut
881 2102 941 2130 sit:
968 2101 1051 2130 unde
1077 2104 1106 2130 et
1133 2110 1178 2139 pr.
1205 2101 1305 2130 citare
1326 2100 1464 2131 fficium.
1514 2101 1548 2140 2)
1576 2101 1646 2131 Hoc
1671 2102 1769 2131 schol.
1796 2102 1829 2131 in
1854 2102 1946 2132 libris
1971 2105 2057 2141 post·
2118 2127 2119 2140 2

229 2161 370 2199 positum
397 2163 445 2189 est
471 2159 594 2189 dnobus
621 2159 839 2196 sequentibus.
866 2158 1010 2187 Bacchae
1034 2168 1064 2195 v,
1102 2167 1184 2196 quae
1209 2166 1304 2195 saepe
1330 2161 1360 2187 et
1384 2158 1569 2188 uocatiuum
1599 2162 1631 2188 et
1666 2159 1821 2189 aduerbia
1857 2160 1904 2189 sie
1939 2160 2061 2198 scripta

230 2217 385 2253 ostendit,
414 2221 454 2252 et,
480 2216 539 2245 hac
565 2216 726 2254 exiguare
750 2215 910 2252 neglecta,
938 2214 965 2250 Q
991 2218 1104 2244 contra
1128 2215 1285 2245 rationem
1312 2217 1408 2252 atque
1434 2214 1580 2244 codicum
1605 2216 1827 2246 auctoritatem
1853 2217 1885 2246 in
1910 2216 2062 2246 lemmate
2118 2206 2120 2230 ἶ

230 2277 325 2312 atque
351 2275 385 2302 in
410 2273 532 2302 scholio
558 2272 674 2310 posuit,
702 2281 765 2301 non
791 2272 954 2310 corrigens
979 2281 1008 2309 p.
1034 2271 1195 2301 XXXVII.
1230 2271 1476 2301 Acclamatione
1508 2271 1566 2300 illa
1598 2273 1630 2301 in
1662 2273 1855 2303 carminibus
1887 2273 2060 2312 potatoriis
2136 2285 2139 2298 1

231 2330 495 2368 frequentissima
512 2330 665 2359 utebatur
682 2328 852 2366 Tigellius,
879 2329 933 2366 qui
959 2328 1058 2368 (conf.
1079 2327 1115 2358 C.
1133 2328 1157 2366 Ι,
1175 2328 1226 2365 32,
1243 2329 1277 2367 9)
1303 2326 1456 2356 ‘Liberum
1474 2346 1511 2347 ἡ
1526 2328 1671 2359 canebat!
1721 2329 1756 2368 5)
1776 2339 1888 2368 pressa
1903 2328 2059 2362 MRA2G.

232 2395 402 2425 suppressa
427 2386 490 2428 Βφ.
518 2394 626 2423 presso
651 2394 680 2414 v.
708 2394 815 2414 crassa
839 2384 934 2420 ath.
960 2384 1044 2414 modo
1068 2384 1125 2414 Ιιασ
1148 2394 1228 2414 uoce.
1255 2385 1365 2421 idest,
1390 2383 1504 2414 choo-da
1528 2395 1603 2423 qnae
1626 2395 1735 2415 crassa
1759 2390 1802 2416 esc
1825 2391 1856 2416 et
1880 2387 1954 2425 ima,
1979 2396 2061 2425 quae

231 2439 337 2484 ὑπάτη
364 2442 550 2471 nominatur
576 2440 611 2470 O.
638 2444 669 2470 et
693 2440 836 2478 MR‚afh.
863 2441 931 2470 rell.
959 2445 1004 2470 ut.
1020 2441 1092 2483 Βφι
1119 2440 1286 2478 Sumptum
1313 2444 1364 2470 est
1389 2441 1447 2471 hoc
1464 2451 1482 2470 a
1507 2445 1580 2472 tetr.
1606 2460 1648 2463 --—
1675 2443 1803 2472 dicitnr.
1851 2444 1886 2482 6)
1911 2443 2061 2473 uideatur

230 2508 288 2527 om.
315 2498 514 2541 MRszfflfh.
541 2498 682 2537 hypatae
706 2507 735 2527 v.
801 2498 835 2536 7)
860 2498 921 2527 hoc
946 2497 1089 2527 scholion
1115 2497 1265 2535 sequenti
1292 2498 1505 2535 postpositum
1538 2499 1569 2528 in
1595 2498 1692 2537 M,va.
1741 2498 1777 2538 8)
1802 2499 1990 2539 sylempsim
2013 2499 2058 2529 M.

230 2564 286 2593 per
311 2554 461 2593 sylepsim
486 2564 516 2584 v.
542 2551 626 2584 κατὰ
644 2549 799 2596 σύλληψιν
825 2553 872 2583 fh.
923 2554 957 2591 9)
984 2555 1182 2591 praepositio
1207 2562 1221 2582 e
1247 2563 1307 2582 om.
1334 2554 1421 2583 libri.
1447 2554 1652 2594 adsumptum
1665 2556 1728 2585 MA
1752 2561 1949 2595 assumptum
1974 2558 2059 2594 2‚va.

230 2611 430 2649 absumptum
458 2609 542 2647 C,f11.
568 2610 715 2640 currebat
739 2614 765 2639 et
797 2611 898 2639 currit
932 2609 993 2639 2G.
1063 2611 1117 2649 10)
1144 2610 1308 2640 caneforae
1340 2610 1383 2640 M.
1418 2611 1581 2641 caneforoe
1613 2611 1650 2642 G.
1672 2612 1864 2651 canephorae
1896 2614 1925 2643 2.
1957 2612 2060 2644 Cane-

230 2668 364 2705 phoroae
388 2676 418 2695 v.
447 2665 632 2704 Canophorz‘
655 2675 682 2694 a.
708 2663 886 2708 κανηφόροι
911 2665 988 2700 th.
1015 2666 1112 2695 Posui
1138 2667 1337 2704 canephorae
1361 2667 1445 2698 conf.
1472 2668 1557 2698 Fest.
1573 2672 1605 2698 et
1632 2668 1698 2698 Cic.
1723 2669 1814 2699 Verr.
1839 2669 1893 2707 IV,
1920 2671 1950 2700 3.
1975 2670 2058 2701 Plin.

229 2722 375 2759 XXXVI,
402 2723 431 2752 5.
497 2722 553 2761 12)
580 2723 738 2751 interdum
764 2722 862 2752 citato
887 2721 962 2757 th.
989 2723 1057 2752 rell.
1084 2733 1146 2755 om.
1213 2724 1268 2763 14)
1295 2723 1363 2753 Alt.
1389 2724 1469 2754 Puri
1489 2724 1563 2754 salis
1597 2735 1656 2755 om.
1690 2725 1777 2756 vafh.
1812 2736 1910 2756 conca
1939 2727 1967 2757 R
1996 2727 2058 2758 bis.
2119 2743 2124 2757 ι

234 2779 289 2816 16)
316 2781 485 2808 uescuntur
511 2779 539 2808 2.
593 2778 647 2816 18)
674 2782 790 2808 noctem
812 2777 883 2807 MR.
910 2779 977 2808 rell.
1003 2783 1121 2809 noctes.
1149 2783 1269 2809 noctem
1295 2789 1377 2810 omn.
1403 2782 1477 2811 libri
1502 2782 1597 2820 Vei-g.
1623 2786 1756 2813 tuentur
1781 2786 1810 2812 et
1827 2783 2010 2815 Arusianus
2028 2794 2058 2823 p.

232 2837 306 2865 231.
332 2835 367 2864 L.
393 2840 490 2869 recte,
517 2844 590 2864 nam
616 2835 691 2865 diem
715 2839 883 2874 noctemque
908 2834 972 2865 Cic.
999 2836 1075 2868 Diu.
1104 2836 1144 2874 II,
1172 2837 1214 2866 27
1244 2837 1413 2867 dicebatur
1438 2842 1469 2868 et
1493 2838 1555 2868 dies
1578 2842 1731 2878 noctesque
1757 2839 1824 2870 Cic.
1858 2840 1951 2870 Rosc.
1984 2840 2058 2873 Am.

233 2892 262 2920 2.
288 2891 315 2927 Q
340 2892 402 2921 sie:
431 2894 554 2921 ‘noctem
579 2892 662 2930 apud
687 2892 784 2930 Verg.
813 2893 870 2921 sed
894 2897 991 2922 noctes
1016 2897 1043 2922 et
1068 2894 1112 2923 ibi
1139 2894 1381 2932 corrigendum3
1407 2905 1436 2933 p.
1456 2895 1623 2925 XXXVII:
1651 2899 1768 2925 noctem
1792 2900 1826 2925 ut
1849 2897 1935 2934 apud
1958 2897 2056 2936 Verg.

232 2949 341 2986 itaque
367 2949 425 2977 hoc
450 2948 521 2977 fort.
548 2949 745 2987 genuinum!
798 2949 853 2987 19)
880 2959 936 2988 qao
960 2959 1062 2988 usque
1086 2950 1158 2979 MR.
1184 2951 1253 2980 rell.
1281 2961 1340 2981 om.
1365 2961 1432 2990 quo.
1461 2951 1488 2987 Q
1506 2961 1612 2990 propo.
1631 2961 1694 2990 pro
1718 2961 1828 2990 usque.
1854 2953 1953 2983 Error
1978 2954 2058 2983 scri-

231 3005 301 3041 bae,
328 3005 381 3042 qui
407 3014 552 3043 quousque
578 3006 692 3035 leuiter
718 3006 846 3044 scripsit
872 3015 927 3044 pro
952 3007 1037 3045 quod
1063 3008 1079 3036 e
1104 3020 1148 3035 z
1172 3007 1250 3046 quod
1273 3013 1323 3037 esc.
1388 3009 1445 3047 20)
1471 3008 1593 3038 Menius
1618 3008 1661 3037 M.
1687 3010 1809 3038 menius
1835 3009 1897 3046 2,a.
1930 3010 2057 3040 neuium

232 3070 260 3090 a.
285 3061 417 3090 menium
442 3060 478 3090 R.
505 3062 571 3092 rell.
599 3063 739 3092 nonium.
770 3072 825 3092 con
850 3071 935 3101 carp.
960 3062 1004 3092 M.
1069 3063 1126 3101 ⁶21)
1153 3067 1184 3093 et
1216 3067 1370 3102 nepotatu
1402 3075 1462 3095 om.
1495 3065 1562 3095 afh.
1595 3068 1626 3094 et
1656 3065 1798 3104 ineptatu
1828 3075 1858 3095 v.
1889 3070 1922 3095 ac
1950 3065 1993 3096 M.
2026 3070 2057 3096 et

231 3114 453 3157 RA2(G?)Qv.
480 3122 506 3146 et
530 3128 589 3148 om.
615 3119 681 3149 afh.
709 3119 838 3149 scurrul.
864 3119 898 3149 M
923 3118 1073 3159 (Halm)
1093 3120 1204 3150 scuril.
1230 3120 1266 3151 R.
1294 3139 1335 3142 —
1361 3121 1462 3151 fuisse
1487 3131 1547 3153 om.
1574 3121 1695 3159 2,vafh.
