2148 3412
256 156 334 197 128
883 162 986 194 Aca.
1013 162 1072 193 ET
1098 160 1264 192 PORPH.
1292 159 1439 192 COMM.

253 297 333 341 tur,
364 297 502 330 tamen
523 287 593 328 ille
614 286 714 328 uilis
735 285 851 341 apud
872 285 1051 328 eundem
1070 283 1275 339 populum
1298 282 1379 324 fuit
1399 288 1647 337 notatusque
1669 282 1722 324 ab
1745 296 1793 324 eo
1813 287 1888 332 est,
1926 295 2073 336 quam-

251 364 315 405 uis
345 363 470 404 etiam
500 360 684 416 populus
714 359 903 414 indignis
935 358 1100 415 [etiam]
1134 358 1312 399 honores
1343 356 1558 398 tribueret.

393 438 429 477 7.
463 436 526 476 18.
564 434 672 485 Quid
702 441 852 489 oportet
871 434 954 475 Nos
983 433 1131 486 facere,
1164 446 1187 471 a
1218 431 1343 484 uulyo
1375 430 1488 484 lonye
1519 430 1709 486 lonqeque
1730 428 1928 470 remotos?
1958 427 2075 471 Nam·
2119 427 2126 490 ζ

252 525 324 567 que
355 517 442 551 esto.
516 506 688 559 Quanto
718 520 807 556 nos,
842 505 991 560 inquit,
1037 504 1109 558 qui
1140 518 1223 544 non
1253 503 1489 558 uulgariter
1519 502 1719 557 sapimus,
1763 501 1902 543 minus
1931 500 2076 544 mirari
2119 498 2122 533 3

186 594 203 623 5
252 582 511 625 nobilitatem
543 585 786 634 contemptu
816 577 1067 634 ignobilium
1099 576 1326 619 debemus?

364 656 426 697 22.
458 655 646 709 quoniam
675 655 717 695 in
741 653 915 709 propria
944 666 1025 693 non
1050 652 1154 707 pelle
1185 652 1361 706 quietem.
1422 648 1490 689 Ex
1510 648 1738 704 prouerbio
1760 654 1976 703 sumptum
1996 653 2074 698 est3
2118 644 2123 691 J

251 743 321 771 eos
351 742 547 782 namque,
579 726 652 781 qui
674 724 975 767 mediocritatis
997 738 1097 766 suae
1128 723 1248 765 obliti
1278 723 1438 764 maiora
1455 737 1498 764 se
1519 722 1623 777 ipsis
1645 722 1863 776 adpetunt,
1895 721 2076 765 solemus

250 802 404 852 dicere,
435 816 516 843 uon
548 802 745 842 continere
776 814 814 840 se
845 800 953 840 intra
983 799 1222 853 pelliculam
1242 812 1355 838 suam
1366 813 1375 846 3
1409 803 1448 837 et
1468 797 1547 838 hoc
1568 795 1728 838 scilicet
1748 795 1846 836 inde
1868 801 2077 850 sumptum
2118 815 2120 822 ι

252 882 325 926 est,
372 875 486 929 quod
516 874 710 915 ductores
740 872 784 913 in
815 871 997 927 pellibus
1028 870 1277 918 dormirent3
1326 869 1443 911 cuius
1473 869 1534 910 rei
1565 875 1605 910 et
1637 869 1814 910 Lucilius
1858 868 1974 910 testis
2004 874 2076 918 est,
2117 871 2119 918 j

186 960 226 992 10
253 963 348 991 cum
379 948 480 989 dicit
526 946 666 1003 (reliq.
697 960 748 986 ex
778 945 871 986 libr.
904 945 984 985 inc.
1017 946 1068 985 27
1102 941 1261 998 Gerl.):
1302 958 1380 1000 per
1422 944 1521 985 mila·
1561 944 1702 985 lectum
1744 944 1904 999 inposui
1940 943 2078 999 pedem

248 1023 420 1079 pellibus
441 1021 560 1070 labes,
592 1027 632 1060 et
663 1020 842 1068 Plautus,
889 1032 985 1059 cum
1016 1017 1067 1058 de
1099 1032 1181 1058 anu
1211 1016 1329 1058 ebria
1358 1017 1579 1068 iocaretur,
1626 1017 1684 1058 ait
1714 1016 1989 1072 (Amphitr.):
2035 1017 2077 1058 in

244 1097 417 1153 pellibus
441 1094 671 1151 perieulum
694 1092 966 1148 portenditur.

365 1169 430 1209 23.
463 1167 542 1209 Sed
569 1167 744 1221 fulqeute
773 1166 897 1206 trahit
928 1165 1158 1206 constrictos
1187 1165 1316 1219 ylore'a
1348 1179 1490 1206 curru.
1551 1162 1710 1206 Sensus
1727 1169 1806 1205 est:
1836 1162 1968 1219 Rapit
1988 1177 2076 1205 om·
2116 1151 2117 1170 ³

250 1257 324 1285 nes
355 1240 563 1297 cupiditas
594 1239 767 1296 gloriae,
800 1239 873 1280 sed
904 1238 1016 1293 quod
1047 1252 1178 1280 curru
1206 1239 1382 1294 sulqente
1414 1237 1579 1288 dixerit,
1613 1253 1637 1279 a
1666 1237 1891 1292 triumphis
1911 1236 2078 1279 uidetur
2114 1239 2116 1260 ³

186 1326 226 1359 15
252 1314 492 1370 sumpsisse.

364 1390 430 1430 24.
463 1388 527 1430 25.
561 1402 636 1443 quo
682 1387 751 1429 tibi
784 1386 880 1427 Tillz·
908 1386 1073 1427 Sumere
1120 1386 1247 1441 depos,
1282 1386 1456 1427 clauum.
1516 1384 1695 1440 Recepit
1724 1390 1819 1439 post
1851 1382 2078 1426 Caesarem
2112 1410 2115 1435 5

251 1462 457 1511 occisum3
492 1476 590 1502 nam
620 1460 765 1515 pulsus
796 1465 890 1500 ante
922 1465 1069 1500 senatu
1099 1459 1246 1499 fuerat.

359 1536 522 1592 fierique
553 1535 724 1576 tribuno.
784 1532 990 1589 Figurate
1020 1546 1097 1586 per
1127 1532 1315 1573 datiuum
1347 1547 1490 1574 casum
1521 1532 1639 1582 dixit,
1672 1532 1726 1573 ad
1756 1545 1989 1587 pronomen
2010 1531 2080 1573 tibi

252 1610 411 1652 addens
442 1610 625 1655 tribuum
663 1613 846 1649 ceterum
877 1605 983 1646 illud
1014 1605 1248 1660 simplicius
1280 1612 1387 1646 erat:
1417 1606 1581 1662 fierique
1612 1607 1828 1647 tribunum.

184 1694 225 1726 20
363 1684 429 1724 30.
461 1692 502 1724 ut
531 1684 567 1723 si
593 1686 661 1738 qui
691 1688 877 1736 aegrotet,
910 1694 985 1734 quo
1015 1679 1151 1720 morbo
1184 1680 1343 1720 Barrus
1374 1679 1525 1721 haberi.
1585 1678 1672 1720 Hic
1713 1680 1877 1721 Barrus
1920 1677 2076 1720 uilissi-

249 1771 343 1798 mae
372 1755 562 1797 libidinis
592 1769 725 1808 aeque
758 1761 795 1795 et
827 1751 1130 1808 (inmodicae?)
1162 1752 1275 1793 uitae
1295 1753 1386 1803 fuit,
1423 1753 1528 1795 adeo
1549 1760 1594 1795 ut
1615 1753 1844 1794 Aemiliam
1864 1752 2076 1808 uirginem

250 1830 405 1872 Vestae
450 1829 676 1870 incestasse
721 1827 856 1869 dictus
900 1826 970 1875 sit3
1027 1832 1137 1867 certe
1177 1825 1388 1868 adulteras
1432 1826 1716 1868 sincerissima
1762 1825 2074 1882 (saeuissima⁴?)
2118 1879 2120 1882 .

250 1903 479 1958 cupiditate
511 1903 760 1945 sectabatur.

361 1978 428 2018 34.
460 1977 526 2019 Sic
557 1979 625 2033 qui
646 1978 857 2033 prorm'ttit,
889 1977 1007 2022 ciues,
1042 1975 1132 2016 lsrb.
1163 1990 1192 2015 s.
1225 1989 1354 2016 curae.
1417 1972 1503 2024 Sic,
1545 1973 1693 2028 inquit,
1740 1974 1813 2028 qui
1844 1987 1887 2015 se
1931 1972 2076 2015 inserit
2112 1997 2114 1999 ·

183 2060 223 2091 25
247 2050 456 2092 senatorio
484 2049 622 2091 ordini
654 2056 694 2090 et
723 2048 1029 2103 rempublicam
1060 2048 1354 2090 administrare
1385 2049 1513 2103 cupit,
1559 2047 1786 2104 adstringit
1815 2062 1859 2089 se
1890 2047 1944 2088 ad
1981 2061 2073 2088 eam

249 2123 552 2173 necessitatem,
596 2130 641 2163 ut
670 2122 908 2177 inquiratur
938 2121 981 2162 in
1012 2137 1109 2163 eum
1145 2137 1170 2163 a
1213 2120 1390 2172 ciuibus,
1437 2135 1521 2175 quo
1566 2135 1721 2177 genere
1765 2128 1902 2171 natus,
1947 2126 1987 2162 et
2030 2119 2074 2161 in

250 2203 404 2251 quanto
435 2211 564 2238 censu
595 2195 647 2237 sit
678 2195 937 2237 constitutus.

386 2431 419 2470 1)
446 2431 501 2460 ille
525 2431 602 2460 uilis
626 2430 670 2461 M.
696 2430 766 2460 rell.
793 2430 848 2460 nil.
876 2430 940 2459 ille.
1005 2425 1039 2469 2)
1067 2429 1203 2459 honores
1229 2429 1296 2458 ind.
1322 2431 1361 2458 tr.
1387 2428 1425 2458 R.
1453 2429 1509 2459 alt.
1546 2428 1633 2459 etiam
1657 2429 1693 2460 fh
1730 2438 1771 2459 ex
1794 2440 1825 2460 v.
1862 2430 1950 2468 prius
1986 2428 2073 2460 etiam

248 2497 308 2517 om.
334 2497 362 2517 a.
411 2487 446 2526 3)
471 2488 567 2526 longe
592 2487 739 2527 longeque
765 2487 799 2515 M
822 2491 858 2516 ut
883 2496 966 2516 omn.
993 2485 1059 2515 fere
1085 2486 1177 2515 codd.
1204 2486 1340 2516 Horatii.
1366 2486 1460 2524 longe
1486 2485 1598 2525 lateque
1615 2485 1779 2525 RG(Q),v,
1806 2487 1956 2526 perpauci
1981 2485 2069 2516 codd.
2110 2498 2113 2512 ,·

247 2544 335 2581 Hor„
369 2548 404 2574 ut
428 2544 517 2574 Parr.
544 2544 619 2582 MN,
658 2544 706 2573 ed.
732 2544 808 2573 Ald.
836 2547 896 2573 etc..
924 2542 990 2571 ash.
1017 2552 1076 2571 om.
1103 2543 1137 2571 in
1161 2544 1233 2572 lem.
1260 2543 1415 2572 breuiori:
1457 2543 1536 2577 Quid
1557 2552 1603 2581 op.
1630 2553 1660 2572 u.
1673 2542 1800 2582 facere.
1866 2543 1900 2583 5)
1928 2542 2071 2574 contenti

246 2600 349 2630 MRG.
376 2602 446 2630 rell.
472 2605 668 2639 contemptu.
720 2600 754 2639 6)
780 2600 888 2638 pellem
904 2599 948 2628 M.
998 2599 1032 2638 8)
1060 2600 1226 2629 continere
1242 2599 1285 2628 M.
1313 2600 1475 2629 continere
1500 2609 1534 2629 se
1557 2599 1595 2629 R.
1622 2600 1689 2629 rell.
1716 2599 1885 2630 contineri.
1941 2600 1976 2640 9)
2001 2600 2071 2630 dor·
2108 2611 2110 2613 ·

246 2659 365 2688 mirent
390 2658 602 2695 MRA2G,va.
630 2658 800 2687 dormitent
825 2655 929 2691 thQ.
983 2656 1036 2695 12)
1063 2657 1096 2685 in
1121 2656 1212 2694 pellis
1236 2656 1313 2694 M,v.
1339 2657 1373 2685 in
1398 2656 1538 2695 pellibus
1562 2657 1699 2694 perioum
1723 2656 1759 2686 R.
1811 2657 1866 2696 13)
1893 2655 2070 2695 conscriptos

246 2715 290 2745 M.
326 2717 396 2745 rell.
433 2726 516 2745 omn.
554 2716 755 2745 constrictos.
821 2714 875 2751 14)
902 2712 1000 2743 omnis
1025 2723 1094 2751 cup.
1120 2714 1216 2751 glorie
1240 2714 1283 2743 M.
1350 2713 1403 2751 16)
1430 2713 1493 2743 tilli
1517 2712 1579 2742 MG
1616 2713 1801 2753 (suprupo.)
1827 2713 1864 2749 Q.
1900 2713 1975 2743 tulli
1998 2712 2068 2750 R‚v.
2101 2717 2103 2732 ¹

247 2773 323 2801 Tilli
349 2790 390 2793 —-
415 2776 487 2810 post
514 2782 574 2802 om.
603 2781 632 2801 a.
699 2772 754 2810 18)
781 2780 953 2809 pronomen
979 2769 1052 2799 bono
1089 2769 1150 2807 (sie
1186 2780 1242 2808 pro
1278 2771 1340 2800 tibi
1378 2770 1451 2799 add.
1487 2769 1620 2809 tribuno)
1646 2769 1688 2799 M.
1753 2770 1809 2809 20)
1835 2779 1948 2800 uarrus
1972 2766 2068 2798 M2G.
2099 2785 2103 2843 Ι

254 2830 353 2858 Varus
378 2829 413 2858 R.
438 2828 550 2858 barrus
576 2838 616 2858 va
643 2828 783 2867 (Barrus
810 2829 838 2857 in
865 2827 954 2863 Hor.⁷
991 2828 1099 2856 Battus
1125 2828 1157 2856 in
1182 2828 1298 2866 schol.)
1325 2827 1362 2863 Q.
1388 2826 1526 2856 Barrlcus
1552 2826 1598 2856 fh.
1636 2826 1719 2857 conf.
1744 2826 1816 2857 Aer.
1843 2845 1884 2849 —
1910 2827 2069 2856 uilissima
2099 2846 2102 2869 3

2098 2872 2101 2884 4

246 2885 391 2914 libidinis
415 2895 484 2923 eque
508 2885 666 2915 admodum
690 2886 777 2915 uitae
802 2884 862 2913 fuit
887 2884 950 2913 MR
974 2883 1031 2922 (ἡ
1050 2893 1169 2923 aequae
1188 2901 1227 2904 —
1247 2885 1350 2923 uitae)
1378 2882 1440 2921 G,v
1467 2882 1666 2922 (uillissime)
1692 2892 1711 2912 a
1736 2883 1850 2922 (aeque
1876 2882 1987 2922 G,va).
2013 2881 2068 2912 uil.
2097 2891 2101 2956 l

247 2941 419 2971 admodum
444 2942 498 2970 lib.
525 2945 610 2980 atque
634 2942 721 2970 uitae
746 2941 808 2971 fuit
833 2941 868 2970 fh
895 2944 925 2969 ct
944 2940 983 2977 Q,
1008 2940 1125 2970 admod.
1153 2940 1226 2970 incl.
1253 2941 1354 2969 uncis.
1403 2940 1463 2969 Pro
1488 2949 1579 2978 aeque
1603 2939 1760 2969 admodum
1782 2940 1862 2970 uitae
1886 2944 1941 2970 aut
1966 2939 2067 2969 scribe

248 3007 381 3032 mecum,
407 3002 442 3026 ut
468 3008 564 3035 supra
589 2999 756 3035 proposui:
784 3006 884 3035 aeque
908 3001 935 3026 et
956 2996 1122 3026 inmodicae
1146 2998 1244 3033 uitae,
1271 3002 1345 3026 aut:
1372 3005 1471 3034 aeque
1496 3005 1532 3026 ac
1553 2995 1748 3025 immodestiae
1767 2995 1841 3026 fuit.
1891 2996 1947 3036 22)
1971 2996 2066 3025 since-

248 3053 367 3082 rissima
392 3054 475 3083 libri.
503 3055 633 3091 legerim
657 3055 852 3083 saeuissima.
902 3054 957 3092 24)
986 3053 1021 3082 Si
1045 3054 1099 3091 qui
1125 3053 1158 3082 M
1183 3052 1242 3093 (cx
1266 3063 1296 3082 u.
1326 3054 1394 3092 30).
1421 3053 1455 3082 M
1479 3053 1570 3082 addit
1596 3053 1757 3082 lemmati:
1784 3057 1811 3082 et
1833 3053 1880 3082 rei
1896 3054 1971 3091 imp.
1989 3052 2065 3083 fore.
2098 3070 2099 3075 .

248 3128 289 3130 fir
314 3109 423 3139 biserit
447 3110 480 3139 M
505 3111 614 3140 ordine
637 3111 671 3140 M
698 3111 781 3150 (H).
808 3110 842 3139 R.
892 3110 949 3148 25)
975 3109 1075 3139 adstr.
1101 3109 1144 3139 M.
1194 3111 1250 3150 26)
1277 3114 1371 3140 natus
1395 3114 1437 3140 est
1460 3111 1550 3148 inqu.
1577 3119 1669 3139 censo
1693 3109 1736 3138 Μ.

2114 1191 2122 1223 Ρ
