2148 3412
133 950 175 982 10

135 1317 175 1348 15

136 1684 177 1716 20

199 145 281 184 412
834 150 938 183 AOR.
963 150 1023 181 ΕΤ
1049 148 1214 181 PORPH.
1240 147 1388 181 COMM.

311 278 379 319 34.
411 276 502 317 Hac
533 290 600 330 eqo
630 275 668 316 si
695 274 898 330 compellor
926 275 1045 328 ῦπαρ.
1069 287 1131 315 cu.
1154 274 1324 327 resz'qno.
1387 271 1486 312 Hac.
1520 268 1847 326 Conparatione,
1879 267 2027 312 simili-

198 350 355 393 tudine.
416 346 637 390 Subtiliter
666 362 743 404 per
773 346 1092 389 similitudinem
1123 344 1237 395 dicit,
1269 343 1448 389 libenter
1479 358 1522 387 se
1552 344 1743 395 reddere,
1780 357 1887 399 quae
1908 357 2029 385 acce-

198 423 321 480 perit,
368 422 403 464 si
434 437 554 464 suum
585 421 638 462 ad
669 420 892 462 arbitrium
922 419 1066 462 uiuere
1097 433 1181 460 non
1212 418 1478 460 concedatur.
1538 420 1708 473 resz'qno.
1773 416 1895 470 Quae
1925 415 2029 457 mihi

199 512 223 539 a
254 504 293 538 te
322 497 489 538 fuerant
519 494 754 550 adsignata,
796 494 980 536 restituo.

313 570 377 612 35.
410 577 528 611 satur
549 568 730 610 altilium.
790 567 1014 609 Pastarum
1036 565 1189 607 auium.
1252 562 1430 606 Sensus:
1452 562 1542 605 Nec
1563 563 1621 604 ita
1641 578 1743 619 opes
1764 571 2030 620 contempno,

198 650 244 686 ut
273 641 417 684 malim
448 656 593 684 somno
625 656 715 683 esse
745 640 924 690 deditus,
969 653 1048 680 nec
1078 638 1171 679 illas
1201 637 1353 679 iterum
1383 637 1426 679 in
1471 644 1632 679 tantum
1677 638 1943 694 concupisco,
1987 644 2031 679 ut

200 715 359 759 seruire
388 714 528 757 uelim.

312 790 378 831 36.
411 789 614 830 liberrima
644 794 765 828 muto.
825 785 916 827 Nec
947 785 1147 826 seruitute
1179 798 1335 839 quaero
1367 783 1550 826 diuitias.

313 864 379 905 37.
412 861 539 918 Saepe
569 860 845 903 uerecundum
876 860 1065 901 laudasti.
1125 857 1251 907 Mire,
1284 857 1383 912 quia
1411 872 1523 899 nunc
1553 857 1681 913 paulo
1712 857 1901 914 asperior
1932 864 2004 900 est.

313 937 380 978 38.
410 950 483 977 nec
513 935 637 976 uerbo
662 947 780 989 parc.
813 933 893 975 abs.
953 931 1050 974 Hoc
1084 940 1164 973 est:
1210 930 1267 972 Et
1298 946 1378 987 ego
1409 930 1481 972 ubi
1511 931 1620 973 hanc
1650 931 1819 972 laudem
1849 931 2033 974 inuicem

199 1009 388 1052 reddidi:
421 1007 639 1050 absentem
670 1005 863 1048 similiter
890 1005 1017 1047 laudo
1048 1013 1173 1060 atque
1203 1004 1374 1045 laudaui
1405 1010 1682 1059 praesentem.

313 1076 379 1125 39.
412 1082 584 1137 Inspice,
616 1085 651 1122 si
678 1095 741 1137 po.
773 1080 863 1121 don.
885 1095 966 1136 rep.
989 1079 1129 1121 laetus.
1191 1076 1350 1119 Sensus
1383 1077 1506 1134 [est]:
1539 1077 1762 1133 Experire,
1795 1094 1848 1120 an
1878 1078 2034 1121 inuitus

200 1156 429 1205 restituam,
462 1168 570 1210 quae
602 1153 767 1202 dedisti,
798 1153 883 1195 imo
914 1167 1040 1208 quam
1071 1152 1204 1193 laetus
1234 1152 1346 1202 fiam,
1378 1151 1413 1193 si
1443 1151 1680 1193 reddidero.

313 1230 380 1271 40.
416 1228 686 1270 Telemachus.
751 1226 1006 1284 [Historiam
1037 1225 1184 1282 tangit.
1247 1224 1357 1268 Cum
1388 1225 1500 1266 enim
1532 1224 1754 1267 Menelaus
1790 1240 1864 1268 rex
1896 1225 2034 1269 Grae-

202 1318 347 1347 corum
377 1302 634 1344 Telemacho
666 1300 808 1343 Ulixis
837 1300 924 1342 filio
956 1315 1085 1356 equos
1117 1300 1267 1355 (dono)
1301 1299 1402 1341 dare
1431 1298 1644 1350 uoluisset,
1675 1300 1807 1341 fertur
1836 1299 2034 1342 Menelao

201 1376 490 1433 respondisse:
523 1374 617 1416 Tua
647 1374 758 1416 dona
788 1374 865 1415 tibi
895 1380 990 1416 sunt
1022 1380 1133 1428 apta,
1166 1372 1270 1414 mihi
1291 1387 1374 1414 non
1395 1372 1663 1424 conueniunt,
1695 1373 1894 1428 quoniam
1915 1373 2034 1429 regio

200 1465 295 1493 mea
338 1450 397 1491 ita
441 1455 662 1490 montuosa
706 1454 780 1498 est,
826 1454 871 1489 ut
900 1462 978 1489 nec
1008 1446 1185 1488 herbam
1216 1453 1389 1502 generet
1429 1446 1547 1501 equis
1578 1447 1754 1504 aptam]
1815 1447 2037 1489 Inducitur

201 1522 480 1566 Telemachus
511 1521 624 1577 apud
655 1520 890 1562 Homerum
920 1521 1000 1562 hoc
1031 1519 1176 1562 dicens
1206 1519 1418 1570 Menelao,
1467 1535 1561 1562 cum
1592 1520 1645 1562 ab
1676 1534 1725 1562 eo
1756 1535 1885 1575 equos
1925 1521 2035 1564 dono

201 1597 331 1640 nollet
360 1596 568 1652 accipere.
630 1594 757 1648 Quod
787 1595 914 1637 refert
944 1594 1020 1636 iste
1052 1594 1106 1635 ad
1138 1608 1194 1643 se,
1226 1593 1384 1644 dicens,
1422 1593 1503 1635 sibi
1533 1594 1617 1635 iam
1648 1594 1788 1636 uetulo
1819 1610 1903 1638 non
1935 1609 2034 1637 con-

200 1671 347 1713 uenire
376 1670 422 1712 in
451 1669 603 1711 militia
634 1675 755 1711 stare.

314 1745 382 1786 41.
414 1744 579 1786 Ithacae
610 1743 797 1799 (Ithace).
828 1741 1046 1798 Regionis.
1113 1742 1179 1782 43.
1213 1740 1364 1783 Atride.
1423 1740 1668 1783 Menelaum
1698 1741 1812 1784 dicit.

315 1819 382 1859 44.
414 1818 513 1860 mihi
538 1818 618 1859 iam
638 1832 721 1859 non
743 1818 853 1871 reqia
876 1817 1015 1858 Roma.
1074 1813 1170 1857 Non
1202 1814 1278 1856 tibi
1308 1821 1393 1856 tam
1425 1814 1497 1856 diu
1528 1814 1750 1870 obsequar,
1786 1822 1826 1858 et
1855 1816 2035 1859 Romam

203 1890 395 1946 relinquo
426 1898 466 1932 et
496 1897 760 1946 contempno.

342 1968 374 2007 1)
400 1968 476 1997 Hac.
503 1966 606 2005 Conp.
635 1967 849 1996 similitudine
874 1976 900 2008 γ.
928 1967 997 1996 rell.
1024 1976 1084 1996 om.
1151 1963 1187 2004 2)
1212 1969 1377 2003 acceperat
1398 1965 1531 1996 vcath.
1558 1967 1630 1996 rell.
1668 1967 1832 2006 acceperit.
1859 1966 1894 1997 Si
1920 1976 1984 1997 eum
2008 1976 2035 2009 γ.

202 2024 244 2054 Ec
266 2024 293 2054 si
317 2033 376 2053 non
399 2034 430 2053 v.
457 2025 558 2054 sinon
583 2023 698 2059 cath.
725 2024 807 2054 conf.
827 2023 872 2054 C:
899 2024 937 2053 ‘si
964 2023 1005 2052 ad
1030 2023 1200 2052 arbitrium
1224 2021 1282 2051 sibi
1303 2022 1414 2051 uiuere
1429 2032 1489 2051 non
1513 2024 1728 2053 concedatur.’
1754 2024 1814 2053 Pro
1838 2023 1866 2053 si
1881 2033 1945 2054 eum
1960 2024 2036 2054 mali

203 2081 342 2110 scribere
366 2090 508 2110 mecum:
534 2081 561 2110 si
586 2090 682 2118 suam,
708 2090 802 2119 quam
827 2080 854 2110 si
876 2080 954 2117 sibi3
981 2089 1056 2109 nam
1081 2089 1185 2118 neque
1210 2088 1274 2108 eum
1298 2088 1355 2108 nec
1379 2079 1431 2108 uel
1455 2088 1485 2108 se
1511 2079 1643 2110 defendi
1669 2085 1788 2118 potest,
1814 2085 1909 2119 atque
1934 2090 2035 2111 conce-

202 2137 284 2167 ditur
305 2137 470 2176 passiuum,
504 2141 659 2176 sequente
683 2146 787 2166 accus.
814 2147 884 2167 cum
917 2136 987 2174 inf„
1023 2136 1142 2174 saepius
1176 2135 1239 2165 sine
1274 2135 1375 2165 daeiuo
1400 2136 1615 2174 coniungitur.
1643 2136 1727 2167 conf.
1755 2137 1789 2168 C.
1815 2137 1904 2167 Lael.
1927 2137 1954 2176 Ι,
1983 2139 2033 2168 14.

204 2193 335 2225 Caecin.
364 2194 415 2223 15.
442 2203 512 2231 non,
538 2194 621 2233 quod
646 2203 705 2223 om.
731 2203 758 2235 γ,
784 2195 972 2234 posui—eum
997 2192 1022 2223 C
1046 2197 1120 2223 ante
1145 2191 1335 2222 concedatur.
1397 2193 1430 2232 3)
1456 2193 1585 2233 resigsno.
1613 2193 1702 2228 Quae
1740 2213 1770 2216 -
1797 2195 1916 2233 assign.
1942 2195 2035 2226 resti-

202 2255 259 2282 tuo
283 2259 309 2292 γ.
336 2250 407 2280 rell.
433 2260 495 2280 om.
546 2250 580 2289 5)
605 2250 693 2280 Past.
720 2251 828 2280 auium
853 2260 879 2292 γ.
905 2251 974 2280 rell.
994 2259 1054 2280 om.
1080 2267 1122 2271 -«
1138 2249 1204 2280 Nec
1228 2250 1272 2279 ita
1298 2258 1374 2287 opes
1390 2249 1534 2279 -aelz'm
1556 2258 1584 2291 γ.
1610 2252 1676 2280 Nec
1693 2255 1834 2289 tantum,
1861 2261 1920 2281 om.
1948 2261 2033 2291 opes,

203 2311 373 2338 contemno
397 2305 536 2341 vcath.
587 2308 621 2345 6)
647 2307 782 2337 iterum:
809 2306 887 2345 (non
911 2307 957 2346 in)
985 2310 1122 2338 tantum.
1149 2317 1178 2335 v.
1206 2307 1323 2336 iterum
1340 2310 1465 2336 tantum
1482 2307 1597 2342 cath.
1628 2308 1710 2338 conf.
1738 2307 1785 2337 C:
1812 2309 1878 2339 Nec
1901 2308 1945 2338 ita
1968 2317 2036 2348 opes

203 2368 385 2402 contemno,
411 2368 447 2394 ut
464 2381 506 2385 —
524 2363 598 2393 adeo
622 2364 823 2402 concupisco,
849 2367 885 2394 ut
911 2373 994 2394 seru.
1020 2363 1130 2400 malim,
1155 2373 1244 2402 quam
1268 2372 1372 2392 earum
1400 2363 1508 2393 Gratia
1533 2363 1609 2393 liber
1631 2373 1703 2394 esse.
1752 2365 1786 2403 8)
1812 2365 1976 2395 liberrima
1993 2383 2033 2387 --

204 2421 340 2453 diuitias
365 2430 391 2463 γ.
417 2421 486 2451 rell.
513 2430 573 2451 om.
622 2420 656 2459 9)
684 2420 766 2450 Mire
790 2438 831 2441 ——
857 2424 909 2451 est
933 2431 959 2462 γ.
987 2421 1055 2450 rell.
1081 2430 1141 2450 om.
1200 2419 1255 2458 10)
1282 2421 1337 2449 ubi
1362 2429 1388 2461 γ.
1415 2421 1485 2450 rell.
1513 2430 1568 2450 om.
1635 2421 1690 2459 11)
1718 2424 1814 2459 atque
1840 2430 1866 2462 γ.
1892 2422 1962 2452 rell.
1988 2431 2034 2452 ac.

203 2478 285 2507 conf.
313 2476 356 2507 C:
381 2486 435 2507 nec
459 2477 560 2507 uerbo.
587 2477 646 2507 hoc
665 2480 724 2506 est.
752 2478 975 2507 absentem—
990 2481 1203 2516 praesentem,
1222 2486 1281 2506 om.
1308 2476 1351 2506 Et
1376 2486 1434 2515 ego
1451 2494 1487 2498 —-
1503 2477 1642 2507 reddidi.
1694 2476 1748 2515 12)
1773 2476 1903 2508 Lemma
1919 2478 2035 2517 Inspice

203 2534 410 2573 amplificaui.
461 2533 517 2573 14)
545 2533 722 2564 Historiam
739 2552 778 2555 —
794 2538 902 2572 aptam
928 2544 987 2564 om.
1013 2544 1038 2576 γ.
1066 2533 1151 2566 conf.
1170 2533 1206 2571 C,
1233 2534 1287 2572 qui
1313 2535 1507 2572 praemittit:
1534 2535 1624 2564 dixit
1640 2533 1797 2564 Menelao.
1823 2535 1932 2573 tangit
1956 2535 2034 2565 hist.

204 2600 267 2629 qua
291 2591 457 2621 inducitur
482 2590 690 2620 Telemachus
716 2591 801 2629 apud
826 2591 1001 2621 Homerum
1026 2592 1103 2621 haec
1128 2591 1235 2620 dicere
1260 2590 1419 2628 Menelao,
1446 2601 1516 2621 cum
1535 2609 1576 2612 —
1593 2595 1733 2621 montosa
1756 2592 1828 2628 est‘,
1854 2601 1914 2622 om.
1939 2595 1975 2622 ut
1993 2609 2034 2613 —-

204 2651 322 2686 aptam.
374 2647 430 2686 17)
456 2651 550 2686 gerat
567 2646 641 2682 th.
668 2651 790 2685 gereret
813 2657 854 2685 m,
881 2651 963 2678 teste
980 2647 1018 2685 Q,
1045 2652 1077 2678 et
1094 2658 1119 2677 c.
1146 2651 1271 2687 generet
1294 2657 1344 2678 va.
1371 2647 1455 2678 conf.
1475 2646 1516 2678 C:
1545 2648 1705 2686 ‘quoniam
1730 2648 1829 2678 itacha
1853 2649 1941 2687 regio
1965 2657 2036 2678 mea

203 2709 374 2736 montuosa
398 2709 448 2735 est
462 2705 537 2735 ‘Nec
562 2705 692 2735 herbam
706 2709 834 2744 {fenerat
857 2706 945 2743 equis
962 2706 1092 2743 aptam!
1115 2709 1236 2745 yeneret
1260 2708 1356 2736 recte.
1384 2714 1457 2734 nam
1482 2704 1660 2735 locutiones
1676 2705 1765 2743 regio
1789 2705 1875 2743 gerit
1891 2705 2033 2742 herbam,

203 2762 323 2792 niolam
348 2766 435 2792 terra
460 2763 544 2800 gerit
569 2761 681 2799 (Ouid.
700 2761 737 2791 T.
757 2761 814 2799 III,
837 2763 886 2798 12,
907 2761 954 2800 G),
982 2761 1147 2800 Quidquid
1173 2762 1344 2791 herbarum
1361 2761 1519 2791 Thessala
1543 2765 1630 2791 terra
1655 2762 1749 2799 gerit’
1775 2761 1848 2792 Tib.
1874 2761 1915 2797 II,
1933 2762 1964 2799 4,
1992 2762 2033 2791 56

204 2823 264 2848 etc.
300 2820 407 2856 poetis
433 2823 561 2848 tantum
588 2819 730 2848 usitatae
756 2822 841 2848 sunt.
869 2819 1035 2848 sollemnis
1061 2818 1161 2848 dictio
1188 2822 1236 2848 est
1254 2822 1381 2857 partum
1401 2827 1508 2857 yerere
1531 2818 1614 2848 Plin.
1640 2818 1724 2856 VIII,
1752 2820 1804 2848 40.
1831 2820 1883 2848 47.
1910 2818 1948 2855 Q,
1983 2818 2035 2857 qui

205 2883 282 2904 usus
307 2879 356 2904 est
379 2879 445 2905 vet.
464 2874 489 2905 C
503 2875 584 2905 coni.
603 2875 656 2904 uel
674 2884 733 2904 em.
760 2874 841 2904 ‘fort
862 2875 1006 2912 generet'
1032 2879 1196 2912 tamquam
1213 2883 1302 2904 suam
1319 2875 1478 2904 uendidit.
1503 2874 1724 2905 Inducitur—
1740 2876 1885 2913 accipere
1909 2884 1936 2916 γ.
1964 2875 2033 2905 rell.

205 2940 266 2961 om.
333 2932 387 2970 19)
414 2933 477 2961 iste
503 2931 691 2970 (Horatius)
720 2931 757 2966 Q.
792 2934 879 2960 stare
904 2940 987 2960 omn.
1013 2931 1100 2961 libri.
1124 2931 1303 2961 consistere
1326 2931 1390 2974 Βφ.
1455 2931 1512 2970 21)
1539 2931 1664 2962 ithacae.
1690 2940 1755 2970 reg.
1780 2930 1850 2974 ·(,C.
1875 2932 1945 2961 rell.
1971 2941 2032 2962 om.

208 2986 349 3027 [ithacae
373 2989 406 3017 in
430 2988 506 3018 Hor.
532 2989 581 3030 γὶ).
606 2988 715 3018 Ambr.
741 2988 859 3027 Porph.
888 2988 933 3017 M.
963 2987 1063 3017 itacae
1094 2988 1150 3017 ΕΒ
1184 2988 1369 3027 (perperam
1400 2985 1553 3029 Pottier.)
1584 2988 1671 3031 φῈΡ.
1703 2987 1798 3019 Fran.
1829 2988 1946 3019 Bernn.
1976 2986 2032 3018 AC

205 3045 241 3084 (a
265 3054 363 3084 expu.
390 3046 452 3075 sie:
479 3047 511 3085 e)
537 3046 618 3076 itace
641 3046 760 3076 Bernn.
785 3046 840 3076 BF
872 3044 1002 3085 (ythace
1027 3044 1071 3085 G)
1104 3045 1193 3075 Parr.
1219 3045 1247 3075 R
1270 3046 1453 3084 (perperam
1476 3044 1630 3085 Pottier.)
1655 3043 1676 3074 S
1701 3045 1788 3076 8220
1814 3044 1937 3075 Genou.
1963 3044 2032 3075 rell.

204 3100 328 3141 ithaca]
358 3119 396 3123 -—
423 3102 546 3132 atridae
569 3111 595 3144 γ.
621 3102 708 3133 Men.
734 3103 815 3133 dicit
839 3112 866 3144 γ.
892 3102 962 3132 rell.
986 3111 1048 3133 om.
1082 3101 1164 3132 conf.
1191 3100 1233 3132 C:
1271 3101 1341 3133 Rex
1365 3102 1520 3132 Menelae.
1545 3100 1637 3133 Atrei
1662 3102 1719 3133 fili.
1746 3102 1814 3146 Βφε
1851 3101 1959 3139 αινῖιῑε,
1996 3106 2032 3132 tu

206 3160 261 3198 qui
288 3159 372 3189 tilius
397 3160 478 3190 atrei
505 3169 550 3191 cs.
600 3160 656 3198 22)
681 3160 751 3191 Non
777 3164 946 3191 contemno
974 3169 1000 3201 γ.
1027 3159 1097 3190 rell.
1125 3170 1185 3190 om.
