2148 3412
847 113 895 145 IN
920 114 1063 149 EPIST.
1090 115 1116 155 1,
1144 120 1173 147 6.
1847 108 1929 149 403

102 242 188 276 tuin
219 233 460 290 chlamydes
490 236 680 290 sequenti
712 236 780 277 die
811 237 1059 288 ostenderet,
1091 238 1135 278 in
1166 253 1291 280 scena
1321 239 1467 282 uolens
1488 240 1686 295 experiri,
1719 241 1753 283 si
1775 247 1834 283 tot
1853 242 1929 282 ha-

102 308 228 357 beret,
274 308 509 362 respondit:
556 309 765 363 quomodo
796 325 965 364 possum
997 318 1056 351 tot
1087 312 1316 365 praebere?
1376 313 1478 355 Post
1508 315 1725 369 paululum
1761 315 1931 370 scripsit

100 381 151 431 ei,
188 379 343 421 habere
365 382 473 436 (se?)
505 381 618 422 domi
650 381 834 436 quinque
866 383 983 424 milia
1014 383 1296 439 chlamydum,
1335 401 1383 426 cx
1416 386 1581 441 quibus,
1615 388 1649 429 si
1680 388 1818 438 uellet,
1851 404 1928 444 po—

99 460 203 496 terat
232 454 437 509 (possetP)
469 455 614 496 tollere
645 462 821 510 partem,
853 456 920 497 uel
950 471 1106 498 omnes.
1154 456 1324 499 Luculli
1357 460 1550 515 exemplo
1572 461 1765 511 ostendit,
1798 477 1928 517 pecu-

97 528 188 570 nias
215 528 472 582 adpetendas
501 543 585 570 non
607 542 709 576 esse,
744 530 942 584 quoniam
974 530 1104 570 multa
1134 530 1292 572 habent
1323 547 1600 587 superuacua,
1632 542 1677 575 ut
1707 534 1777 576 ille
1809 534 1924 577 chla-

96 600 253 656 mydes,
285 616 334 642 ac
364 614 441 656 per
470 601 549 643 hoo
579 601 891 657 philosophiam
922 603 1192 657 sequendam,
1225 604 1292 645 cui
1323 605 1428 645 nihil
1459 606 1586 648 deest.

203 675 269 715 45.
304 675 440 716 Exilis
461 675 612 716 domus
643 683 708 716 est.
768 674 989 716 Inridendi
1012 676 1273 732 (inridentis)
1297 678 1438 720 animo
1469 679 1548 720 hoc
1579 680 1693 730 dicit,
1727 681 1826 722 dum
1858 695 1924 723 re-

94 746 316 802 prehendit
347 761 608 801 superuacua
639 747 853 789 auaritiae.

204 820 270 861 45.
301 821 368 862 46.
401 829 438 862 et
459 821 586 862 multa
611 830 831 877 supersunt
862 823 913 862 Et
943 823 1146 864 dommum
1160 823 1314 877 fallunt
1344 833 1379 865 ec
1403 834 1576 880 prosum
1604 826 1778 877 furibus.
1823 826 1922 878 Isto,

92 891 239 946 inquit,
271 899 459 949 ternpore
490 908 654 949 pauper
684 894 850 944 dicitur,
883 894 955 935 ubi
985 910 1069 936 non
1101 895 1419 950 superabundat
1449 897 1623 951 aliquid,
1661 907 1698 939 et
1730 900 1803 941 ubi
1839 915 1923 941 non

91 965 239 1008 fallunt
282 966 500 1008 dominum
543 966 661 1022 ipsae
707 967 881 1008 diuitiae
927 983 1002 1009 sua
1037 969 1288 1023 quantitate,
1336 970 1495 1011 scilicet
1535 970 1569 1012 si
1611 971 1701 1026 ipse
1740 972 1922 1028 ignorat,

91 1046 292 1094 quantum
322 1039 487 1090 habeat,
521 1047 560 1081 et
591 1040 625 1082 si
657 1040 756 1083 satis
786 1042 899 1083 fures
930 1041 1028 1083 inde
1060 1042 1223 1097 eripere
1249 1042 1394 1099 [non''<·']
1428 1052 1616 1099 possunt.

201 1114 268 1154 47.
301 1128 377 1155 res.
408 1112 612 1155 Diuitiae.

200 1187 267 1227 47.
299 1188 364 1229 48.
399 1186 445 1228 Si
471 1201 506 1228 r.
538 1187 624 1229 sola
648 1195 780 1243 polest
808 1188 865 1241 sa.
899 1196 934 1229 et
963 1203 1068 1230 seru.
1101 1190 1272 1239 beatum,
1314 1192 1398 1233 Hoc
1416 1206 1480 1247 pr.
1502 1201 1656 1248 repelas
1678 1207 1787 1248 opas.
1848 1191 1922 1235 Sic

89 1260 326 1315 pronuntia,
359 1266 405 1301 ut
434 1260 657 1302 inridendo
688 1260 867 1302 horteris
898 1261 1046 1317 inagis.

201 1334 265 1375 50.
297 1334 527 1376 Mercemur
557 1348 734 1375 seruum.
794 1333 914 1375 Dicit
943 1335 1069 1385 enim,
1102 1335 1214 1389 quod
1246 1336 1460 1391 emptitius
1491 1351 1587 1378 curn
1618 1338 1788 1379 domino
1820 1354 1920 1380 am-

88 1405 236 1448 bulans
265 1406 308 1447 in
338 1406 604 1448 multitudine
635 1406 747 1448 hunc
778 1413 817 1448 et
847 1407 959 1449 hunc
988 1408 1032 1448 in
1063 1408 1171 1449 latus
1208 1409 1408 1451 fodiendo
1454 1410 1574 1451 dicit:
1625 1410 1738 1452 Date
1782 1411 1922 1453 locum

6 1487 31 1543 ³¹}
89 1478 259 1521 domino
290 1479 403 1521 meo!

200 1553 265 1595 51.
296 1560 409 1595 trans
434 1554 632 1610 pondera.
693 1552 922 1611 [Pondera]
955 1554 1132 1609 lapides,
1169 1555 1241 1610 qui
1271 1556 1315 1596 in
1336 1570 1466 1611 opera
1488 1556 1697 1598 ducuntur
1718 1572 1794 1613 per
1814 1557 1919 1607 uias,

86 1627 174 1669 uel:
207 1626 279 1682 qui
308 1641 384 1682 per
404 1626 536 1668 latera
556 1627 735 1682 expositi
758 1627 927 1669 altiores
948 1635 1056 1670 sunt.
1115 1628 1172 1669 Et
1203 1636 1265 1671 est
1295 1644 1461 1671 sensus:
1495 1630 1567 1685 qui
1588 1645 1759 1672 manum
1780 1631 1919 1686 porri-

87 1706 159 1756 gat
187 1700 425 1742 transituro.

199 1775 263 1816 55.
298 1775 347 1816 Ut
368 1776 507 1830 cuique
529 1782 585 1816 est.
606 1783 729 1816 aetas.
777 1774 1004 1831 [Hortatur
1034 1790 1374 1830 unumquemque
1404 1776 1664 1818 honestatem
1696 1784 1918 1829 amantem,

85 1854 130 1889 ut
157 1863 323 1889 omnem
354 1847 580 1898 hominem,
612 1856 737 1904 prout
767 1854 881 1890 aetas
912 1848 1000 1890 eius
1031 1849 1233 1904 exposcit,
1264 1849 1383 1891 illum
1415 1849 1684 1906 alloquatur]

199 1923 264 1964 58.
301 1922 522 1978 Garyz'lius.
594 1921 860 1964 Luxuriosus
891 1937 940 1964 ac
971 1922 1162 1978 perditus
1193 1923 1283 1973 fuit,
1322 1923 1394 1978 qui
1425 1938 1468 1965 se
1499 1924 1648 1965 uenari
1679 1924 1916 1976 simulabat,

86 1994 184 2036 dum
214 2002 369 2037 emeret
400 2011 537 2051 apros.

198 2093 233 2134 7)
259 2096 426 2125 irridentis
452 2091 517 2133 (dis
534 2095 635 2134 1111).
654 2105 680 2137 γ.
701 2095 769 2125 rell.
795 2094 959 2125 irridendi.
1009 2094 1043 2134 8)
1070 2095 1279 2133 deprehendit
1303 2106 1330 2137 γ.
1357 2097 1427 2126 rell.
1454 2106 1536 2135 repr.
1587 2097 1621 2136 9)
1647 2096 1712 2127 Isto
1728 2101 1919 2135 —possunt

85 2161 111 2193 γ.
136 2152 204 2182 rell.
230 2161 290 2182 om.
343 2152 399 2191 13)
424 2152 571 2182 Diuitiae
596 2162 623 2194 γ.
651 2153 721 2182 rell.
749 2161 809 2182 om.
878 2151 933 2190 14)
961 2152 998 2181 Si
1019 2161 1077 2181 reS.
1108 2152 1146 2181 Si
1168 2152 1330 2190 prouincia
1355 2154 1460 2183 vcafh.
1488 2153 1540 2183 Sic
1560 2153 1725 2192 pronuntia
1749 2152 1806 2193 γ,Ο
1833 2153 1917 2192 (pro-

86 2209 216 2248 nuncia)
242 2209 388 2239 Dillenb.
415 2218 445 2247 p.
475 2210 512 2239 11
541 2212 573 2238 et
598 2208 634 2244 Q.
661 2209 752 2238 irrid.
779 2210 915 2238 horteris
941 2209 1042 2247 magis
1068 2218 1094 2250 γ.
1121 2210 1189 2238 rell.
1216 2210 1269 2238 irr.
1295 2219 1380 2247 mag.
1406 2210 1557 2240 horteris.
1584 2210 1716 2240 Lemma
1733 2210 1833 2240 Sires
1850 2220 1917 2240 am-

86 2267 239 2304 plificaui.
291 2267 347 2306 16)
371 2266 464 2297 Dicit
488 2284 529 2287 —d
555 2275 625 2296 meo
651 2275 710 2296 om.
737 2275 763 2307 γ.
816 2266 871 2304 19)
897 2264 1049 2295 Scholion
1073 2266 1104 2297 11.
1132 2266 1204 2303 loci,
1231 2275 1324 2305 quem
1348 2266 1551 2296 Burmannus
1576 2267 1617 2296 ad
1641 2267 1770 2296 Nemes.
1795 2267 1864 2296 Ecl.
1889 2266 1915 2304 Ι,

87 2323 125 2353 51
152 2333 186 2354 se
211 2325 402 2362 intellegere
427 2328 538 2362 negat⁷
573 2324 727 2353 uitiatum
752 2323 857 2352 adhue
882 2332 919 2352 ac
944 2332 999 2360 per
1023 2323 1083 2352 hoc
1108 2322 1303 2361 perdifficile
1330 2327 1408 2353 erat.
1444 2322 1588 2358 vcath:
1626 2324 1680 2360 qui
1712 2322 1916 2362 poro-iyuntur

79 2389 138 2419 per
171 2381 248 2411 uias.
281 2380 323 2410 C:
362 2381 427 2420 ‘qui
453 2390 510 2418 per
533 2381 604 2410 uias
631 2379 741 2409 dantur
764 2380 796 2408 in
820 2388 923 2417 opera,
960 2383 1012 2409 aut
1035 2379 1132 2409 latera
1155 2379 1277 2409 uiarum
1298 2379 1388 2417 positi
1410 2379 1533 2409 altiores
1557 2379 1738 2418 eriymztzeo‘).
1771 2389 1803 2420 γι
1829 2382 1916 2408 trans

81 2437 173 2476 pond.
199 2438 338 2476 Lapides
363 2437 439 2475 (om.
466 2439 618 2468 iteratum
643 2436 799 2475 Pondera)
828 2437 860 2466 in
885 2446 982 2474 opera
1005 2436 1153 2466 dicuntur
1177 2445 1233 2474 per
1258 2437 1339 2466 uias.
1364 2436 1480 2474 uelpeo·
1497 2437 1601 2465 latera
1619 2435 1762 2473 expositi
1781 2436 1914 2465 altiores

85 2497 170 2524 sunt.
194 2496 226 2531 b,
252 2504 307 2533 qui
332 2495 393 2525 hoc
418 2494 517 2524 schol.
544 2495 658 2524 habet:
698 2494 835 2531 ‘lapides
858 2493 929 2532 quin
953 2502 1050 2531 opera
1074 2493 1223 2524 (licuntur
1248 2504 1278 2531 p.
1305 2503 1335 2523 u.
1361 2493 1408 2523 uel
1435 2494 1511 2531 (om.
1537 2492 1589 2531 qui
1612 2496 1643 2522 et
1660 2501 1730 2530 per.
1758 2493 1814 2521 sed
1839 2492 1916 2522 uide

80 2560 139 2589 per
163 2550 262 2589 infra)
288 2553 392 2582 latera
415 2561 483 2590 eaep.
512 2556 595 2581 sunt.
633 2551 677 2580 Et
700 2554 750 2580 est
776 2559 900 2586 sensus,
938 2551 991 2588 qui
1010 2559 1071 2589 per
1094 2559 1225 2580 manum
1249 2551 1389 2589 porriqccc
1412 2548 1609 2579 transituro.'
1647 2549 1784 2587 porri-(sat
1807 2548 1914 2589 7b‚Ca.

86 2608 155 2638 rell.
182 2608 345 2648 porriyant.
369 2608 466 2638 Posui
492 2608 657 2637 (ineuntur.
687 2606 818 2645 Lapides
842 2610 949 2636 autem
975 2606 1091 2636 Acroni
1118 2612 1193 2637 sunt
1218 2607 1343 2645 Iapides
1368 2606 1538 2644 ponderosi
1565 2605 1665 2645 (Plin.
1690 2605 1836 2641 XXXVI,
1858 2607 1913 2645 19)

85 2663 122 2693 ab
154 2664 252 2703 operis
289 2665 376 2694 ducti
414 2674 470 2703 per
494 2665 575 2701 uias,
601 2673 665 2694 non
688 2672 806 2693 mensae
829 2672 1028 2700 marmoreae,
1062 2668 1098 2693 ut
1122 2663 1198 2693 Hor.
1226 2662 1257 2693 S.
1284 2664 1310 2700 Ι,
1338 2665 1366 2700 6,
1390 2663 1469 2692 116:
1496 2662 1575 2700 lapis
1599 2661 1685 2690 albas
1710 2662 1823 2691 Pocula
1847 2672 1915 2692 cum

85 2721 188 2760 cyatho
212 2721 270 2751 duo
293 2721 424 2751 sustinet.
452 2719 614 2759 cruquius
640 2730 669 2758 p.
698 2720 773 2757 537,
811 2729 991 2758 conparans
1016 2720 1095 2750 Hor.
1121 2720 1158 2749 E.
1185 2720 1227 2758 II⁷
1255 2721 1283 2758 2,
1312 2722 1367 2749 71:
1406 2720 1510 2749 Parae
1533 2722 1600 2748 sunt
1617 2718 1749 2756 plateae,
1786 2719 1863 2749 nihil
1886 2724 1917 2749 ιιι

86 2777 289 2808 meditantibus
311 2778 411 2815 obstet,
436 2778 556 2816 accipit
580 2777 799 2807 incedentium
825 2778 1002 2814 obstacula,
1029 2786 1111 2807 saxa
1136 2778 1327 2815 ponderosa,
1352 2776 1460 2806 trabes
1488 2779 1517 2805 et
1544 2775 1713 2812 eiusmodi,
1739 2793 1780 2795 —
1806 2777 1916 2814 pontis

87 2835 154 2865 loco
177 2836 336 2874 proiectos
362 2835 487 2873 lapides
513 2835 674 2873 ingenteS.
712 2834 805 2864 Hanc
831 2835 1081 2872 explicationem
1108 2835 1235 2872 plurimi
1262 2833 1401 2863 editores
1426 2833 1503 2863 Hor.
1529 2832 1567 2862 E.
1594 2832 1737 2870 amplexi
1765 2835 1848 2862 sunt.
1876 2832 1915 2863 cf.

88 2890 120 2921 S.
148 2891 265 2922 Obbar.
290 2901 320 2930 p.
347 2891 537 2922 327ffl329.
578 2891 728 2921 Notabile
754 2895 803 2921 est
829 2891 929 2921 schol.
955 2892 990 2920 in
1014 2891 1084 2933 sz:
1111 2887 1328 2929 transponam-z
1366 2890 1399 2927 (1
1426 2899 1467 2918 m.
1495 2889 1528 2918 in
1553 2892 1689 2927 utroque
1714 2888 1823 2927 corn).
1855 2899 1916 2927 pro

87 2948 314 2986 transpondera
336 2948 358 2977 i.
383 2947 465 2978 ultra
488 2957 657 2977 mensuram
683 2948 818 2977 diuitias
844 2956 1050 2986 congregare.
1103 2948 1160 2986 22)
1188 2948 1399 2977 Hortaturff»a
1418 2946 1602 2983 alloquatur
1626 2955 1687 2975 om.
1714 2954 1740 2986 γ.
1767 2946 1850 2975 conf.
1869 2945 1913 2976 C:

87 3003 232 3035 hortatur
255 3009 288 3034 ut
309 3014 562 3043 unumquemque
586 3004 702 3034 honeste
727 3008 822 3042 prout
837 3021 877 3024 -β
892 3005 1086 3042 alloquatur.
1147 3005 1188 3034 acl
1213 3014 1243 3033 u.
1272 3004 1311 3032 6‘2
1337 3011 1410 3041 pag.
1439 3011 1505 3039 seq.
1531 3000 1626 3038 cerite
1650 3010 1668 3043 γ
1694 3002 1725 3031 in
1750 3002 1913 3040 lemmate,

87 3064 123 3091 ut
146 3070 228 3092 omn.
252 3061 321 3092 fere
345 3061 437 3093 codd.
461 3061 601 3092 Horatii.
628 3062 725 3091 cerite
749 3060 919 3101 b,vcath.
946 3070 1033 3090 caera
1060 3070 1110 3098 va,
1136 3064 1172 3090 ut
1195 3060 1317 3089 multae
1343 3059 1414 3088 edd.
1443 3067 1524 3088 saec.
1550 3057 1618 3087 XV.

198 3117 228 3158 *)
253 3127 312 3148 mm
335 3118 399 3148 del.
425 3116 460 3148 C.
487 3117 674 3154 Hermann„
712 3117 908 3156 inprobante
933 3117 1187 3154 Hirschfeldero,
1213 3116 1266 3154 qui
1292 3124 1389 3154 supra
1413 3115 1597 3153 proposuit:
1623 3114 1719 3152 uellet,
1745 3114 1879 3145 tolleret.

1657 3180 1708 3205 26*

1974 545 1991 574 5

1950 910 1990 941 10

1944 1642 1987 1674 20

1941 2010 1982 2040 25
