2148 3412
208 148 287 189 298
842 158 948 189 Aen.
975 157 1035 188 ET
1061 156 1226 188 PORPH.
1253 156 1401 188 comm.

199 281 349 323 feceris
378 280 614 322 haeredem.
659 279 914 335 Metaphora
936 296 960 322 a
981 279 1182 335 piscibus,
1215 279 1287 334 qui
1325 294 1419 321 cum
1455 279 1584 321 semel
1606 280 1817 321 euaserint
1846 279 2031 330 hamum,

205 354 268 411 [in
290 354 395 395 retia
416 369 500 395 non
520 353 644 395 facile
666 353 876 410 incidunt]
902 354 1007 395 retia
1027 355 1133 395 forte
1155 369 1238 395 non
1260 354 1463 395 incidunt.
1525 355 1685 409 suyerz‘t.
1727 352 1841 406 Quia
1872 352 2036 395 dixerat

204 437 341 483 captes.
394 443 606 484 praeroso.
664 426 760 469 Non
792 443 990 483 praeroso
1028 428 1166 478 hamo,
1213 427 1286 469 sed
1332 442 1427 469 esca
1471 441 1672 482 praerosa
1717 426 1845 468 alium
1890 426 2034 468 fecerit

202 501 441 543 haeredem.

137 596 154 613 ο
317 577 382 617 26.
414 590 522 632 spem
540 577 728 632 deponas,
746 584 817 618 aut
834 584 961 618 artem
978 577 1079 618 inlu.
1097 577 1266 617 omittas.
1337 576 1606 630 Veryilimzum
1627 574 1732 616 illud
1749 573 1825 630 (A.
1843 573 1920 624 VI,
1940 574 2033 630 95):

207 651 244 692 T
242 665 269 691 u
300 665 348 691 ne
380 650 495 691 crede
524 651 654 692 malis.

317 725 382 764 27.
416 724 644 765 certabitur.
718 723 1064 779 Inpersonaliter,
1108 723 1188 765 hoc
1233 730 1312 764 est:
1359 722 1403 763 in
1449 729 1661 763 certamen
1705 722 1857 763 ueniet.
1933 722 2037 763 olim.

205 796 486 852 Quandoque,
517 796 598 839 hoc
628 804 707 839 est:
740 797 775 839 si
805 797 1033 852 aliquando
1064 812 1131 838 res
1161 797 1205 837 in
1237 804 1451 838 certamen
1482 795 1657 837 uenerit.

317 872 382 913 28.
423 872 534 913 l''2'uet
561 879 652 913 uter
683 872 870 928 locuples.
931 870 1177 920 Considera,
1210 870 1282 925 qui
1313 878 1373 911 est
1405 869 1666 924 locupletior.

141 952 179 983 10
317 946 511 1001 inprobus
542 946 664 987 ultro.
725 944 934 997 Quamuis
965 945 1018 986 sit
1047 944 1264 1000 inprobus,
1311 943 1505 998 quamuis
1536 943 1724 998 peiorem
1754 943 1908 984 habeat
1940 957 2039 984 cau-

206 1034 308 1063 sam.
349 1026 488 1060 tamen
519 1018 657 1073 ipsum
688 1026 732 1060 tu
762 1018 953 1060 defende.
1016 1017 1192 1060 Sensus:
1227 1016 1495 1072 Quicumque
1526 1017 1578 1058 de
1609 1016 1894 1072 litigatoribus
1925 1017 2040 1058 diues

206 1101 247 1134 et
276 1092 365 1134 sine
396 1092 493 1134 filiis
523 1092 660 1142 fuerit,
693 1107 788 1133 eum
819 1092 1010 1142 defende,
1043 1092 1121 1134 etsi
1152 1099 1324 1148 rogatus
1355 1107 1439 1132 non
1471 1091 1615 1142 fueris,
1648 1098 1693 1132 ut
1724 1091 1762 1132 ei
1793 1091 1920 1133 adsis.
1978 1093 2040 1132 in-

201 1167 366 1223 probus.
428 1164 515 1218 Qui
546 1166 699 1207 malam
731 1181 901 1208 causam
932 1166 1059 1207 habet
1089 1180 1110 1207 e
1143 1165 1365 1207 contrario.

320 1241 385 1282 29.
423 1241 507 1291 Qui
533 1241 737 1282 meliorem
769 1241 909 1282 audax
939 1249 1054 1282 uocet
1074 1241 1116 1282 in
1137 1241 1212 1282 ius.
1274 1239 1428 1281 Iustius
1460 1239 1795 1289 contendentem,
1826 1237 2042 1280 meliorem

144 1323 183 1353 15
210 1329 381 1357 causam
411 1314 649 1356 habentem.

322 1390 386 1430 29.
419 1389 484 1430 30.
516 1389 628 1431 illius
649 1399 729 1431 esto
752 1388 960 1444 Defensor.
1019 1387 1069 1429 Id
1101 1396 1179 1429 est:
1214 1394 1253 1429 et
1283 1394 1323 1429 te
1354 1387 1553 1444 adiunge,
1585 1387 1657 1442 qui
1689 1387 1827 1428 audax
1858 1387 1912 1428 ad
1934 1386 2043 1428 iudi-

209 1462 320 1504 cium
352 1463 529 1505 deuocat
560 1462 790 1505 meliorem.

322 1538 388 1579 30.
417 1542 608 1594 priorem.
638 1536 876 1579 Meliorem.

323 1613 389 1653 31.
408 1611 570 1668 Sperne.
585 1608 850 1665 Contempne
860 1610 995 1652 ciuem
1009 1609 1231 1667 [utrum]*)
1245 1609 1414 1658 bonum,
1425 1609 1547 1663 etqui
1559 1623 1729 1650 causam
1741 1608 1895 1650 bonam
1906 1607 2043 1650 habet.

143 1692 185 1724 20
323 1686 389 1726 32.
426 1686 570 1736 Quinte
594 1694 712 1742 puta.
774 1684 871 1726 Hoc
901 1683 1016 1734 dicit,
1048 1692 1092 1725 ut
1124 1683 1329 1725 accedens
1350 1698 1435 1725 non
1457 1683 1639 1734 nomine,
1663 1682 1736 1725 sed
1758 1682 2042 1738 praenomine,

212 1759 440 1801 honorifice
471 1758 667 1815 adpellet.
721 1767 834 1815 putu.
897 1756 970 1800 Sic
1002 1757 1211 1812 eloquere.

323 1834 389 1874 34.
423 1848 577 1890 anceps.
638 1832 870 1888 Epitheton
902 1831 1016 1873 iuris.
1086 1831 1137 1872 Id
1169 1838 1243 1881 est,
1289 1831 1660 1887 con(tro)uersum,
1707 1831 1774 1872 uel
1805 1830 2043 1882 obscurum,

211 1907 325 1962 quod
342 1914 477 1962 potest
492 1907 659 1961 utrique
676 1906 787 1962 parti
804 1906 1005 1962 prodesse
1022 1921 1100 1961 pro
1111 1904 1283 1961 ingenio
1300 1904 1628 1960 interpretantis,
1647 1905 1690 1946 id
1704 1913 1777 1956 est,
1795 1905 1897 1947 iuris
1908 1905 2042 1961 periti.

325 1982 390 2023 35.
428 1982 577 2037 Eripz'et
607 1982 741 2036 quiuis
773 1981 910 2023 oculos
941 1982 1003 2021 cit.
1036 1995 1084 2021 m.
1146 1978 1196 2019 Id
1227 1986 1308 2020 est:
1349 1978 1516 2020 facilius
1546 1979 1698 2034 patior,
1743 1993 1810 2021 me
1840 1980 1954 2021 omni
1983 1979 2044 2021 la-

145 2063 186 2094 25
214 2055 315 2097 bore
344 2054 543 2109 torqueri,
577 2069 703 2110 quam
734 2062 773 2096 te
804 2053 985 2110 pretium
1016 2053 1135 2095 nucis
1165 2052 1366 2094 amittere.

212 2210 298 2240 nibus
322 2212 400 2240 tuis.
428 2210 510 2240 conf.
536 2210 577 2240 C:
597 2221 706 2249 preter.
733 2211 829 2240 hamo.
855 2211 1047 2248 metaphora
1071 2219 1089 2239 a
1116 2210 1271 2247 piscibus,
1309 2211 1392 2248 quod
1431 2214 1506 2248 apte
1533 2211 1655 2247 subdit,
1682 2211 1757 2249 quia
1793 2211 1900 2241 dixit:
1937 2215 2045 2250 captes.

214 2277 364 2306 praeroso
389 2268 493 2303 hamo.
531 2268 562 2297 id
589 2273 637 2297 est
666 2272 779 2298 uorata
805 2277 888 2304 esea,
926 2267 1083 2297 consumtis
1107 2266 1163 2296 tuis
1199 2271 1227 2296 et
1256 2266 1384 2305 perditis
1408 2266 1588 2296 muneribus.
1637 2268 1704 2297 Alii
1730 2269 1891 2306 putabunt
1915 2268 2047 2298 omnibus

214 2330 318 2355 ortum
345 2334 387 2355 ex
411 2325 581 2355 mmzeodbus
607 2330 636 2355 et
662 2326 822 2355 scribent:
847 2334 926 2355 cons.
952 2323 1124 2354 muneribus
1149 2324 1205 2353 tuis
1230 2325 1299 2354 uel:
1326 2333 1411 2353 cons.
1437 2328 1464 2353 el
1484 2324 1571 2362 perd.
1597 2334 1681 2354 mun.
1708 2326 1783 2355 tuis.

331 2383 363 2421 1)
390 2383 497 2412 metas.
523 2392 549 2424 γ.
599 2383 634 2421 2)
659 2383 743 2412 retia
768 2382 852 2412 forte
877 2392 939 2411 non
967 2382 1112 2411 incidunt
1139 2391 1163 2422 γ.
1190 2381 1220 2410 ίη
1246 2382 1326 2410 retia
1350 2380 1515 2419 non-facile
1533 2381 1681 2411 incidunt
1699 2380 1858 2422 fh(G?)Q‚
1885 2383 1938 2420 qui
1956 2382 2045 2411 uncis

214 2441 286 2469 incl.
313 2440 500 2478 Metaphora
527 2457 567 2460 μ
594 2440 690 2468 adsis.
729 2439 846 2469 Totum
873 2439 931 2468 hoc
957 2439 1055 2468 schol.
1083 2443 1114 2468 et
1139 2439 1307 2476 sequentia
1331 2448 1431 2477 usque
1456 2439 1495 2467 ad
1521 2448 1551 2468 u.
1580 2439 1620 2467 30
1661 2438 1825 2478 (priorem)
1863 2449 1923 2468 om.
1961 2447 2044 2468 mva.

219 2498 276 2531 Qui
300 2498 429 2527 dixeras
455 2502 562 2535 captes
588 2507 614 2538 γ.
642 2497 709 2526 rell.
735 2506 795 2527 om.
858 2497 893 2534 3)
916 2505 1072 2534 praet-030.
1111 2496 1183 2525 Non
1204 2505 1282 2533 prae
1307 2505 1386 2525 rosa.
1413 2497 1513 2525 alium
1538 2495 1648 2526 fecerit
1670 2496 1819 2525 heredem
1845 2505 1871 2537 γ.
1897 2496 1967 2525 1·θ11.
1986 2505 2045 2525 0111.

217 2555 251 2594 5)
277 2555 373 2593 Verg.
395 2554 547 2584 —malis
572 2564 598 2595 γ.
623 2563 704 2593 spem
728 2553 869 2592 deponas.
896 2554 989 2582 iuxta
1015 2553 1093 2582 illud
1119 2552 1236 2591 Virgil.
1266 2553 1315 2582 Tu
1342 2562 1380 2582 ne
1406 2553 1480 2583 cede
1506 2553 1599 2582 malis
1625 2552 1658 2582 C.
1685 2553 1755 2582 rell.
1782 2562 1842 2582 om.
1892 2553 1926 2591 7)
1951 2555 2046 2582 certa-

218 2611 308 2642 bitur.
334 2612 454 2649 Inpers.
482 2629 522 2631 —
548 2611 740 2649 locupletior
763 2621 789 2653 γ.
816 2610 966 2640 similiter
991 2610 1024 2639 in
1049 2609 1082 2642 C.
1110 2611 1179 2640 rell.
1208 2620 1268 2640 om.
1307 2611 1333 2639 si
1359 2619 1408 2639 res
1446 2610 1583 2639 alicuius
1621 2609 1652 2639 in
1690 2613 1852 2640 certamen
1889 2614 1921 2639 et
1957 2610 2046 2639 litem

217 2670 343 2699 uenerit
367 2667 400 2698 C.
463 2667 519 2707 11)
545 2672 579 2698 tu
604 2678 629 2710 ⁴(-
656 2668 724 2698 rell.
751 2677 810 2697 om.
846 2685 877 2687 e
909 2668 947 2696 de
973 2676 998 2708 γ.
1024 2667 1093 2696 rell.
1121 2676 1147 2696 e.
1216 2667 1270 2706 12)
1297 2666 1385 2696 etlam
1408 2676 1468 2696 non
1492 2669 1624 2704 rogatus
1650 2665 1685 2696 C.
1739 2665 1794 2705 13)
1821 2666 1883 2702 Qui
1910 2684 1951 2687 —--
1975 2675 2047 2696 con-

216 2727 317 2756 trario
341 2734 367 2768 γ.
393 2726 461 2755 1·θ11.
489 2735 550 2755 om.
619 2725 674 2763 14)
700 2725 824 2754 Iustius
860 2742 897 2745 Μ
938 2725 1110 2754 habentem
1143 2734 1168 2765 γ.
1204 2725 1270 2753 rell.
1304 2734 1365 2753 om.
1425 2723 1541 2762 16)1d
1574 2726 1621 2752 est
1649 2742 1681 2743 W
1717 2724 1850 2753 deuocat
1887 2724 2046 2753 meliorem

216 2793 243 2825 γ.
282 2784 351 2812 rell.
390 2792 450 2812 0111.
519 2783 573 2820 19)
602 2781 804 2820 Contempne
831 2798 870 2802 —
897 2782 992 2811 habet
1030 2791 1056 2823 γ.
1094 2782 1163 2810 1·θ11.
1202 2791 1264 2811 om.
1330 2780 1388 2819 20)
1417 2780 1557 2816 Quincte
1587 2779 1622 2810 C.
1662 2779 1706 2810 Ut
1742 2780 1800 2810 hoc
1837 2780 1922 2810 dicat
1959 2788 2045 2810 acce-

219 2840 298 2869 dens
324 2850 350 2881 γ.
376 2840 444 2869 Hoc
470 2840 556 2875 dicit,
594 2842 629 2868 ut
666 2848 730 2869 acc.
769 2839 838 2868 rell.
865 2837 905 2868 C:
946 2838 996 2867 Sic
1032 2837 1060 2867 εἰ
1094 2838 1211 2877 loquere
1247 2838 1420 2867 honorifico
1456 2838 1674 2876 praenomine.
1740 2838 1797 2876 21)
1824 2836 1876 2867 Sic
1902 2838 2048 2876 eloquere

218 2905 244 2936 γ.
270 2897 340 2925 rell.
366 2906 425 2925 om.
476 2896 532 2934 22)
560 2896 737 2934 Epitheton
764 2896 842 2924 iuris
859 2894 978 2936 γθ1Ο,
1006 2895 1058 2933 qui
1083 2895 1189 2924 addit:
1217 2895 1300 2932 quod
1328 2895 1474 2924 incertum
1500 2899 1559 2930 est,
1588 2904 1672 2923 1111110
1699 2898 1829 2933 propter
1846 2890 2046 2937 ἀμφιβολίαν,

220 2962 304 2982 nunc
328 2957 459 2991 propter
484 2950 674 2994 ἀντινομίαν.
702 2961 883 2982 conuersum
909 2950 1107 2993 ·s((}?Q)vfh.
1136 2952 1337 2981 scribendum
1365 2956 1411 2981 est
1438 2955 1687 2981 controuersum.
1713 2951 1778 2980 Cic.
1798 2949 2046 2987 Diuin.11‚50:

221 3010 253 3039 id
280 3019 401 3039 sumere
438 3011 515 3041 istos
554 3020 611 3049 pro
643 3015 733 3047 certo,
771 3010 854 3049 quod
880 3009 999 3038 dubium
1023 3013 1301 3047 controuerszcquce
1326 3009 1377 3038 sit.
1407 3007 1559 3038 Conuersco
1583 3008 1702 3037 dicitur
1715 3007 1851 3046 fortuna
1875 3007 1952 3045 Nep.
1978 3006 2046 3036 Att.

223 3068 272 3102 10,
300 3071 329 3096 et
356 3077 434 3097 mens
460 3067 553 3098 Caes.
580 3068 615 3097 B.
643 3067 680 3098 G.
707 3067 730 3099 Ι,
757 3068 809 3095 41.
849 3065 1028 3096 Conuersum
1053 3070 1157 3095 autem
1185 3075 1248 3095 non
1276 3071 1322 3095 est
1355 3065 1509 3099 incertum.
1548 3064 1603 3093 sed
1634 3067 1792 3093 mutatum.
1859 3065 1916 3103 23)
1942 3063 1974 3092 id
2000 3064 2047 3091 est

221 3125 296 3153 iuris
324 3125 418 3162 periti
445 3134 471 3165 γ.
500 3126 565 3154 rell.
592 3135 651 3154 om.
703 3125 759 3163 24)
786 3123 913 3153 facilior
938 3123 989 3152 uel
1013 3131 1048 3151 us
1072 3131 1089 3163 γ
1111 3124 1120 3150 l
1144 3132 1204 3151 ms
1226 3140 1237 3141 ψ
1256 3123 1362 3160 patiar
1379 3132 1406 3151 a.
1457 3123 1514 3160 25)
1538 3121 1640 3160 §tium
1666 3129 1692 3161 γ.
1714 3121 1856 3159 μεν-1111111
1882 3130 1911 3149 v.
1938 3122 2047 3157 partem

220 3181 286 3217 ath,
313 3182 450 3219 pretium
476 3180 545 3216 GQ.
595 3180 629 3219 ²⁴³)
656 3182 714 3210 Pro
741 3184 836 3210 ›ltu-'am
862 3189 920 3218 ego
947 3179 1037 3217 posui
1063 3179 1155 3208 ciuem
1180 3179 1301 3219 (Heln),
1330 3178 1365 3208 C.
1393 3180 1568 3209 Hermann.
1596 3182 1706 3216 tempt.
1733 3178 1868 3208 alterum.
