2148 3412
830 127 878 160 IN
904 127 1040 161 SERM.
1065 128 1091 166 1⁷
1119 132 1148 162 5.
1819 121 1898 162 103

190 248 397 289 Atabulus.
454 247 620 290 Nomen
649 250 778 299 uenti,
810 251 882 305 qui
912 251 1040 307 uulgo
1074 252 1267 294 Atabulus
1299 252 1464 294 dicitur.
1525 252 1686 295 Ventus
1723 253 1901 296 fortissi-

76 336 167 362 mus
197 320 240 361 in
261 319 435 375 Apulia,
459 322 659 364 Atabulus
689 330 826 363 autem
860 324 936 363 ἀπο
971 325 1107 380 (τοῦῗ)
1149 326 1217 379 τήν
1263 325 1358 380 ἄτην
1394 327 1565 381 βαλλειν
1606 327 1631 368 i.
1671 341 1705 368 e.
1748 327 1898 384 [quod]

75 394 355 449 pestilentiam
388 394 623 452 [inmittat]

188 468 252 508 79.
283 482 513 524 erepsemus.
577 468 680 525 [Per
711 470 1001 525 erepsissimus
1031 471 1057 512 i.
1090 471 1145 528 e.]
1178 472 1472 515 transissemus
1503 489 1580 529 pro
1611 474 1899 529 repsissemus,

75 548 115 582 et
135 548 195 582 est
223 541 359 596 figura
390 541 605 592 detractio,
640 541 748 598 [siue
770 558 903 598 paene
924 544 1236 601 transissemus]
1261 546 1349 587 siue
1371 554 1719 601 penetrassemus,
1751 563 1898 590 ascen-

76 614 280 655 dissemus
310 629 412 669 prae
442 615 573 655 nimia
603 615 835 657 altitudine.

190 689 353 729 Triuici.
414 686 577 743 Oppidi
599 690 641 729 in
663 689 744 730 fine
777 688 1052 745 Campaniae,
1085 706 1166 746 quo
1196 692 1390 734 uehicula
1421 693 1562 735 iuncta
1593 696 1794 736 accedere
1825 710 1899 736 ne-

75 768 243 816 queunt,
274 760 452 816 ideoque
483 761 687 804 Horatius
717 763 770 804 ad
801 764 946 804 uillam
977 764 1168 806 deuertit.
1228 765 1325 807 Hoc
1359 768 1394 808 T
1394 769 1581 809 riuiez‘um
1612 783 1744 823 prope
1766 768 1899 824 Apu—

73 834 172 876 liam
202 841 274 876 est.

185 909 249 950 81.
281 909 394 950 udos.
454 908 679 960 Humidos,
711 910 880 952 uirides.

184 997 319 1024 ramos
349 997 413 1024 ur.
449 998 547 1024 cam.
608 983 658 1024 Id
689 992 769 1025 est:
804 984 968 1040 accepit
997 1000 1070 1027 nos
1102 1000 1197 1026 cum
1229 1001 1390 1028 summo
1422 987 1549 1038 fumo,
1573 987 1672 1042 quia
1703 988 1761 1029 ibi
1793 1003 1899 1029 ure-

73 1055 225 1097 bantur
255 1055 375 1097 rami.

185 1130 251 1171 83.
283 1138 478 1186 eoespeeto.
537 1129 643 1172 Pro:
676 1132 910 1187 expectaui.

183 1218 346 1246 somnus
378 1213 509 1246 tamen
541 1206 688 1260 aufert.
746 1205 869 1247 Illam
900 1206 1234 1261 expectationem
1268 1207 1481 1264 [scilicet],
1514 1209 1629 1250 deest
1659 1225 1732 1259 me,
1764 1210 1899 1251 abun-

72 1277 143 1319 dat
172 1286 312 1320 tamen.

183 1353 249 1393 84.
280 1352 473 1394 intentum
510 1353 658 1394 Veneri.
717 1352 1045 1408 Exspectantem
1076 1353 1300 1395 Venerem.

183 1426 248 1467 86.
281 1426 372 1467 lzz'uc
402 1440 490 1482 rap.
549 1426 592 1466 A
622 1426 723 1467 uilla
753 1426 928 1469 Triuici.

183 1500 248 1540 87.
279 1500 474 1541 Mansuri
494 1500 692 1556 oppidulo,
724 1502 828 1556 quod
863 1516 988 1543 uersu
1010 1503 1139 1543 dicere
1166 1516 1245 1543 non
1268 1510 1334 1544 est.
1397 1500 1511 1554 Quia
1533 1505 1712 1559 Aequum
1734 1506 1900 1546 {uacum

71 1571 288 1613 dicebatur
319 1572 562 1630 [oppidum]
596 1580 635 1614 et
664 1589 747 1616 non
779 1582 942 1630 poterat
971 1574 1015 1615 in
1034 1589 1159 1616 uersu
1181 1590 1254 1616 suo
1276 1590 1432 1630 ponere
1454 1576 1691 1618 huiusmodi
1732 1593 1898 1629 nomen,

71 1660 120 1687 ac
149 1660 225 1701 per
254 1646 333 1688 hoc
364 1646 497 1702 signis
516 1647 657 1697 utitur,
691 1647 842 1702 quibus
864 1648 1033 1699 indicet,
1065 1648 1177 1702 quod
1198 1648 1334 1690 uellet.
1394 1649 1459 1690 Ita
1489 1657 1628 1691 autem
1661 1652 1790 1693 [licere
1820 1667 1900 1694 nou

72 1728 138 1769 est,
168 1726 213 1761 ut
243 1720 439 1762 dicimus:
473 1721 720 1763 soluendum
754 1721 876 1779 [non]
911 1729 983 1764 est.

182 1795 248 1836 88.
271 1795 467 1851 perfacile
497 1804 562 1837 est.
599 1794 769 1837 Dicere.
830 1798 951 1838 uenit.
983 1795 1207 1847 Venditur,
1253 1796 1532 1853 distrahitur[,
1579 1797 1631 1839 ab
1677 1813 1739 1848 eo,
1786 1800 1898 1853 quod

71 1874 132 1909 est
160 1867 326 1925 ueneo].
388 1867 501 1921 Quia
531 1869 645 1924 apud
676 1872 857 1925 Aequum
889 1872 1058 1912 [uticum
1088 1884 1222 1925 aquae
1253 1877 1313 1912 est
1344 1870 1500 1926 inopia.

183 1943 247 1984 90.
281 1942 466 1984 callidus.
524 1941 748 1993 Prouidus,
782 1943 963 1998 sapiens,
995 1944 1192 1999 prudens.

183 2017 247 2057 91.
280 2017 387 2060 Nam
422 2016 577 2058 Canusi
603 2017 722 2074 lapid.
755 2032 882 2073 aquae
914 2019 1034 2059 ditior
1063 2032 1184 2059 urna.
1237 2016 1371 2073 [Quia
1392 2018 1506 2073 apud
1527 2021 1709 2075 Aequum
1731 2022 1899 2062 {uticum

200 2230 233 2270 1)
260 2231 314 2269 qui
339 2249 383 2252 —
407 2230 529 2269 Apulia
553 2241 579 2274 γ.
606 2231 675 2261 rell.
702 2241 764 2261 om.
830 2231 864 2269 2)
892 2225 973 2261 ΑΠΟ
998 2226 1080 2261 ΤΗΝ
1110 2226 1219 2262 ΑΊῊΝ
1247 2226 1406 2262 ΒυαλΗῙΝ
1435 2231 1499 2270 (sic
1525 2241 1580 2270 pro
1605 2228 1758 2274 βάλλειν).
1786 2233 1900 2262 lacuna

72 2287 104 2317 in
129 2286 167 2325 G,
194 2289 260 2326 qui,
287 2292 323 2317 ut
346 2297 373 2329 γ,
399 2298 459 2317 om.
485 2288 562 2327 qaod
585 2291 616 2317 et
640 2287 777 2325 inmittat,
805 2297 884 2326 quae
910 2287 1030 2326 (imm.)
1057 2288 1178 2317 habent
1203 2287 1239 2317 fh
1264 2292 1296 2318 et
1321 2288 1358 2324 Q,
1385 2289 1438 2326 qui
1464 2299 1530 2320 cum
1557 2288 1581 2317 C
1600 2290 1727 2327 posuit:
1754 2287 1816 2319 ἀπο
1842 2289 1899 2319 τοῦ

71 2341 128 2388 τὴν
154 2342 231 2387 ἄτην
257 2341 392 2386 βάλλειν.
417 2345 506 2374 mfh:
533 2344 596 2376 ἀπο
621 2346 679 2388 τῆς
704 2344 782 2387 ἀτης
806 2341 944 2375 zallam.
965 2355 1001 2375 a:
1028 2341 1090 2375 ἀπὸ
1115 2346 1173 2388 τῆς
1197 2342 1275 2388 ἄτης
1293 2345 1313 2374 i.
1334 2354 1352 2373 a
1376 2346 1575 2383 pestilentia.
1601 2355 1638 2374 v:
1670 2346 1740 2383 Apo
1766 2350 1813 2375 tes·
1833 2351 1901 2375 ates

70 2401 104 2430 id
129 2405 177 2431 est
202 2411 220 2431 a
244 2402 443 2440 pestilentia.
459 2401 499 2431 C:
526 2403 587 2431 hoc
612 2406 671 2439 est,
698 2403 737 2431 ab
763 2411 798 2432 eo
824 2403 907 2440 quod
926 2405 1038 2440 pestem
1064 2402 1229 2438 immittat,
1256 2402 1354 2440 uulgo
1380 2402 1499 2431 dicitur
1517 2401 1613 2431 ambo.
1642 2402 1729 2440 (sic).
1780 2404 1815 2442 4)
1841 2404 1901 2432 Per

73 2466 115 2487 er.
141 2459 161 2488 i.
189 2468 215 2488 e.
241 2469 302 2489 om.
328 2468 354 2501 γ.
378 2468 436 2497 pro
459 2458 660 2496 repsz'ssemus
678 2468 704 2500 γ.
723 2459 791 2488 rell.
811 2469 871 2489 oin.
890 2476 926 2479 —
943 2458 985 2488 C:
1017 2468 1155 2497 syncope
1180 2468 1236 2497 pro
1263 2458 1504 2496 erepsissemus,
1531 2459 1803 2488 transiuissemus.
1832 2460 1900 2488 siue

4 2526 5 2530 ¹
65 2524 163 2554 paene
187 2515 418 2545 transissemus.
447 2515 529 2554 (siue
552 2525 627 2554 pene
651 2526 681 2545 v.
710 2516 775 2545 siue
801 2525 904 2553 poena
927 2516 973 2555 a).
1022 2516 1057 2553 5)
1083 2525 1146 2544 asc.
1175 2525 1205 2553 p.
1232 2516 1276 2544 ni.
1303 2515 1359 2544 alt.
1385 2524 1410 2556 γ.
1438 2515 1507 2543 rell.
1533 2524 1592 2544 om.
1624 2524 1816 2552 e1·epse1nus.
1844 2526 1900 2554 pro

75 2573 301 2610 erepsissemus
338 2573 516 2610 praenimia
552 2572 726 2602 altitudine
762 2572 826 2614 Be.
892 2572 927 2610 8)
954 2572 1075 2610 ideoque
1098 2581 1124 2613 γ.
1163 2572 1233 2601 ideo
1261 2581 1335 2609 ergo
1362 2570 1400 2601 G.
1427 2572 1494 2600 rell.
1522 2581 1608 2609 ergo.
1635 2590 1675 2592 -w
1705 2572 1774 2601 Hoc
1801 2576 1849 2601 est
1874 2582 1899 2613 γ.

72 2629 140 2658 rell.
165 2639 226 2659 om.
293 2629 348 2667 14)
375 2630 500 2659 scilicet
526 2639 586 2659 om.
612 2639 638 2671 γ.
665 2629 753 2659 deest
778 2638 828 2658 me
852 2638 878 2670 γ.
903 2629 972 2658 rell.
999 2639 1060 2659 om.
1089 2647 1127 2650 —
1155 2628 1295 2658 habund.
1322 2638 1348 2670 γ.
1401 2628 1456 2666 17)
1483 2637 1501 2656 a
1526 2628 1605 2656 uilla
1631 2628 1683 2657 Tr.
1703 2637 1729 2669 γ.
1750 2629 1820 2658 rell.
1840 2639 1901 2659 om.

78 2686 132 2725 18)
158 2685 241 2721 Quia
267 2695 382 2724 equum
407 2685 547 2716 tutiez'um
573 2695 624 2727 ·(,v
661 2685 740 2723 (non
766 2695 812 2724 eq.
840 2685 974 2715 triticum
999 2689 1035 2715 ut
1060 2685 1118 2715 ref.
1146 2685 1189 2723 Q)
1221 2695 1250 2714 m
1289 2684 1465 2723 (tutitium)
1502 2676 1639 2715 Aet-uum
1680 2685 1815 2714 tuticum
1860 2685 1899 2715 G.

74 2741 318 2780 Equumtuticum
342 2752 369 2771 a.
396 2743 521 2781 Equum
546 2743 683 2772 tuticum
702 2742 738 2778 Q.
765 2743 856 2780 Equo
880 2743 999 2772 tutium
1012 2741 1088 2772 th.
1116 2743 1259 2780 Aequum
1284 2741 1414 2771 tutieum
1440 2741 1561 2779 (aecum
1579 2742 1713 2770 tuticum
1734 2742 1774 2770 ad
1792 2752 1821 2771 u.
1844 2743 1901 2780 91)

75 2798 137 2842 Βφ,
161 2804 198 2829 ut
223 2800 256 2828 in
281 2799 398 2837 Porph.
425 2799 497 2830 MA.
524 2794 680 2829 Τοῦτικον
707 2799 791 2836 apud
817 2799 1036 2828 Ptolemaeum
1062 2799 1194 2837 legitur.
1221 2798 1303 2828 Fons
1330 2798 1442 2827 scholii
1460 2798 1511 2826 uel
1531 2798 1726 2827 scholiorum
1746 2802 1792 2827 est
1812 2798 1900 2828 Seru.

75 2854 115 2885 A.
140 2855 226 2893 VIII,
255 2857 290 2885 9:
317 2855 470 2885 Diomedis
494 2855 535 2884 acl
557 2855 676 2884 urbem:
704 2856 822 2885 ‘tenuit
846 2859 954 2893 partes
979 2855 1118 2893 Apuliae
1145 2859 1176 2885 et
1202 2855 1343 2884 edomita
1367 2855 1453 2883 omni
1479 2855 1597 2883 montis
1624 2853 1766 2891 Gargani
1793 2856 1901 2885 multi-

75 2912 188 2941 tudine
211 2913 245 2941 in
272 2913 381 2943 eodem
404 2915 512 2941 tractu
537 2913 687 2941 ciuitates
713 2912 867 2950 plurimas
893 2913 1044 2941 condidit.
1071 2922 1144 2941 nam
1170 2916 1201 2941 et
1226 2912 1449 2941 Beneuentum
1483 2914 1513 2940 et
1539 2911 1654 2949 Equum
1678 2911 1797 2940 anticum
1834 2913 1902 2949 ipse

77 2967 242 2998 condidit.'
269 2968 352 2998 conf.
379 2967 569 2998 Grotefend.
596 2969 629 2997 in
654 2969 735 2997 Mus.
762 2969 864 2998 Rheu.
896 2969 990 2998 1845.
1016 2969 1073 3005 III,
1101 2979 1130 3006 p.
1161 2969 1232 2998 148.
1294 2968 1350 3006 20)
1376 2967 1427 2996 Ita
1452 2971 1557 2996 autem
1582 2976 1609 3008 γ.
1637 2967 1705 2996 rell.
1733 2978 1792 2997 om.
1844 2968 1900 3007 21)

77 3025 259 3054 soluendum
283 3029 333 3054 est
357 3034 382 3066 γ.
408 3026 478 3054 rell.
507 3025 656 3055 soluendo
680 3035 737 3054 nou
764 3028 822 3054 est.
888 3026 945 3064 ²22)
970 3025 1086 3054 Dicere
1111 3034 1136 3066 γ.
1162 3025 1231 3054 rell.
1258 3034 1316 3053 oin.
1350 3042 1391 3044 -—
1425 3024 1463 3053 ab
1491 3033 1525 3053 eo
1552 3033 1581 3061 q.
1609 3033 1634 3053 e.
1661 3033 1760 3053 ueneo
1786 3035 1846 3053 om.
1874 3034 1900 3066 γ,

76 3082 178 3110 totum
204 3081 303 3111 schol.
331 3091 390 3111 om.
418 3081 543 3119 G‚mva.
592 3081 650 3119 23)
680 3081 757 3114 Quia
782 3100 823 3102 ἡ
840 3081 941 3119 inopia
966 3082 1040 3110 huic
1065 3082 1171 3110 uei-sui
1197 3081 1380 3118 adsignaui,
1407 3089 1487 3118 quae
1512 3080 1611 3118 uulgo
1637 3080 1770 3110 inferius
1795 3082 1902 3119 posita

78 3140 160 3166 sunt.
209 3137 266 3175 24)
292 3139 434 3176 prudens
459 3147 485 3179 γ.
512 3138 581 3167 rell.
607 3148 667 3168 om.
717 3136 775 3178 25)
800 3137 1006 3176 Amplificaui
1032 3139 1147 3167 lemma
1172 3147 1267 3176 aquae
1293 3154 1332 3158 —-
1359 3146 1448 3166 urna.

1927 926 1938 955 l

1926 2027 1944 2057 10

1949 2027 1966 2057 <51

1948 926 1967 955 O
