2148 3412
215 126 296 166 348
859 133 964 165 Aen.
990 133 1049 164 ET
1076 131 1242 164 renen.
1269 131 1417 163 COMM.

328 261 414 315 quis
446 260 534 300 edil.
595 257 680 299 Pro
713 258 813 299 edal.
875 258 1032 298 adusto.
1066 255 1191 297 Asso.

328 335 393 374 91.
426 333 615 373 merulas.
679 332 764 372 Has
796 331 976 371 merulas
1009 329 1200 378 dicimus,
1233 336 1275 369 ut
1308 329 1382 370 has
1413 330 1568 370 turtlas.

328 408 393 447 92.
425 407 462 447 si
488 420 567 447 non
591 419 735 446 causas
756 412 961 446 narraret.
1022 403 1071 443 Id
1102 411 1182 443 est:
1215 402 1301 443 Ista
1334 403 1561 457 pulmenta,
1608 413 1715 456 quae
1747 401 1896 442 adtulit
1925 400 2046 442 nobis

214 478 481 529 Nasidienus,
528 478 712 520 suauiter
758 477 1087 525 comederemus,
1134 476 1214 517 nisi
1266 475 1386 517 nobis
1431 484 1641 517 narrasset
1687 490 1870 525 causam,
1916 489 2046 528 quare

149 567 166 596 5
214 560 354 608 partes
386 567 529 594 eorum
563 551 685 608 [non]
719 551 937 592 adtulisset
968 558 1007 591 et.
1038 565 1119 591 non
1152 549 1329 605 integro.
1401 548 1692 604 Intellegimus
1728 557 1876 597 autem,
1922 545 2046 589 Nasi-

212 626 385 667 dienum
417 625 586 675 dixisse,
620 640 662 667 se
694 640 859 666 uermes
890 624 1101 665 inuenisse
1133 625 1176 664 in
1208 623 1369 664 cunctis
1390 622 1594 678 partibus,
1629 637 1731 676 quas
1753 637 1835 663 non
1857 621 2019 662 adtulit.

337 754 501 797 FINIT
536 753 814 797 DECIMVS
848 753 1034 795 LIBER
1058 750 1327 806 HORATII
1357 751 1691 796 FELICITER
1722 751 1926 806 (Ambr.).

327 838 358 877 †)
382 839 419 867 In
446 848 464 881 γ
490 839 604 868 lemma
642 839 682 867 ad
720 838 839 867 calcem
867 837 956 866 Libri
981 837 1022 865 ΙΙ.
1060 835 1240 865 Satirarum
1278 845 1341 863 non
1378 835 1509 873 legitur,
1547 835 1622 864 uide
1659 840 1768 864 tamen
1807 835 2048 872 inscriptionem

214 894 371 933 Epistulis
398 897 617 934 praemissam.
668 895 901 932 Inscriptiones
928 895 961 922 in
980 893 1170 932 quibusdam
1190 893 1355 921 codicibus
1382 892 1529 920 diuersae
1548 896 1622 921 sunt
1640 896 1771 929 propter
1796 892 1959 921 diuersam
1986 901 2047 921 non

148 934 189 966 10
215 953 318 981 solum
344 952 531 983 Sermonum
557 957 654 990 atque
680 952 904 989 Epistularum
929 951 983 980 sed
1010 951 1108 979 etiam
1135 949 1239 979 carm.
1268 958 1347 978 saec.
1376 952 1472 987 atque
1492 948 1579 978 Artis
1604 958 1653 986 po.
1680 949 1797 977 sedem.
1847 948 1950 977 Multo
1988 948 2048 977 fre-

216 1010 364 1048 quentior
396 1011 429 1039 in
456 1010 547 1039 codd.
574 1009 651 1038 Hor.
679 1014 726 1038 est
751 1017 795 1043 ea.
823 1017 903 1048 quae
928 1008 961 1036 in
988 1007 1079 1036 libris
1105 1006 1222 1044 Porph.
1249 1007 1377 1044 legitur.

478 1085 628 1137 Quinti
660 1084 830 1126 Horatii
858 1084 978 1126 flacci
1011 1091 1245 1139 satyrarum
1278 1082 1377 1123 libri
1408 1082 1581 1124 secundi
1612 1082 1706 1123 finis
1737 1098 1773 1123 v.

950 1344 1304 1388 PORPHYRION.

331 1439 379 1480 Ut
409 1438 627 1479 Nasidieni.
687 1435 813 1477 Hanc
844 1436 897 1477 ad
928 1435 1198 1477 Fundanium
1232 1435 1375 1477 scribit
1409 1433 1654 1491 [eclogam]

330 1513 366 1552 6.
399 1512 480 1553 leni
505 1512 584 1566 suit
615 1511 777 1551 Austro.
837 1510 933 1551 Hoc
964 1510 1072 1560 ideo,
1120 1509 1218 1564 quia
1249 1509 1486 1558 adfirmant,
1533 1508 1687 1550 lassam
1734 1523 1905 1549 carnem
1938 1509 2045 1564 apri,

215 1586 258 1626 id
281 1593 354 1634 est,
390 1584 636 1640 requietam,
674 1584 891 1625 meliorem
924 1598 1029 1625 esse.

146 1672 188 1703 20
328 1662 364 1701 8.
399 1660 572 1715 Rapula.
631 1657 791 1699 Neutro
822 1672 976 1713 genere
1011 1657 1070 1714 [et
1101 1656 1370 1713 diminutiue]
1405 1656 1506 1697 dicit
1538 1671 1614 1710 pro
1642 1671 1758 1713 rapa.

329 1733 392 1774 13.
424 1743 471 1774 ut
492 1734 623 1774 Attica
647 1734 773 1787 uirqo.
832 1731 932 1773 Illas
964 1731 1078 1781 dicit,
1111 1746 1214 1785 quas
1242 1731 1400 1772 Tullius
1431 1730 1473 1770 in
1496 1729 1691 1772 Verrinis
1722 1730 1798 1787 (II,
1816 1732 1855 1780 4,
1873 1731 1910 1772 3.
1929 1730 2046 1786 Or.):

216 1807 462 1863 canephoras
494 1806 562 1847 ait.

331 1882 393 1921 14.
425 1882 566 1935 fuscus
601 1880 821 1935 Hydaspes.
882 1880 1038 1920 Fuscus
1070 1878 1219 1919 colore.

329 1956 392 1995 15.
426 1956 552 1996 Alcon
597 1954 736 1995 Chium
783 1958 907 1994 maris
953 1966 1110 2009 eoepers.
1185 1951 1298 2003 Quia
1330 1952 1371 1991 in
1406 1949 1561 1993 Chium
1593 1952 1737 1993 uinum
1769 1953 1933 1993 marina
1963 1968 2047 1994 non

147 2041 188 2072 25
214 2027 405 2077 additur,
452 2027 549 2068 inde
581 2027 814 2068 institutum
847 2026 972 2067 tradit
1013 2027 1150 2075 Varro,
1197 2033 1239 2066 ut
1271 2025 1461 2080 delphini
1500 2025 1612 2066 cirea
1649 2025 1854 2067 Liberum
1896 2027 2046 2083 pinge-

214 2109 370 2143 rentur.
1177 2097 1182 2106 '

330 2177 393 2217 19.
424 2190 539 2217 nosse
572 2176 719 2216 laboro.
779 2175 905 2218 Nosse
936 2190 1012 2229 pro
1044 2176 1158 2216 scire.

328 2252 392 2290 22.
435 2250 614 2296 Vibidius,
647 2265 743 2305 quos
762 2250 886 2292 Maec.
920 2250 1013 2289 adel.
1080 2249 1190 2298 Quos
1221 2247 1347 2287 etiam
1379 2247 1527 2287 referri
1567 2255 1696 2302 potest
1728 2248 1781 2289 ad
1813 2249 2044 2304 superiora,

213 2330 350 2378 potest
381 2330 420 2363 et
451 2323 504 2363 ad
537 2322 765 2364 Seruilium
799 2330 837 2363 et
869 2321 1104 2363 Vibidium.

331 2468 362 2506 1)
391 2468 451 2498 Pro
478 2469 552 2498 edat
576 2478 603 2510 γ.
633 2469 700 2497 rell.
728 2478 787 2496 om.
814 2467 897 2497 conf.
924 2467 968 2496 C:
996 2467 1197 2496 subiunctiui
1224 2466 1321 2495 modi.
1351 2467 1445 2502 edim,
1474 2467 1554 2502 edis,
1582 2467 1665 2496 edit:
1705 2477 1786 2497 nunc
1813 2469 1915 2505 edam,
1955 2469 2043 2505 edas,

214 2524 299 2554 edat.
349 2526 384 2563 2)
412 2525 479 2554 Has
509 2544 534 2545 j
551 2525 650 2554 turdis
677 2524 751 2563 (sic)
778 2534 803 2564 γ.
832 2525 921 2562 posui
949 2524 1068 2560 turdus,
1097 2533 1159 2553 non
1186 2523 1294 2552 turdos
1319 2522 1436 2560 (Varro
1463 2523 1622 2560 R.R.111,
1639 2525 1668 2559 5,
1685 2526 1712 2554 6.
1740 2524 1774 2554 L.
1802 2525 1835 2554 L.
1863 2525 1946 2561 VIII,
1975 2525 2043 2563 38).

213 2580 298 2611 conf.
325 2581 414 2611 Pers.
439 2581 494 2618 VI,
524 2582 574 2619 24,
613 2582 667 2611 ubi
694 2591 776 2610 nunc
811 2582 933 2611 scribo:
966 2581 1033 2610 Nec
1066 2580 1170 2610 tenuis
1196 2579 1254 2617 (Ξ
1279 2581 1409 2618 tenues)
1444 2580 1559 2610 sollers
1591 2581 1757 2610 turdarum
1790 2591 1884 2611 nosse
1915 2583 2043 2612 saliuas.

213 2639 287 2668 uide
312 2639 414 2669 Beitr.
441 2649 469 2677 p.
489 2640 565 2668 450.
614 2638 652 2667 In
678 2639 726 2667 ed.
753 2647 822 2667 mea
848 2638 1020 2675 aliquando
1047 2638 1136 2675 plura
1162 2638 1201 2666 de
1227 2638 1257 2665 h.
1284 2638 1303 2665 l.
1331 2637 1485 2665 inuenies.
1514 2637 1681 2667 turdarum
1708 2639 1770 2667 iam
1797 2648 1977 2677 receperam
2004 2648 2044 2668 ex

215 2694 279 2724 Ox.
307 2695 401 2734 Corp.
430 2695 501 2725 Par.
530 2697 560 2725 3.
589 2695 634 2724 Β2
663 2696 814 2733 aliisque,
853 2695 904 2732 qui
936 2704 1012 2732 pure
1039 2695 1085 2723 sic
1112 2694 1278 2729 exhibent,
1316 2694 1348 2722 in
1375 2694 1449 2722 aliis
1480 2695 1493 2722 1
1521 2703 1562 2723 m.
1591 2698 1667 2723 mut.
1695 2704 1712 2723 a
1738 2695 1767 2724 in
1793 2706 1820 2732 ο7
1859 2700 1892 2725 nt
1919 2695 1983 2731 M7,
2011 2696 2043 2724 iu

213 2762 274 2790 quo
311 2762 477 2790 perperam
515 2753 671 2790 scriptum
710 2755 776 2781 est:
817 2752 962 2788 ,abusiue
988 2761 1042 2789 pro
1068 2751 1254 2787 turdaru1n,'
1295 2751 1413 2779 rectius
1438 2751 1469 2779 in
1496 2750 1560 2779 Pfi:
1600 2752 1742 2780 ‘abusiue
1776 2762 1829 2790 pro
1855 2753 2042 2782 turdorum!

215 2808 249 2846 3)
274 2809 311 2837 Id
337 2814 385 2838 est
410 2819 435 2850 γ.
463 2809 533 2838 rell.
562 2819 622 2838 om.
648 2808 727 2838 Asto
753 2808 820 2849 ·(,C.
850 2808 917 2836 rell.
945 2817 1004 2838 om.

326 2864 481 2895 PORPH.
531 2865 640 2895 Sermo
666 2865 810 2894 ultimus.
839 2865 867 2893 2.

330 2923 384 2959 17)
411 2923 452 2951 ad
478 2922 648 2951 fundanum
679 2922 773 2964 Βφμ.
805 2922 873 2951 rell.
907 2920 1102 2950 fundanium.
1132 2939 1168 2941 w>
1197 2922 1339 2959 eclogam
1365 2921 1408 2950 fh.
1437 2921 1502 2949 rell.
1531 2931 1591 2951 om.
1660 2922 1715 2959 18)
1740 2922 1862 2951 adfirm.
1890 2922 1933 2952 M.
1986 2922 2040 2960 19)

212 2977 418 3017 irrequietam
438 2979 502 3008 afh.
522 2980 591 3010 rell.
609 2980 801 3017 requietam.
854 2980 911 3016 20)
939 2982 965 3007 et
987 2977 1056 3007 dim.
1084 2988 1143 3008 om.
1170 2978 1448 3021 MRszG(Q)‚va.
1476 2978 1526 3020 Rq>
1553 2978 1673 3008 scholio
1698 2980 1912 3016 praemittunt
1938 2988 1965 3010 u.
1989 2988 2042 3007 ra-

214 3035 286 3064 dice.
311 3036 364 3066 Ad
389 3046 418 3065 u.
447 3038 475 3065 9.
502 3036 553 3078 Βφ
579 3037 716 3066 habent:
742 3036 877 3066 faecula.
903 3035 1007 3065 ferula
1034 3039 1081 3064 est.
1106 3045 1168 3064 una
1194 3037 1323 3074 pinguis
1349 3036 1479 3065 decocta
1496 3044 1594 3073 usque
1613 3036 1653 3064 ad
1671 3036 1920 3065 crassitudinem
1938 3035 2043 3064 mellis

214 3101 250 3120 ac
274 3091 465 3130 refrigerata
491 3094 581 3122 utilis
607 3097 654 3122 est
678 3093 851 3123 stomacho.
881 3093 950 3122 rell.
975 3102 1034 3122 om.
1100 3093 1157 3130 25)
1184 3092 1296 3122 delfini
1323 3092 1365 3122 M.
1443 3092 1499 3129 28)
1526 3101 1602 3130 quos
1626 3092 1727 3121 Maec.
1753 3092 1795 3121 M.
1833 3092 1954 3130 singuli
1981 3101 2040 3121 om.

214 3148 277 3191 sz.
306 3148 394 3183 Quas
418 3150 514 3180 etiam
538 3150 580 3178 M.
607 3150 674 3180 rell.
701 3160 771 3188 quos
795 3150 857 3180 bis.
