2148 3412
836 119 885 150 IN
911 119 1018 151 ΛΒΤ.
1046 119 1178 152 Pom,
1841 110 1920 149 629

201 241 296 282 320.
327 240 482 282 nullius
512 243 683 284 ueneris.
729 240 777 282 Id
810 248 884 290 est,
915 243 1159 291 uenustafis,
1194 243 1389 299 [ingenii]
1423 243 1598 299 gratiae,
1630 257 1738 297 quae
1768 243 1823 285 ad
1854 258 1923 285 ar-

85 320 168 355 tem
201 321 372 369 spectat.
440 312 639 356 Ostendit
683 315 821 366 modo,
869 323 1070 371 quantum
1101 317 1272 371 prodest
1303 317 1478 373 (prosit)
1511 317 1791 360 consideratio
1823 332 1922 360 con-

87 388 333 438 suetudinis,
378 387 535 438 dicens,
584 389 696 443 quod
727 389 937 430 interdum
970 389 1112 430 fabula
1143 391 1457 446 opportunitate
1488 405 1767 446 personarum
1798 391 1923 433 indu-

86 468 249 503 ctarum
279 467 319 502 et
350 462 620 517 expressione
652 477 827 513 morum,
874 463 1067 517 quamuis
1099 464 1151 504 sit
1182 464 1271 506 sine
1311 471 1413 515 arte,
1446 464 1536 506 sine
1566 472 1801 516 uenustate,
1833 466 1923 507 sine

88 535 297 591 grauitate
335 535 648 586 sententiarum,
687 536 781 591 plus
818 536 957 591 placet
997 537 1202 593 (placeat)
1244 552 1370 592 quain
1411 552 1557 580 uersus
1601 538 1709 581 bene
1750 539 1923 595 quidem
1972 548 1989 578 5

87 616 295 660 sonantes,
334 609 407 651 sed
443 625 606 651 morum
646 609 941 651 obseruatione
978 617 1179 651 carentes.
1231 610 1376 667 Magis
1413 619 1587 667 possunt
1619 613 1827 654 delectare
1857 628 1924 655 res

85 683 174 724 sine
205 689 366 731 ornatu,
399 698 524 738 quam
556 690 704 724 ornata
734 690 929 738 poemata
960 683 1102 726 uerbis
1134 683 1223 725 sine
1254 685 1391 726 rebus.
1444 687 1527 727 sine
1552 687 1728 742 pondere
1759 696 1794 728 et
1826 696 1924 729 arte.

85 756 137 797 Id
168 764 242 807 est,
274 764 406 813 grata,
439 757 529 799 sine
560 757 729 813 magnis
751 757 955 808 sensibus,
989 757 1078 799 sine
1100 758 1309 813 grauitate
1330 758 1569 800 uerborum.
1613 758 1669 816 [et
1690 769 1787 802 arte.
1821 759 1924 802 Sine

85 830 256 888 gratia.]
318 829 507 872 Aliter:
549 831 705 873 nullius
736 833 907 873 'ueneris
969 830 1137 873 Nullius
1168 832 1415 883 uenustaffis,
1448 832 1538 874 sine
1568 832 1727 888 lepore,
1769 834 1925 876 nullius

85 911 270 946 ornatus.
1951 914 1990 946 10

200 979 295 1020 321.
330 979 508 1021 ualdius.
568 978 655 1021 Pro
685 979 882 1028 ualidius,
921 986 966 1021 ut
999 979 1138 1037 [alibi]
1174 979 1245 1035 (E.
1278 979 1312 1030 l,
1346 982 1384 1030 9,
1419 985 1484 1036 6):
1525 982 1638 1023 nouit
1668 996 1728 1023 me
1758 982 1926 1024 ualdz‘us

85 1053 170 1108 ipso
201 1053 420 1109 meliusque
450 1061 649 1095 moratur.
708 1052 879 1095 Fortius
910 1053 1061 1095 retinet
1091 1053 1338 1095 auditorem.

199 1128 295 1168 322.
332 1128 466 1178 Quam
495 1141 642 1169 uersus
672 1129 808 1184 inopes
839 1142 990 1169 rerum.
1048 1126 1216 1177 Inanes,
1258 1127 1300 1167 in
1339 1127 1494 1181 quibus
1532 1128 1673 1170 nullae
1711 1136 1807 1171 sunt
1845 1143 1925 1180 res,

86 1201 160 1255 qui
191 1200 279 1243 sola
310 1207 398 1242 arte
423 1204 550 1254 [sunt]
575 1200 675 1243 boni
707 1201 802 1242 sint..
862 1216 1070 1257 nuqaeque
1101 1216 1287 1243 canorae.
1349 1200 1518 1243 Nullius
1548 1203 1749 1244 momenti
1780 1203 1925 1254 uerba,

89 1274 213 1328 [bene
245 1278 423 1328 tantum]
458 1275 662 1317 sonantia.
1953 1283 1993 1314 15

199 1350 296 1391 323.
327 1350 513 1391 rotundo.
574 1348 625 1390 Id
656 1356 728 1399 est,
762 1355 923 1399 ornato,
956 1348 1098 1403 polito,
1131 1348 1308 1397 erudito,
1340 1349 1541 1404 perfecto.

200 1424 295 1465 324.
326 1432 493 1480 praeter
532 1424 690 1465 laudem
726 1423 880 1465 nullius
918 1424 1072 1464 auaris.
1136 1420 1240 1474 [Qui
1284 1421 1416 1464 solam
1462 1422 1631 1464 laudem
1673 1423 1848 1478 cupiunt
1884 1424 1929 1465 in

88 1496 322 1539 scribendis
354 1496 643 1549 carminibus]
691 1497 867 1540 Nullius.
914 1495 1049 1538 Deest
1080 1498 1150 1538 rel.
1197 1495 1299 1537 Ideo
1332 1496 1460 1538 solius
1490 1496 1627 1538 laudis
1659 1497 1803 1552 cupidi
1835 1505 1931 1539 sunt

90 1568 262 1621 Graeci,
316 1571 387 1627 qui
432 1571 527 1612 ideo
574 1570 828 1622 scribebant,
866 1576 911 1611 ut
956 1569 1150 1626 gloriam,
1191 1585 1276 1611 non
1317 1576 1361 1611 ut
1390 1570 1613 1625 pecuniam
1645 1571 1928 1625 adquirerent.

201 1646 297 1687 325.
330 1647 425 1687 326.
457 1646 631 1687 Romani
652 1647 784 1701 pueri.
847 1644 944 1686 Hoc
975 1644 1096 1685 dicit:
1137 1643 1267 1684 Pueri
1302 1644 1473 1697 [inquit]
1506 1644 1689 1686 Romani
1729 1660 1753 1686 a
1789 1645 1928 1701 prima
1954 1650 1996 1682 20

89 1726 224 1761 aetate
256 1719 463 1761 calculum
496 1719 675 1767 discunt,
707 1720 785 1761 hoc
817 1727 891 1769 cst,
923 1717 1294 1773 conputationibus
1326 1732 1499 1772 operam
1531 1718 1644 1759 dant.
1691 1720 1817 1775 lonqz's
1848 1735 1928 1761 ra-

91 1794 270 1836 tionibus.
330 1794 382 1835 ld
414 1802 488 1844 est,
529 1793 671 1835 multis
705 1792 904 1849 [Longis]
937 1792 1088 1841 modis,
1127 1791 1256 1846 longa
1296 1791 1607 1847 conputatione.
1666 1809 1794 1835 assem
1826 1794 1929 1835 Dis-

91 1877 188 1910 cunt
215 1870 257 1910 ‘e'n
283 1876 423 1925 partes
456 1876 615 1910 centum
647 1868 846 1911 diducere.
890 1867 1105 1914 Diducere,
1136 1866 1180 1906 id
1211 1874 1285 1915 est,
1317 1866 1480 1922 partiri.
1526 1869 1639 1909 Assis
1672 1870 1766 1920 [est]
1799 1874 1931 1909 totum

90 1941 391 1997 patrimonium
423 1948 496 1983 est.
556 1940 701 1990 Biens,
735 1940 949 1994 [Sextans‚
982 1940 1228 1994 quadrans]‚
1261 1940 1405 1991 triens,
1437 1940 1663 1996 quadrans,
1702 1940 1930 1996 quincunX,

91 2021 272 2067 sextans,
308 2014 482 2069 [semis]‚
515 2015 712 2063 dodrans,
745 2015 898 2066 deunX,
931 2014 1057 2056 semis
1087 2021 1230 2070 partes
1260 2014 1366 2057 assis
1396 2021 1503 2057 sunt.
1957 2018 1999 2050 25

209 2230 242 2268 1)
268 2230 393 2267 gratiae
417 2238 445 2271 γ.
473 2229 543 2259 rell.
577 2229 711 2267 ingenii.
740 2232 858 2266 spectat
874 2237 900 2269 γ.
921 2228 989 2257 rell.
1010 2231 1162 2266 speciant.
1212 2228 1248 2266 2)
1275 2227 1405 2266 prodest
1423 2228 1509 2257 libri.
1560 2228 1594 2266 5)
1622 2228 1726 2266 placet
1751 2229 1836 2258 libri.
1863 2229 1935 2267 qui-

93 2287 165 2316 dem
190 2287 270 2315 bene
295 2287 326 2315 N
351 2286 435 2316 Med.
463 2285 627 2323 G,rvcafli.
690 2285 724 2323 7)
750 2285 813 2314 sine
833 2284 970 2323 pondere
994 2288 1021 2313 et
1043 2288 1109 2313 arte
1134 2284 1155 2313 i.
1184 2288 1276 2322 grata
1313 2285 1382 2314 sine
1407 2294 1434 2325 γ.
1462 2285 1531 2314 rell.
1570 2284 1632 2314 sine
1663 2285 1807 2322 pondere..
1846 2285 1933 2315 Sine.

95 2344 130 2383 8)
156 2348 183 2372 et
205 2347 281 2372 arte.
321 2342 400 2372 Sine
437 2344 541 2381 gratia
578 2342 657 2378 th.
696 2343 764 2372 rell.
804 2352 864 2371 om.
929 2341 963 2380 9)
991 2341 1089 2370 Aliter
1114 2342 1305 2378 interposui.
1332 2341 1404 2371 mall.
1431 2350 1497 2370 aen.
1524 2341 1654 2370 Nullius
1680 2359 1720 2361 —
1746 2346 1879 2371 ornatus
1905 2351 1932 2383 γ.

94 2401 165 2429 rell.
191 2410 252 2430 om.
287 2401 370 2430 conf.
398 2398 440 2429 C:
468 2399 558 2429 ‘nuit
584 2400 783 2436 uenustatis,
820 2398 901 2427 null.
927 2402 1068 2435 ornatus,
1108 2399 1177 2427 sine
1203 2398 1276 2436 lep„
1305 2399 1375 2427 sine
1402 2399 1569 2427 uerborum
1594 2398 1846 2435 pulchritudine.
1870 2398 1935 2427 sine

89 2456 235 2495 pondere.
263 2457 455 2495 eloquentia,
494 2457 611 2495 gratia,
649 2457 719 2485 sine
745 2456 909 2493 grauitate
934 2455 1124 2484 uerborum!
1168 2454 1327 2490 Quattuor
1353 2455 1474 2484 scholia
1501 2455 1541 2484 ad
1579 2456 1616 2484 ‘et
1649 2459 1713 2484 arte
1740 2473 1778 2475 w
1805 2455 1934 2485 ualdius

96 2531 138 2536 —-
164 2514 345 2552 meliusque
370 2523 444 2545 mor¹
465 2531 506 2534 ἡ
526 2517 557 2543 et
583 2514 623 2542 ad
650 2523 679 2542 u.
706 2513 769 2542 322
792 2530 826 2532 --
846 2512 933 2541 boni'
960 2521 1020 2541 om.
1045 2512 1075 2541 N
1100 2511 1184 2541 Med.
1213 2511 1340 2548 G‚1·vca.
1366 2511 1559 2550 Adiungunt
1585 2515 1691 2541 autem
1718 2512 1825 2541 uerbis
1852 2513 1936 2550 ‘gra-

95 2571 200 2601 uitate
214 2571 392 2601 uerborum⁷
409 2580 455 2608 ea,
471 2580 552 2608 quae
565 2579 660 2608 supra
677 2569 826 2599 adu.3ll
849 2570 910 2597 iam
930 2569 1006 2597 (lata
1024 2572 1116 2598 sunt:
1135 2568 1179 2597 ‘id
1199 2572 1264 2597 est:
1284 2577 1348 2598 non
1365 2569 1490 2598 laborat
1507 2572 1599 2606 poeta
1616 2585 1648 2589 —
1662 2577 1726 2597 non
1745 2569 1935 2606 conplesse.'

100 2628 156 2667 11)
183 2627 262 2658 alibi
287 2637 347 2658 om.
373 2637 399 2668 γ.
464 2627 519 2666 14)
544 2627 619 2656 boni
644 2625 709 2655 sint
733 2636 761 2668 γ.
788 2625 858 2655 rell.
885 2628 957 2654 sunt
982 2625 1069 2654 boni.
1134 2625 1189 2664 15)
1214 2625 1295 2654 bene
1320 2628 1447 2654 tantum
1473 2635 1535 2655 om.
1561 2634 1587 2666 γ.
1658 2624 1711 2664 16)
1737 2624 1774 2654 Id
1799 2629 1848 2654 est
1872 2634 1934 2655 om.

97 2684 144 2714 fh.
170 2688 282 2715 ornato
306 2694 334 2726 γ.
360 2684 441 2714 conf.
468 2683 510 2714 C:
549 2683 689 2723 ⁴turyido,
716 2683 835 2721 tumido,
862 2685 984 2718 ornato.
1011 2681 1072 2719 pol.
1100 2681 1187 2710 erud.
1215 2681 1375 2719 perfecto!
1401 2682 1470 2711 rell.
1498 2691 1558 2711 om.
1585 2699 1625 2702 —
1651 2681 1787 2711 rotundo.
1823 2681 1861 2710 Id
1887 2685 1935 2711 est

98 2741 242 2779 perfecto
267 2742 297 2770 N
321 2741 404 2771 Med.
434 2740 628 2779 G(Q)‚ivca.
688 2740 743 2779 17)
771 2740 831 2776 Qui
848 2758 885 2760 ff
901 2739 1100 2768 carminibus
1126 2739 1155 2768 N
1180 2738 1263 2768 Med.
1290 2738 1436 2776 G7rvcaQ
1463 2738 1580 2776 (solum
1606 2739 1661 2777 N).
1688 2748 1748 2768 om.
1776 2737 1855 2780 fifh,
1881 2738 1935 2776 qui

98 2799 240 2828 habent:
282 2798 413 2828 Nullius
441 2815 479 2819 -
508 2797 723 2836 adquirerent.
753 2815 785 2817 -—
819 2796 928 2834 cupidi
956 2795 1081 2832 Graeci,
1109 2795 1184 2833 quia
1210 2813 1249 2816 g
1278 2795 1480 2833 acquirerent
1505 2795 1549 2824 fh.
1599 2795 1656 2833 20)
1682 2795 1752 2825 Hoc
1778 2795 1857 2824 dicit
1882 2804 1936 2833 pu.

98 2865 142 2885 ro.
168 2864 195 2897 γ.
232 2856 300 2885 rell.
337 2856 395 2885 Ro.
436 2856 542 2894 inquit
578 2855 679 2893 pueri.
744 2854 802 2893 21)
828 2854 905 2883 dant
929 2862 1057 2891 operam
1083 2852 1126 2882 fh.
1152 2852 1172 2882 i.
1198 2852 1308 2882 multis
1333 2861 1359 2893 γ.
1386 2852 1454 2881 rell.
1492 2851 1625 2889 Longis.
1663 2850 1746 2881 conf.
1775 2851 1817 2881 C:
1843 2850 1938 2890 longis

101 2917 174 2942 erat.
200 2913 297 2951 longo
323 2913 468 2947 circuitu,
507 2911 605 2941 multis
629 2910 706 2940 mod.
735 2911 832 2948 longa
859 2914 998 2948 comput.
1060 2909 1116 2948 24)
1145 2915 1227 2947 patr.
1256 2912 1304 2938 est
1331 2919 1357 2950 γ.
1383 2909 1451 2938 rell.
1478 2908 1572 2937 Assia
1600 2913 1658 2938 est.
1684 2908 1794 2944 Biens,
1821 2909 1935 2944 triens,

101 2969 210 3008 quadr.
228 2987 265 2990 Δ
282 2969 422 2999 assisunt
448 2969 495 3010 *sN
511 2968 782 3007 (mquincuns—
811 2984 850 2987 Q
867 2967 968 2996 dcuns
994 2983 1031 2987 —-
1065 2984 1106 2987 -—
1135 2966 1215 2996 assis
1241 2965 1331 3003 sunt)
1358 2965 1444 2994 Med.
1471 2982 1512 2985 ᾗ
1538 2963 1618 3000 th:
1655 2963 1797 2994 Sextans
1823 2964 1936 3002 quadr.

101 3026 215 3063 triens,
255 3027 359 3065 quine.
380 3030 465 3057 sext.
485 3026 592 3063 semis,
623 3025 714 3054 dodr.
742 3025 850 3053 deunx
880 3027 986 3061 partes
1012 3024 1095 3052 assis
1123 3026 1208 3051 sunt.
1235 3022 1315 3050 assis
1329 3020 1413 3060 fecit
1436 3020 1521 3050 Med.
1537 3038 1577 3041 -fl
1596 3021 1751 3059 quincuns
1777 3021 1823 3059 (v.
1842 3021 1936 3058 quin-

102 3091 153 3111 cus
178 3092 205 3112 c.
233 3083 396 3121 quincunx
422 3083 455 3121 a)
493 3082 642 3112 dodrans,
677 3080 785 3109 denus.
812 3079 859 3118 (v.
879 3080 987 3109 deunx
1012 3080 1064 3119 ca)
1091 3080 1187 3108 semis
1213 3082 1323 3116 partes
1350 3078 1434 3107 assis
1448 3076 1559 3116 factae
1585 3077 1685 3116 (facte
1709 3077 1745 3116 v)
1773 3086 1842 3106 vca.
1869 3080 1938 3106 sunt

103 3138 185 3168 assis
211 3148 235 3169 r.
263 3148 279 3181 γ
305 3138 386 3168 hauc
412 3142 536 3177 partem
562 3137 671 3176 posuit
698 3137 831 3167 inferius
856 3136 895 3166 ad
921 3146 951 3166 u.
980 3136 1042 3166 328
1069 3134 1186 3174 (triens.
1214 3135 1274 3174 eu.)
1301 3139 1371 3173 post
1409 3134 1507 3164 uerba
1545 3135 1688 3173 ‘rogatus
1715 3132 1844 3164 fuerat.'
