2148 3412
858 128 907 159 [N
934 128 1078 160 EPIST.
1105 129 1131 167 1,
1160 132 1210 160 10.
1869 118 1949 157 425

234 251 300 291 49.
329 259 420 306 post
458 251 602 304 fanum
636 258 759 305 putre
804 251 999 292 Vacunae.
1087 253 1290 293 Vacuuam
1337 251 1450 305 apud
1496 249 1678 293 Sabinos
1723 251 1952 307 plurimum

123 323 275 365 cultam
309 321 495 375 Quidam
526 322 781 373 Mineruam,
813 322 904 364 Alii
935 323 1121 365 Dianam
1153 332 1420 380 putauerunt,
1457 324 1648 366 nonnulli
1693 324 1819 365 etiam
1864 323 1952 366 Ve-

121 410 263 437 nerem
296 411 385 437 esse
417 396 625 446 dixerunt,
663 396 736 437 sed
777 396 903 438 Varro
934 396 977 437 in
1009 397 1145 452 primo
1179 399 1327 439 Rerum
1360 399 1595 439 ebusum-um
1614 397 1850 439 Victoriam
1881 397 1951 446 ait,

121 469 232 524 quod
254 484 303 511 ea
324 469 505 511 maxime
526 469 569 510 hi
591 469 789 524 gaudent,
812 469 883 523 qui
906 469 1136 524 sapientiae
1159 475 1371 524 uacent.†)
1403 472 1442 525 *)
1462 478 1611 512 uacant.
1626 470 1801 512 Preller.
1818 470 1953 526 Myth.

233 608 263 647 †)
290 608 365 638 Cod.
391 618 408 650 γ
432 617 450 638 a
479 610 491 637 1
521 618 561 638 m.
589 607 682 637 offert
710 608 741 637 in
768 608 911 645 margine
937 609 1092 646 scriptum
1130 609 1266 638 alterum
1304 608 1458 645 scholion,
1497 610 1581 647 quod
1621 610 1714 639 etiam
1752 609 1821 639 cod.
1859 609 1951 638 Baro.

119 668 240 702 tuetur,
267 667 299 695 in
325 675 386 704 quo
410 670 518 694 tamen
543 665 664 694 multae
690 665 803 693 literae
831 668 1048 694 euanuerunt:
1080 663 1224 694 ‘Certum
1249 674 1363 694 nomen
1382 666 1442 695 loci
1461 666 1625 703 significat
1645 666 1754 695 aedem
1773 665 1879 703 (edem
1897 666 1951 706 ffb)

119 722 294 760 antiquam.
342 722 410 751 Alii
454 722 606 751 I'acuncmn
631 721 779 750 Cererem
805 721 873 750 Alii
912 722 1002 750 deam
1038 722 1218 751 uacationis
1245 722 1366 758 dicunt,
1405 721 1472 751 Alii
1498 722 1687 758 Victoriam,
1725 731 1785 760 qua
1812 721 1952 751 faciente

119 778 253 817 (facient
278 789 304 821 γ.
331 779 365 808 in
390 779 409 808 b
435 779 485 808 lit.
513 778 662 816 euanuit)
689 778 773 807 curis
798 778 958 807 uacamus’
985 777 1074 817 (sic).

425 983 688 1025 Nonnulla
720 982 925 1025 scholia
957 983 1287 1038 subterlapsa
1321 998 1380 1025 ex
1412 983 1553 1025 codd.
1585 983 1650 1037 qb.

228 1060 266 1099 4.
300 1059 337 1099 5.
369 1059 555 1114 quicquid
584 1066 699 1112 neqat
730 1058 1219 1113 alter—uelule'notique
1242 1057 1422 1099 columbi.
1481 1056 1703 1112 Expressit
1734 1057 1951 1098 uinculum

117 1131 324 1187 (uinclum
341 1130 388 1187 b)
412 1131 622 1172 amicitiae
645 1130 823 1185 (amicic.
846 1129 906 1186 b).
938 1133 1025 1172 uoti
1043 1138 1195 1181 autem,
1228 1131 1340 1185 quod
1362 1130 1547 1172 amicitia
1564 1132 1631 1182 (—
1656 1130 1719 1172 cia
1735 1130 1781 1186 b)
1806 1145 1951 1172 eorum

115 1211 214 1247 nota
245 1205 309 1255 sit,
340 1212 384 1246 ut
417 1206 555 1260 (Verq.
579 1203 632 1245 A.
656 1204 741 1254 IX,
767 1205 890 1260 182):
938 1205 1013 1246 His
1044 1219 1159 1246 amor
1191 1219 1297 1246 unus
1328 1212 1426 1245 erat.
1486 1203 1594 1244 Item
1625 1204 1714 1245 sall.
1756 1204 1948 1259 (Sallust.

118 1277 210 1321 Cat.
229 1278 337 1329 XX,
354 1279 400 1335 4)
425 1278 533 1319 Nam
556 1278 668 1319 idem
690 1278 797 1319 uelle
820 1285 943 1333 atque
966 1279 1041 1332 (Ξ
1059 1275 1108 1319 C.
1131 1292 1211 1319 om.
1234 1277 1281 1333 b)
1304 1277 1416 1318 idem
1438 1276 1548 1318 nolle
1570 1291 1619 1318 ea
1640 1277 1809 1318 demum
1830 1277 1951 1318 firma

116 1352 301 1394 amicitia
332 1354 398 1406 (-—
424 1352 487 1394 cia
509 1352 554 1407 b)
578 1358 639 1393 est
659 1351 723 1406 γὶ).
747 1352 798 1393 cf.
824 1350 874 1402 C,
907 1351 979 1406 qui
1009 1358 1103 1407 post
1134 1352 1331 1393 amicitiae
1362 1351 1488 1392 habet
1517 1351 1641 1392 haec:
1676 1351 1768 1392 ‘hoc
1799 1358 1873 1401 est,
1906 1351 1950 1391 in

115 1426 267 1482 quibus
298 1426 513 1468 discordes
544 1433 638 1467 sunt
668 1425 741 1466 alii
771 1425 976 1476 homines,
1007 1440 1083 1467 nos
1116 1426 1395 1467 congemuimus
1428 1426 1759 1480 (conuenimuff)
1790 1424 1950 1480 pariter

115 1499 242 1542 amici
272 1499 315 1540 in
347 1499 532 1541 amicitia
562 1499 781 1541 nobiscum
813 1506 924 1549 nata,
956 1505 1012 1549 ut,
1044 1498 1128 1540 His
1159 1513 1278 1540 amor
1313 1525 1351 1528 —
1394 1499 1480 1540 est.9

228 1574 265 1614 6.
302 1575 364 1616 Tu
394 1574 533 1615 nidum
564 1587 717 1615 seruas.
788 1573 839 1614 Id
871 1579 945 1623 est,
991 1572 1217 1622 ciuitatem,
1262 1571 1335 1614 ubi
1373 1572 1435 1626 (in
1468 1587 1551 1627 qua
1581 1570 1699 1628 b‚C),
1753 1578 1874 1613 natus
1906 1585 1950 1614 es

113 1647 164 1701 γὶ)
197 1654 237 1688 et
268 1644 318 1697 C,
353 1647 424 1702 qui
457 1647 575 1688 addit
606 1656 642 1689 et
672 1648 880 1689 educatus.

228 1722 264 1762 7.
295 1736 446 1763 musco.
508 1719 655 1763 Genus
685 1721 855 1771 herbae,
902 1734 1011 1774 quae
1043 1720 1086 1761 in
1118 1734 1227 1775 aqua
1257 1718 1445 1761 nascitur
1475 1735 1510 1773 γ.
1547 1719 1655 1761 conf.
1690 1717 1749 1761 C:
1788 1733 1950 1762 muscus

114 1808 247 1851 genus
277 1794 433 1836 herbae
465 1794 518 1835 ad
549 1794 701 1836 fonteis
733 1793 845 1836 saxis
877 1793 1125 1836 adhaerens.

227 1870 264 1910 8.
296 1870 437 1910 simul.
488 1868 720 1922 Postquam
751 1866 842 1922 mC.

228 1944 263 1984 9.
300 1943 414 1994 Quae
444 1957 528 1984 uos.
591 1939 788 1983 Ciuitatis
820 1940 930 1983 bona
960 1939 1059 1995 *(‚C:
1094 1941 1159 1983 bo.
1194 1940 1388 1983 ciuitatis.

227 2239 264 2279 5.
296 2238 426 2280 uetulz'
452 2252 516 2279 uo.
550 2237 736 2279 columbi.
799 2235 915 2288 Quia
945 2236 1153 2292 plurimus
1186 2251 1304 2278 amor
1335 2235 1640 2278 columbarum.

229 2316 264 2353 6.
300 2313 363 2354 Tu
392 2312 536 2353 nidum
566 2326 720 2354 seruas.
780 2310 911 2352 Domi
942 2324 1101 2361 manes,
1133 2317 1179 2352 ut
1209 2310 1301 2352 auis
1332 2310 1376 2351 in
1407 2309 1519 2352 nido.

230 2456 263 2496 1)
290 2456 452 2486 Vacunam
476 2474 514 2477 ἢ
544 2456 653 2486 cultam
677 2465 704 2495 γ.
729 2456 798 2485 rell.
834 2455 970 2485 Vacuna
994 2473 1035 2475 --
1061 2455 1179 2501 col-itur.
1242 2456 1276 2495 2)
1303 2454 1391 2485 etiam
1415 2464 1558 2484 uenerem
1583 2464 1609 2496 γ.
1637 2454 1706 2483 rell.
1737 2457 1764 2482 et
1788 2452 1946 2483 Cererem.

116 2514 150 2553 3)
175 2513 262 2543 Varo
289 2523 317 2544 v.
381 2514 416 2553 4)
441 2513 520 2552 quod
543 2514 590 2554 Tb.
618 2513 689 2542 rell.
715 2517 751 2542 et.
780 2530 821 2533 μ
847 2516 954 2542 uacent
976 2512 1007 2541 b.
1033 2516 1130 2542 uaent
1156 2512 1233 2551 (sic)
1260 2522 1286 2554 γ.
1312 2513 1381 2541 rell.
1408 2512 1570 2550 sapientia
1596 2508 1777 2549 (sapientiai
1802 2509 1853 2547 fh)
1880 2509 1947 2539 uiu-

114 2574 192 2599 cunt.
219 2570 301 2600 conf.
329 2568 373 2599 C:
408 2569 532 2610 fsanum.
558 2569 785 2608 topographia.
812 2573 883 2607 post
910 2568 1021 2598 aedem
1046 2568 1197 2599 Vacunae
1222 2570 1401 2608 antiquam.
1441 2569 1576 2598 Vacuna
1600 2585 1639 2588 ff
1666 2566 1789 2602 colum-5
1816 2566 1946 2604 quidam

114 2626 256 2665 Dianam,
281 2627 430 2657 nonnulli
455 2631 487 2657 et
514 2625 648 2656 Cererem
673 2635 743 2656 esse
770 2626 939 2663 dixerunt,
977 2625 1033 2655 alii
1059 2634 1204 2663 venerem,
1242 2626 1299 2655 alii
1331 2624 1503 2662 Victoriam,
1540 2625 1632 2654 deam
1657 2623 1837 2653 uacationis
1863 2622 1948 2660 quod

116 2682 215 2713 faciat
239 2693 355 2714 uacare
384 2693 403 2713 a
428 2684 524 2721 curis,
552 2683 606 2713 sed
625 2683 726 2713 Varro
753 2683 856 2720 primo
882 2691 985 2711 rerum
1011 2682 1194 2711 diuinarum
1220 2682 1393 2712 Mineruam
1419 2681 1503 2718 dicit,
1530 2681 1613 2719 quod
1638 2698 1672 2701 —-
1706 2680 1759 2717 qui
1786 2679 1948 2717 sapientia

115 2744 243 2770 uacant.
294 2738 350 2780 18>
376 2742 411 2771 b:
426 2741 462 2770 In
477 2750 507 2778 q.
524 2741 603 2770 dise.
619 2750 642 2769 s.
659 2740 700 2770 al.
716 2740 766 2769 ho.
780 2748 863 2769 senes
876 2748 978 2768 sumus
992 2739 1115 2777 pariter
1128 2738 1318 2768 conuenimus
1333 2740 1417 2768 sicut
1434 2738 1535 2768 uetuli
1551 2742 1582 2767 et
1596 2737 1659 2766 sibi
1675 2737 1742 2765 noti
1758 2736 1908 2766 columbi.

227 2797 382 2827 PORPH.
440 2797 525 2827 Vrbis
549 2801 712 2826 amatorem
725 2795 867 2835 fuscum.
928 2795 981 2825 Ad
1007 2796 1157 2825 aristium
1181 2796 1306 2825 fuscum
1332 2796 1523 2833 scriptorem
1548 2794 1782 2823 comoediarum
1806 2792 1885 2830 ΜΝ.
1910 2791 1946 2827 R,

117 2853 170 2891 qui
187 2863 247 2884 om.
272 2854 322 2883 Ad.
338 2853 394 2883 Ar.
412 2853 563 2891 Fuscum,
582 2854 690 2883 habet.
708 2853 784 2883 Vrb.
812 2851 1018 2890 amfuscum.
1039 2853 1149 2890 script.
1177 2862 1254 2884 com.
1280 2852 1333 2895 Βφ
1360 2855 1432 2890 post
1458 2852 1554 2881 inser.
1581 2850 1645 2879 ‘Ad
1670 2849 1724 2881 Ar.
1752 2849 1811 2879 Fu.
1839 2848 1946 2879 Gram.

116 2910 149 2938 in
172 2911 250 2940 urbe
277 2911 399 2941 comm.'
437 2911 536 2940 habet
561 2911 660 2940 schol.
684 2910 757 2939 Aer.
797 2908 877 2938 ‘Hac
903 2918 951 2947 ep.
978 2909 1032 2938 all.
1059 2918 1103 2938 ar.
1132 2918 1192 2938 scr.
1220 2908 1419 2938 comediarum
1444 2925 1475 2928 -η
1511 2907 1685 2937 conuenire
1711 2907 1757 2936 illi
1783 2915 1814 2935 11.
1841 2916 1873 2944 q.
1901 2915 1945 2935 ar.

116 2965 185 2996 urbi
207 2977 247 2997 m.
275 2968 306 2997 d.
333 2971 360 2997 et
383 2968 451 3006 ipse
474 2968 562 2997 ruri.’

228 3022 286 3064 28)
312 3025 530 3054 columbarum
547 3023 684 3066 ΜΒΞΒφ
712 3022 769 3062 (-—-
797 3032 855 3053 nos
881 3024 935 3061 qui
961 3032 1054 3054 senes
1080 3031 1190 3055 sumus
1215 3020 1403 3052 comcem'mus
1428 3037 1464 3041 -ss
1495 3020 1718 3050 eonsenuimus
1745 3018 1770 3048 C
1796 3036 1839 3040 »-
1864 3020 1948 3048 sicut

116 3080 219 3110 uetuli
238 3084 269 3110 et
286 3081 349 3111 sibi
374 3081 442 3111 noti
466 3081 616 3111 columbi.
643 3080 721 3119 quia
738 3078 859 3118 primus
883 3083 934 3109 est
959 3089 1047 3110 amor
1071 3077 1317 3116 columbarum),
1343 3078 1407 3115 b‚v.
1434 3079 1529 3106 recte.
1556 3076 1773 3106 columborum
1798 3074 1892 3110 ath.
1922 3074 1947 3105 C

117 3145 177 3167 om.
203 3137 300 3169 schol.
327 3137 410 3168 conf.
439 3136 482 3168 C:
511 3156 550 3159 —-
578 3139 719 3176 ‘quorum
745 3146 833 3167 amor
858 3137 1014 3176 plurimus
1040 3139 1089 3167 est
1115 3140 1143 3167 et
1166 3134 1358 3165 diuturnus.'
1386 3132 1456 3170 Qua
1480 3134 1560 3172 plur.
1586 3142 1614 3162 a.

2000 556 2018 586 CV!

1980 922 2018 954 10

1977 1290 2017 1321 15

1974 2026 2015 2056 25
