<?xml version="1.0" encoding="UTF-8"?>
<!DOCTYPE html PUBLIC "-//W3C//DTD XHTML 1.0 Transitional//EN"
    "http://www.w3.org/TR/xhtml1/DTD/xhtml1-transitional.dtd">
<html xmlns="http://www.w3.org/1999/xhtml" xml:lang="en" lang="en">
 <head>
  <title>
</title>
<meta http-equiv="Content-Type" content="text/html;charset=utf-8" />
  <meta name='ocr-system' content='tesseract 3.04.00' />
  <meta name='ocr-capabilities' content='ocr_page ocr_carea ocr_par ocr_line ocrx_word'/>
</head>
<body>
  <div class='ocr_page' id='page_1' title='image "acronisetporphyr02pseuuoft_0041.png"; bbox 0 0 2148 3412; ppageno 0'>
   <div class='ocr_carea' id='block_1_1' title="bbox 795 93 1872 139">
    <p class='ocr_par' dir='ltr' id='par_1_1' title="bbox 795 93 1872 139">
     <span class='ocr_line' id='line_1_1' title="bbox 795 93 1872 139; baseline 0.002 -7"><span class='ocrx_word' id='word_1_1' title='bbox 795 100 844 132; x_wconf 86' lang='lat' dir='ltr'>IN</span> <span class='ocrx_word' id='word_1_2' title='bbox 871 100 1006 133; x_wconf 78' lang='lat' dir='ltr'>SERM.</span> <span class='ocrx_word' id='word_1_3' title='bbox 1033 101 1058 139; x_wconf 86' lang='lat'>1,</span> <span class='ocrx_word' id='word_1_4' title='bbox 1085 105 1114 132; x_wconf 84' lang='lat'>2.</span> <span class='ocrx_word' id='word_1_5' title='bbox 1818 93 1872 134; x_wconf 83' lang='lat'>33</span> 
     </span>
    </p>
   </div>
   <div class='ocr_carea' id='block_1_2' title="bbox 39 222 1874 2477">
    <p class='ocr_par' dir='ltr' id='par_1_2' title="bbox 47 222 1874 412">
     <span class='ocr_line' id='line_1_2' title="bbox 47 222 1873 276; baseline 0.001 -10"><span class='ocrx_word' id='word_1_6' title='bbox 47 223 262 266; x_wconf 79' lang='lat' dir='ltr'>Muttonis.</span> <span class='ocrx_word' id='word_1_7' title='bbox 334 222 472 265; x_wconf 88' lang='lat' dir='ltr'>Mutto</span> <span class='ocrx_word' id='word_1_8' title='bbox 516 228 655 264; x_wconf 91' lang='lat' dir='ltr'>autem</span> <span class='ocrx_word' id='word_1_9' title='bbox 699 223 852 265; x_wconf 90' lang='lat' dir='ltr'>dicitur</span> <span class='ocrx_word' id='word_1_10' title='bbox 894 224 1127 265; x_wconf 84' lang='lat' dir='ltr'>membrum</span> <span class='ocrx_word' id='word_1_11' title='bbox 1171 224 1307 276; x_wconf 90' lang='lat' dir='ltr'>uirile,</span> <span class='ocrx_word' id='word_1_12' title='bbox 1353 232 1396 268; x_wconf 89' lang='lat' dir='ltr'>ut</span> <span class='ocrx_word' id='word_1_13' title='bbox 1441 226 1564 268; x_wconf 76' lang='lat' dir='ltr'>Lucil.</span> <span class='ocrx_word' id='word_1_14' title='bbox 1609 225 1718 268; x_wconf 89' lang='lat' dir='ltr'>libro</span> <span class='ocrx_word' id='word_1_15' title='bbox 1762 225 1873 268; x_wconf 91' lang='lat' dir='ltr'>VIII</span> 
     </span>
     <span class='ocr_line' id='line_1_3' title="bbox 48 295 1874 354; baseline 0.002 -16"><span class='ocrx_word' id='word_1_16' title='bbox 48 296 203 353; x_wconf 87' lang='lat' dir='ltr'>(Lucil.</span> <span class='ocrx_word' id='word_1_17' title='bbox 248 297 399 352; x_wconf 86' lang='lat' dir='ltr'><strong>fragm.</strong></span> <span class='ocrx_word' id='word_1_18' title='bbox 445 295 569 347; x_wconf 89' lang='lat' dir='ltr'>VIII,</span> <span class='ocrx_word' id='word_1_19' title='bbox 608 298 671 337; x_wconf 90' lang='grc'>11.</span> <span class='ocrx_word' id='word_1_20' title='bbox 711 295 870 353; x_wconf 85' lang='lat' dir='ltr'>Gerl.):</span> <span class='ocrx_word' id='word_1_21' title='bbox 919 297 1055 339; x_wconf 67' lang='lat' dir='ltr'>Laeua</span> <span class='ocrx_word' id='word_1_22' title='bbox 1099 299 1180 339; x_wconf 68' lang='lat' dir='ltr'>iam</span> <span class='ocrx_word' id='word_1_23' title='bbox 1225 299 1415 341; x_wconf 73' lang='lat' dir='ltr'>lacrimas</span> <span class='ocrx_word' id='word_1_24' title='bbox 1459 301 1638 343; x_wconf 78' lang='lat' dir='ltr'>Muttom&#39;</span> <span class='ocrx_word' id='word_1_25' title='bbox 1678 300 1874 354; x_wconf 59' lang='lat' dir='ltr'>absterget</span> 
     </span>
     <span class='ocr_line' id='line_1_4' title="bbox 47 371 188 412; baseline -0.014 0"><span class='ocrx_word' id='word_1_26' title='bbox 47 371 188 412; x_wconf 73' lang='lat' dir='ltr'>amica.</span> 
     </span>
    </p>

    <p class='ocr_par' dir='ltr' id='par_1_3' title="bbox 44 442 1872 570">
     <span class='ocr_line' id='line_1_5' title="bbox 157 442 1872 500; baseline 0.002 -17"><span class='ocrx_word' id='word_1_27' title='bbox 157 443 222 483; x_wconf 87' lang='lat'>70.</span> <span class='ocrx_word' id='word_1_28' title='bbox 256 443 320 483; x_wconf 87' lang='lat'>71.</span> <span class='ocrx_word' id='word_1_29' title='bbox 351 456 495 497; x_wconf 74' lang='lat' dir='ltr'>maqno</span> <span class='ocrx_word' id='word_1_30' title='bbox 518 456 666 498; x_wconf 73' lang='lat' dir='ltr'>proqn.</span> <span class='ocrx_word' id='word_1_31' title='bbox 709 443 876 498; x_wconf 80' lang='lat' dir='ltr'><em>deposco</em></span> <span class='ocrx_word' id='word_1_32' title='bbox 916 457 1022 485; x_wconf 77' lang='lat' dir='ltr'>cons.</span> <span class='ocrx_word' id='word_1_33' title='bbox 1061 458 1151 485; x_wconf 80' lang='lat' dir='ltr'>cun.</span> <span class='ocrx_word' id='word_1_34' title='bbox 1232 442 1302 485; x_wconf 92' lang='lat' dir='ltr'>De</span> <span class='ocrx_word' id='word_1_35' title='bbox 1341 445 1471 500; x_wconf 81' lang='lat' dir='ltr'>stirpe</span> <span class='ocrx_word' id='word_1_36' title='bbox 1507 445 1652 500; x_wconf 81' lang='lat' dir='ltr'>magni</span> <span class='ocrx_word' id='word_1_37' title='bbox 1690 445 1872 488; x_wconf 89' lang='lat' dir='ltr'>consulis</span> 
     </span>
     <span class='ocr_line' id='line_1_6' title="bbox 44 515 829 570; baseline -0.003 -12"><span class='ocrx_word' id='word_1_38' title='bbox 44 515 278 558; x_wconf 88' lang='lat' dir='ltr'>oriundum.</span> <span class='ocrx_word' id='word_1_39' title='bbox 339 518 603 570; x_wconf 71' lang='lat' dir='ltr'>Proynatum.</span> <span class='ocrx_word' id='word_1_40' title='bbox 661 515 829 557; x_wconf 83' lang='lat' dir='ltr'>Natum.</span> 
     </span>
    </p>

    <p class='ocr_par' dir='ltr' id='par_1_4' title="bbox 43 588 1871 720">
     <span class='ocr_line' id='line_1_7' title="bbox 155 588 1871 646; baseline 0.003 -17"><span class='ocrx_word' id='word_1_41' title='bbox 155 589 371 645; x_wconf 77' lang='lat' dir='ltr'>uelatumq.</span> <span class='ocrx_word' id='word_1_42' title='bbox 402 589 503 630; x_wconf 79' lang='lat' dir='ltr'>stola</span> <span class='ocrx_word' id='word_1_43' title='bbox 540 589 717 630; x_wconf 78' lang='lat' dir='ltr'>Velatum</span> <span class='ocrx_word' id='word_1_44' title='bbox 741 590 953 631; x_wconf 73' lang='lat' dir='ltr'>Ornatam.</span> <span class='ocrx_word' id='word_1_45' title='bbox 1013 588 1193 645; x_wconf 84' lang='lat' dir='ltr'>Proprie</span> <span class='ocrx_word' id='word_1_46' title='bbox 1224 598 1323 646; x_wconf 82' lang='lat' dir='ltr'>toga</span> <span class='ocrx_word' id='word_1_47' title='bbox 1354 591 1541 633; x_wconf 88' lang='lat' dir='ltr'>mulieris</span> <span class='ocrx_word' id='word_1_48' title='bbox 1572 592 1672 633; x_wconf 75' lang='lat' dir='ltr'>stola</span> <span class='ocrx_word' id='word_1_49' title='bbox 1704 592 1871 643; x_wconf 88' lang='lat' dir='ltr'>dicitur,</span> 
     </span>
     <span class='ocr_line' id='line_1_8' title="bbox 43 661 1869 720; baseline 0.002 -16"><span class='ocrx_word' id='word_1_50' title='bbox 43 668 84 704; x_wconf 84' lang='lat' dir='ltr'>et</span> <span class='ocrx_word' id='word_1_51' title='bbox 111 661 340 703; x_wconf 89' lang='lat' dir='ltr'>notandum</span> <span class='ocrx_word' id='word_1_52' title='bbox 371 661 414 702; x_wconf 92' lang='lat' dir='ltr'>in</span> <span class='ocrx_word' id='word_1_53' title='bbox 445 661 523 703; x_wconf 85' lang='lat' dir='ltr'>hoc</span> <span class='ocrx_word' id='word_1_54' title='bbox 553 676 690 712; x_wconf 91' lang='lat' dir='ltr'>uersu,</span> <span class='ocrx_word' id='word_1_55' title='bbox 722 662 835 716; x_wconf 90' lang='lat' dir='ltr'>quod</span> <span class='ocrx_word' id='word_1_56' title='bbox 867 671 956 717; x_wconf 70' lang='lat' dir='ltr'>[oya</span> <span class='ocrx_word' id='word_1_57' title='bbox 987 669 1025 704; x_wconf 89' lang='lat' dir='ltr'>et</span> <span class='ocrx_word' id='word_1_58' title='bbox 1048 664 1148 704; x_wconf 79' lang='lat' dir='ltr'>stola</span> <span class='ocrx_word' id='word_1_59' title='bbox 1169 678 1432 705; x_wconf 88' lang='lat' dir='ltr'>communem</span> <span class='ocrx_word' id='word_1_60' title='bbox 1454 664 1659 720; x_wconf 80' lang='lat' dir='ltr'>syllabam</span> <span class='ocrx_word' id='word_1_61' title='bbox 1681 666 1869 707; x_wconf 82' lang='lat' dir='ltr'>fecerint.</span> 
     </span>
    </p>

    <p class='ocr_par' dir='ltr' id='par_1_5' title="bbox 42 734 1870 1009">
     <span class='ocr_line' id='line_1_9' title="bbox 156 734 1870 790; baseline 0.004 -15"><span class='ocrx_word' id='word_1_62' title='bbox 156 736 220 775; x_wconf 80' lang='grc'>72.</span> <span class='ocrx_word' id='word_1_63' title='bbox 253 735 318 776; x_wconf 83' lang='grc'>73.</span> <span class='ocrx_word' id='word_1_64' title='bbox 350 743 390 776; x_wconf 71' lang='grc' dir='ltr'>αἱ</span> <span class='ocrx_word' id='word_1_65' title='bbox 410 748 443 790; x_wconf 87' lang='lat' dir='ltr'>q.</span> <span class='ocrx_word' id='word_1_66' title='bbox 465 750 515 776; x_wconf 86' lang='lat' dir='ltr'>m.</span> <span class='ocrx_word' id='word_1_67' title='bbox 549 750 597 776; x_wconf 85' lang='lat' dir='ltr'>m.</span> <span class='ocrx_word' id='word_1_68' title='bbox 656 734 706 775; x_wconf 86' lang='lat' dir='ltr'>Id</span> <span class='ocrx_word' id='word_1_69' title='bbox 738 743 818 777; x_wconf 90' lang='lat' dir='ltr'>est:</span> <span class='ocrx_word' id='word_1_70' title='bbox 851 742 1006 790; x_wconf 88' lang='lat' dir='ltr'>quanto</span> <span class='ocrx_word' id='word_1_71' title='bbox 1027 736 1203 777; x_wconf 84' lang='lat' dir='ltr'>meliora</span> <span class='ocrx_word' id='word_1_72' title='bbox 1224 743 1365 778; x_wconf 89' lang='lat' dir='ltr'>monet</span> <span class='ocrx_word' id='word_1_73' title='bbox 1392 744 1542 778; x_wconf 85' lang='lat' dir='ltr'>natura</span> <span class='ocrx_word' id='word_1_74' title='bbox 1562 738 1645 780; x_wconf 89' lang='lat' dir='ltr'>tuis</span> <span class='ocrx_word' id='word_1_75' title='bbox 1666 738 1870 790; x_wconf 80' lang='lat' dir='ltr'>sensibus,</span> 
     </span>
     <span class='ocr_line' id='line_1_10' title="bbox 43 807 1869 865; baseline 0.002 -16"><span class='ocrx_word' id='word_1_76' title='bbox 43 822 148 863; x_wconf 87' lang='lat' dir='ltr'>quae</span> <span class='ocrx_word' id='word_1_77' title='bbox 179 807 365 849; x_wconf 83' lang='lat' dir='ltr'>abundat</span> <span class='ocrx_word' id='word_1_78' title='bbox 394 808 653 858; x_wconf 86' lang='lat' dir='ltr'>necessariis,</span> <span class='ocrx_word' id='word_1_79' title='bbox 699 808 763 850; x_wconf 90' lang='lat' dir='ltr'>his</span> <span class='ocrx_word' id='word_1_80' title='bbox 795 809 967 859; x_wconf 89' lang='lat' dir='ltr'>scilicet,</span> <span class='ocrx_word' id='word_1_81' title='bbox 1013 823 1119 864; x_wconf 86' lang='lat' dir='ltr'>quae</span> <span class='ocrx_word' id='word_1_82' title='bbox 1149 824 1248 851; x_wconf 91' lang='lat' dir='ltr'>usus</span> <span class='ocrx_word' id='word_1_83' title='bbox 1278 809 1422 865; x_wconf 83' lang='lat' dir='ltr'>exigit.</span> <span class='ocrx_word' id='word_1_84' title='bbox 1483 808 1688 852; x_wconf 86' lang='lat' dir='ltr'>Abundat</span> <span class='ocrx_word' id='word_1_85' title='bbox 1717 818 1869 863; x_wconf 88' lang='lat' dir='ltr'>autem,</span> 
     </span>
     <span class='ocr_line' id='line_1_11' title="bbox 42 881 1869 939; baseline 0.002 -17"><span class='ocrx_word' id='word_1_86' title='bbox 42 881 77 923; x_wconf 89' lang='lat' dir='ltr'>si</span> <span class='ocrx_word' id='word_1_87' title='bbox 106 887 150 922; x_wconf 88' lang='lat' dir='ltr'>tu</span> <span class='ocrx_word' id='word_1_88' title='bbox 181 881 237 923; x_wconf 92' lang='lat' dir='ltr'>sis</span> <span class='ocrx_word' id='word_1_89' title='bbox 268 881 402 923; x_wconf 89' lang='lat' dir='ltr'>bonus</span> <span class='ocrx_word' id='word_1_90' title='bbox 432 881 710 936; x_wconf 81' lang='lat' dir='ltr'>dispensator,</span> <span class='ocrx_word' id='word_1_91' title='bbox 743 882 786 922; x_wconf 85' lang='lat' dir='ltr'>id</span> <span class='ocrx_word' id='word_1_92' title='bbox 817 889 889 932; x_wconf 73' lang='lat' dir='ltr'>est,</span> <span class='ocrx_word' id='word_1_93' title='bbox 921 882 955 923; x_wconf 87' lang='lat' dir='ltr'>si</span> <span class='ocrx_word' id='word_1_94' title='bbox 989 881 1051 938; x_wconf 89' lang='lat' dir='ltr'>[tu</span> <span class='ocrx_word' id='word_1_95' title='bbox 1081 882 1165 939; x_wconf 89' lang='lat' dir='ltr'>his]</span> <span class='ocrx_word' id='word_1_96' title='bbox 1198 883 1280 924; x_wconf 87' lang='lat' dir='ltr'>tuis</span> <span class='ocrx_word' id='word_1_97' title='bbox 1310 890 1422 924; x_wconf 88' lang='lat' dir='ltr'>recte</span> <span class='ocrx_word' id='word_1_98' title='bbox 1452 898 1551 925; x_wconf 87' lang='lat' dir='ltr'>usus</span> <span class='ocrx_word' id='word_1_99' title='bbox 1581 884 1723 925; x_wconf 79' lang='lat' dir='ltr'>fueris.</span> <span class='ocrx_word' id='word_1_100' title='bbox 1783 886 1869 929; x_wconf 86' lang='lat' dir='ltr'>Me-</span> 
     </span>
     <span class='ocr_line' id='line_1_12' title="bbox 43 954 942 1009; baseline -0.001 -13"><span class='ocrx_word' id='word_1_101' title='bbox 43 955 143 997; x_wconf 74' lang='lat' dir='ltr'>liora</span> <span class='ocrx_word' id='word_1_102' title='bbox 174 954 334 996; x_wconf 91' lang='lat' dir='ltr'>scilicet</span> <span class='ocrx_word' id='word_1_103' title='bbox 365 969 490 1009; x_wconf 89' lang='lat' dir='ltr'>quam</span> <span class='ocrx_word' id='word_1_104' title='bbox 523 970 629 1009; x_wconf 88' lang='lat' dir='ltr'>quae</span> <span class='ocrx_word' id='word_1_105' title='bbox 660 962 705 995; x_wconf 89' lang='lat' dir='ltr'>tu</span> <span class='ocrx_word' id='word_1_106' title='bbox 735 955 942 996; x_wconf 82' lang='lat' dir='ltr'>aestimas.</span> 
     </span>
    </p>

    <p class='ocr_par' dir='ltr' id='par_1_6' title="bbox 42 1027 1867 1158">
     <span class='ocr_line' id='line_1_13' title="bbox 154 1027 1867 1084; baseline 0.002 -16"><span class='ocrx_word' id='word_1_107' title='bbox 154 1028 266 1070; x_wconf 76' lang='lat' dir='ltr'>diues</span> <span class='ocrx_word' id='word_1_108' title='bbox 298 1043 331 1070; x_wconf 92' lang='lat' dir='ltr'>o.</span> <span class='ocrx_word' id='word_1_109' title='bbox 362 1043 398 1070; x_wconf 79' lang='grc' dir='ltr'>η.</span> <span class='ocrx_word' id='word_1_110' title='bbox 429 1044 460 1070; x_wconf 82' lang='lat' dir='ltr'>s.</span> <span class='ocrx_word' id='word_1_111' title='bbox 518 1027 569 1069; x_wconf 84' lang='lat' dir='ltr'>Id</span> <span class='ocrx_word' id='word_1_112' title='bbox 600 1035 681 1069; x_wconf 90' lang='lat' dir='ltr'>est:</span> <span class='ocrx_word' id='word_1_113' title='bbox 715 1042 822 1083; x_wconf 87' lang='lat' dir='ltr'>quae</span> <span class='ocrx_word' id='word_1_114' title='bbox 853 1035 1003 1069; x_wconf 86' lang='lat' dir='ltr'>natura</span> <span class='ocrx_word' id='word_1_115' title='bbox 1034 1028 1218 1084; x_wconf 87' lang='lat' dir='ltr'>propriis</span> <span class='ocrx_word' id='word_1_116' title='bbox 1249 1028 1401 1083; x_wconf 87' lang='lat' dir='ltr'>opibus</span> <span class='ocrx_word' id='word_1_117' title='bbox 1422 1029 1621 1080; x_wconf 82' lang='lat' dir='ltr'>abundat,</span> <span class='ocrx_word' id='word_1_118' title='bbox 1655 1030 1867 1084; x_wconf 87' lang='lat' dir='ltr'>quoniam,</span> 
     </span>
     <span class='ocr_line' id='line_1_14' title="bbox 42 1101 1715 1158; baseline 0.001 -16"><span class='ocrx_word' id='word_1_119' title='bbox 42 1108 241 1157; x_wconf 89' lang='lat' dir='ltr'>quantum</span> <span class='ocrx_word' id='word_1_120' title='bbox 273 1108 333 1143; x_wconf 86' lang='lat' dir='ltr'>est</span> <span class='ocrx_word' id='word_1_121' title='bbox 363 1101 406 1142; x_wconf 91' lang='lat' dir='ltr'>in</span> <span class='ocrx_word' id='word_1_122' title='bbox 438 1101 543 1157; x_wconf 91' lang='lat' dir='ltr'>ipsa,</span> <span class='ocrx_word' id='word_1_123' title='bbox 575 1116 658 1143; x_wconf 88' lang='lat' dir='ltr'>non</span> <span class='ocrx_word' id='word_1_124' title='bbox 689 1102 872 1158; x_wconf 79' lang='lat' dir='ltr'>denegat</span> <span class='ocrx_word' id='word_1_125' title='bbox 901 1101 1159 1157; x_wconf 88' lang='lat' dir='ltr'>uoluptatem</span> <span class='ocrx_word' id='word_1_126' title='bbox 1191 1102 1439 1157; x_wconf 87' lang='lat' dir='ltr'>simpliciter</span> <span class='ocrx_word' id='word_1_127' title='bbox 1470 1102 1715 1157; x_wconf 86' lang='lat' dir='ltr'>quaesitam.</span> 
     </span>
    </p>

    <p class='ocr_par' dir='ltr' id='par_1_7' title="bbox 153 1174 694 1217">
     <span class='ocr_line' id='line_1_15' title="bbox 153 1174 694 1217; baseline -0.004 0"><span class='ocrx_word' id='word_1_128' title='bbox 153 1175 282 1217; x_wconf 82' lang='lat' dir='ltr'>modo.</span> <span class='ocrx_word' id='word_1_129' title='bbox 340 1174 524 1215; x_wconf 86' lang='lat' dir='ltr'>Tantum</span> <span class='ocrx_word' id='word_1_130' title='bbox 557 1175 694 1216; x_wconf 88' lang='lat' dir='ltr'>modo.</span> 
     </span>
    </p>

    <p class='ocr_par' dir='ltr' id='par_1_8' title="bbox 155 1247 1867 1307">
     <span class='ocr_line' id='line_1_16' title="bbox 155 1247 1867 1307; baseline 0.001 -18"><span class='ocrx_word' id='word_1_131' title='bbox 155 1247 241 1304; x_wconf 82' lang='lat'>[75.</span> <span class='ocrx_word' id='word_1_132' title='bbox 273 1257 378 1289; x_wconf 76' lang='lat' dir='ltr'>recte</span> <span class='ocrx_word' id='word_1_133' title='bbox 410 1249 508 1304; x_wconf 67' lang='lat' dir='ltr'>disp.</span> <span class='ocrx_word' id='word_1_134' title='bbox 539 1249 651 1289; x_wconf 71' lang='lat' dir='ltr'>uelis.</span> <span class='ocrx_word' id='word_1_135' title='bbox 711 1247 761 1288; x_wconf 92' lang='lat' dir='ltr'>Id</span> <span class='ocrx_word' id='word_1_136' title='bbox 792 1254 873 1290; x_wconf 87' lang='lat' dir='ltr'>est:</span> <span class='ocrx_word' id='word_1_137' title='bbox 906 1248 941 1289; x_wconf 88' lang='lat' dir='ltr'>si</span> <span class='ocrx_word' id='word_1_138' title='bbox 972 1262 1066 1289; x_wconf 88' lang='lat' dir='ltr'>cum</span> <span class='ocrx_word' id='word_1_139' title='bbox 1097 1248 1258 1289; x_wconf 87' lang='lat' dir='ltr'>ratione</span> <span class='ocrx_word' id='word_1_140' title='bbox 1289 1248 1394 1290; x_wconf 90' lang='lat' dir='ltr'>uelis</span> <span class='ocrx_word' id='word_1_141' title='bbox 1426 1262 1603 1304; x_wconf 83' lang='lat' dir='ltr'>erogare</span> <span class='ocrx_word' id='word_1_142' title='bbox 1631 1255 1671 1289; x_wconf 86' lang='lat' dir='ltr'>et</span> <span class='ocrx_word' id='word_1_143' title='bbox 1690 1249 1867 1307; x_wconf 69' lang='lat' dir='ltr'>uiuere]</span> 
     </span>
    </p>

    <p class='ocr_par' dir='ltr' id='par_1_9' title="bbox 41 1320 1870 1510">
     <span class='ocr_line' id='line_1_17' title="bbox 154 1320 1870 1377; baseline 0.001 -15"><span class='ocrx_word' id='word_1_144' title='bbox 154 1335 201 1362; x_wconf 83' lang='lat' dir='ltr'>ac</span> <span class='ocrx_word' id='word_1_145' title='bbox 230 1336 309 1363; x_wconf 75' lang='lat' dir='ltr'>non</span> <span class='ocrx_word' id='word_1_146' title='bbox 339 1322 531 1376; x_wconf 73' lang='lat' dir='ltr'>fuyz&#39;enda</span> <span class='ocrx_word' id='word_1_147' title='bbox 559 1321 736 1377; x_wconf 71' lang='lat' dir='ltr'>petendis</span> <span class='ocrx_word' id='word_1_148' title='bbox 768 1322 869 1363; x_wconf 79' lang='lat' dir='ltr'>Inm.</span> <span class='ocrx_word' id='word_1_149' title='bbox 929 1320 981 1362; x_wconf 92' lang='lat' dir='ltr'>Id</span> <span class='ocrx_word' id='word_1_150' title='bbox 1011 1329 1094 1362; x_wconf 86' lang='lat' dir='ltr'>est:</span> <span class='ocrx_word' id='word_1_151' title='bbox 1141 1322 1176 1363; x_wconf 89' lang='lat' dir='ltr'>si</span> <span class='ocrx_word' id='word_1_152' title='bbox 1207 1336 1306 1362; x_wconf 91' lang='lat' dir='ltr'>uere</span> <span class='ocrx_word' id='word_1_153' title='bbox 1336 1322 1402 1363; x_wconf 89' lang='lat' dir='ltr'>uis</span> <span class='ocrx_word' id='word_1_154' title='bbox 1423 1321 1646 1362; x_wconf 84' lang='lat' dir='ltr'>inmiscere</span> <span class='ocrx_word' id='word_1_155' title='bbox 1668 1336 1730 1372; x_wconf 87' lang='lat' dir='ltr'>ea,</span> <span class='ocrx_word' id='word_1_156' title='bbox 1762 1337 1870 1377; x_wconf 86' lang='lat' dir='ltr'>quae</span> 
     </span>
     <span class='ocr_line' id='line_1_18' title="bbox 43 1393 1869 1450; baseline 0.001 -15"><span class='ocrx_word' id='word_1_157' title='bbox 43 1393 171 1435; x_wconf 89' lang='lat' dir='ltr'>debes</span> <span class='ocrx_word' id='word_1_158' title='bbox 201 1394 348 1450; x_wconf 81' lang='lat' dir='ltr'>fugere</span> <span class='ocrx_word' id='word_1_159' title='bbox 383 1394 451 1435; x_wconf 90' lang='lat' dir='ltr'>uel</span> <span class='ocrx_word' id='word_1_160' title='bbox 491 1401 645 1449; x_wconf 89' lang='lat' dir='ltr'>petere.</span> <span class='ocrx_word' id='word_1_161' title='bbox 710 1395 927 1450; x_wconf 69' lang='lat' dir='ltr'>Fuyz&#39;enda.</span> <span class='ocrx_word' id='word_1_162' title='bbox 966 1394 1229 1436; x_wconf 77' lang='lat' dir='ltr'>meretricem</span> <span class='ocrx_word' id='word_1_163' title='bbox 1271 1394 1470 1449; x_wconf 86' lang='lat' dir='ltr'>adpetere</span> <span class='ocrx_word' id='word_1_164' title='bbox 1507 1394 1576 1435; x_wconf 88' lang='lat' dir='ltr'>uel</span> <span class='ocrx_word' id='word_1_165' title='bbox 1613 1402 1869 1437; x_wconf 86' lang='lat' dir='ltr'>matronam.</span> 
     </span>
     <span class='ocr_line' id='line_1_19' title="bbox 41 1468 462 1510; baseline 0.002 -1"><span class='ocrx_word' id='word_1_166' title='bbox 41 1468 238 1509; x_wconf 75' lang='lat' dir='ltr'>Petemlis.</span> <span class='ocrx_word' id='word_1_167' title='bbox 298 1468 462 1510; x_wconf 87' lang='lat' dir='ltr'>Licitis.</span> 
     </span>
    </p>

    <p class='ocr_par' dir='ltr' id='par_1_10' title="bbox 39 1541 1871 1876">
     <span class='ocr_line' id='line_1_20' title="bbox 154 1541 1869 1598; baseline 0.002 -17"><span class='ocrx_word' id='word_1_168' title='bbox 154 1542 219 1582; x_wconf 84' lang='grc'>76.</span> <span class='ocrx_word' id='word_1_169' title='bbox 255 1542 338 1583; x_wconf 79' lang='lat' dir='ltr'>Tuo</span> <span class='ocrx_word' id='word_1_170' title='bbox 369 1543 468 1583; x_wconf 72' lang='lat' dir='ltr'>uitio</span> <span class='ocrx_word' id='word_1_171' title='bbox 499 1556 689 1582; x_wconf 74' lang='lat' dir='ltr'>rerumne</span> <span class='ocrx_word' id='word_1_172' title='bbox 730 1542 805 1583; x_wconf 80' lang='lat' dir='ltr'>lab.</span> <span class='ocrx_word' id='word_1_173' title='bbox 844 1541 923 1584; x_wconf 72' lang='lat' dir='ltr'>Nil.</span> <span class='ocrx_word' id='word_1_174' title='bbox 955 1542 1029 1596; x_wconf 79' lang='lat' dir='ltr'>ref.</span> <span class='ocrx_word' id='word_1_175' title='bbox 1055 1544 1208 1598; x_wconf 77' lang='lat' dir='ltr'>putas?</span> <span class='ocrx_word' id='word_1_176' title='bbox 1272 1541 1339 1582; x_wconf 87' lang='lat' dir='ltr'>Tu</span> <span class='ocrx_word' id='word_1_177' title='bbox 1365 1548 1489 1596; x_wconf 87' lang='lat' dir='ltr'>putas</span> <span class='ocrx_word' id='word_1_178' title='bbox 1520 1542 1625 1583; x_wconf 89' lang='lat' dir='ltr'>nihil</span> <span class='ocrx_word' id='word_1_179' title='bbox 1655 1543 1869 1593; x_wconf 85' lang='lat' dir='ltr'>interesse,</span> 
     </span>
     <span class='ocr_line' id='line_1_21' title="bbox 39 1614 1867 1667; baseline 0.002 -12"><span class='ocrx_word' id='word_1_180' title='bbox 39 1620 176 1655; x_wconf 84' lang='lat' dir='ltr'>utrum</span> <span class='ocrx_word' id='word_1_181' title='bbox 207 1621 276 1656; x_wconf 89' lang='lat' dir='ltr'>tuo</span> <span class='ocrx_word' id='word_1_182' title='bbox 306 1614 409 1656; x_wconf 88' lang='lat' dir='ltr'>uitio</span> <span class='ocrx_word' id='word_1_183' title='bbox 440 1614 618 1664; x_wconf 90' lang='lat' dir='ltr'>labores,</span> <span class='ocrx_word' id='word_1_184' title='bbox 651 1629 704 1654; x_wconf 89' lang='lat' dir='ltr'>an</span> <span class='ocrx_word' id='word_1_185' title='bbox 736 1621 921 1656; x_wconf 88' lang='lat' dir='ltr'>naturae.</span> <span class='ocrx_word' id='word_1_186' title='bbox 981 1614 1136 1656; x_wconf 90' lang='lat' dir='ltr'>Nostro</span> <span class='ocrx_word' id='word_1_187' title='bbox 1167 1615 1270 1656; x_wconf 89' lang='lat' dir='ltr'>uitio</span> <span class='ocrx_word' id='word_1_188' title='bbox 1300 1615 1555 1666; x_wconf 87' lang='lat' dir='ltr'>laboramus,</span> <span class='ocrx_word' id='word_1_189' title='bbox 1600 1616 1634 1658; x_wconf 88' lang='lat' dir='ltr'>si</span> <span class='ocrx_word' id='word_1_190' title='bbox 1666 1616 1867 1667; x_wconf 87' lang='lat' dir='ltr'>dolemus,</span> 
     </span>
     <span class='ocr_line' id='line_1_22' title="bbox 39 1687 1866 1744; baseline 0 -14"><span class='ocrx_word' id='word_1_191' title='bbox 39 1702 134 1730; x_wconf 89' lang='lat' dir='ltr'>cum</span> <span class='ocrx_word' id='word_1_192' title='bbox 163 1687 271 1729; x_wconf 86' lang='lat' dir='ltr'>desit</span> <span class='ocrx_word' id='word_1_193' title='bbox 291 1687 540 1743; x_wconf 78' lang='lat' dir='ltr'>phasianus3</span> <span class='ocrx_word' id='word_1_194' title='bbox 572 1702 711 1728; x_wconf 89' lang='lat' dir='ltr'>rerum</span> <span class='ocrx_word' id='word_1_195' title='bbox 733 1695 883 1729; x_wconf 84' lang='lat' dir='ltr'>natura</span> <span class='ocrx_word' id='word_1_196' title='bbox 912 1688 1165 1738; x_wconf 85' lang='lat' dir='ltr'>laboramus,</span> <span class='ocrx_word' id='word_1_197' title='bbox 1197 1689 1231 1730; x_wconf 91' lang='lat' dir='ltr'>si</span> <span class='ocrx_word' id='word_1_198' title='bbox 1253 1688 1455 1738; x_wconf 87' lang='lat' dir='ltr'>dolemus,</span> <span class='ocrx_word' id='word_1_199' title='bbox 1488 1703 1581 1730; x_wconf 90' lang='lat' dir='ltr'>cum</span> <span class='ocrx_word' id='word_1_200' title='bbox 1603 1689 1711 1730; x_wconf 87' lang='lat' dir='ltr'>desit</span> <span class='ocrx_word' id='word_1_201' title='bbox 1730 1689 1866 1744; x_wconf 88' lang='lat' dir='ltr'>panis.</span> 
     </span>
     <span class='ocr_line' id='line_1_23' title="bbox 40 1761 1871 1817; baseline 0.001 -15"><span class='ocrx_word' id='word_1_202' title='bbox 40 1761 285 1803; x_wconf 77' lang='lat' dir='ltr'>Aliz&#39;dicunt</span> <span class='ocrx_word' id='word_1_203' title='bbox 315 1761 418 1802; x_wconf 90' lang='lat' dir='ltr'>uitio</span> <span class='ocrx_word' id='word_1_204' title='bbox 448 1769 590 1802; x_wconf 87' lang='lat' dir='ltr'>nostro</span> <span class='ocrx_word' id='word_1_205' title='bbox 612 1761 851 1803; x_wconf 85' lang='lat' dir='ltr'>laboramus</span> <span class='ocrx_word' id='word_1_206' title='bbox 881 1769 1115 1803; x_wconf 87' lang='lat' dir='ltr'>matronam</span> <span class='ocrx_word' id='word_1_207' title='bbox 1137 1762 1495 1817; x_wconf 74' lang='lat' dir='ltr'>concupiscentes,</span> <span class='ocrx_word' id='word_1_208' title='bbox 1527 1776 1664 1803; x_wconf 87' lang='lat' dir='ltr'>rerum</span> <span class='ocrx_word' id='word_1_209' title='bbox 1688 1762 1803 1812; x_wconf 87' lang='lat' dir='ltr'>uitio,</span> <span class='ocrx_word' id='word_1_210' title='bbox 1836 1762 1871 1804; x_wconf 89' lang='lat' dir='ltr'>si</span> 
     </span>
     <span class='ocr_line' id='line_1_24' title="bbox 39 1834 624 1876; baseline -0.003 0"><span class='ocrx_word' id='word_1_211' title='bbox 39 1849 138 1876; x_wconf 86' lang='lat' dir='ltr'>usus</span> <span class='ocrx_word' id='word_1_212' title='bbox 168 1835 349 1876; x_wconf 85' lang='lat' dir='ltr'>feminae</span> <span class='ocrx_word' id='word_1_213' title='bbox 379 1849 463 1875; x_wconf 91' lang='lat' dir='ltr'>non</span> <span class='ocrx_word' id='word_1_214' title='bbox 494 1834 624 1875; x_wconf 86' lang='lat' dir='ltr'>adest.</span> 
     </span>
    </p>

    <p class='ocr_par' dir='ltr' id='par_1_11' title="bbox 40 1905 1871 2036">
     <span class='ocr_line' id='line_1_25' title="bbox 153 1905 1871 1963; baseline 0.001 -15"><span class='ocrx_word' id='word_1_215' title='bbox 153 1909 217 1950; x_wconf 79' lang='lat'>78.</span> <span class='ocrx_word' id='word_1_216' title='bbox 250 1909 315 1949; x_wconf 79' lang='lat'>79.</span> <span class='ocrx_word' id='word_1_217' title='bbox 346 1908 463 1949; x_wconf 73' lang='lat' dir='ltr'>zmde.</span> <span class='ocrx_word' id='word_1_218' title='bbox 536 1905 578 1946; x_wconf 92' lang='lat' dir='ltr'><strong>A</strong></span> <span class='ocrx_word' id='word_1_219' title='bbox 609 1921 704 1962; x_wconf 88' lang='lat' dir='ltr'>quo,</span> <span class='ocrx_word' id='word_1_220' title='bbox 750 1914 794 1947; x_wconf 90' lang='lat' dir='ltr'>ut</span> <span class='ocrx_word' id='word_1_221' title='bbox 825 1906 899 1961; x_wconf 83' lang='lat' dir='ltr'>(A.</span> <span class='ocrx_word' id='word_1_222' title='bbox 930 1907 964 1957; x_wconf 86' lang='grc' dir='ltr'>Ι,</span> <span class='ocrx_word' id='word_1_223' title='bbox 999 1908 1062 1963; x_wconf 83' lang='grc'>6);</span> <span class='ocrx_word' id='word_1_224' title='bbox 1109 1922 1234 1963; x_wconf 71' lang='lat' dir='ltr'>qenus</span> <span class='ocrx_word' id='word_1_225' title='bbox 1271 1909 1377 1951; x_wconf 77' lang='lat' dir='ltr'>unde</span> <span class='ocrx_word' id='word_1_226' title='bbox 1410 1909 1607 1950; x_wconf 71' lang='lat' dir='ltr'>Latinum.</span> <span class='ocrx_word' id='word_1_227' title='bbox 1682 1907 1778 1950; x_wconf 91' lang='lat' dir='ltr'>Non</span> <span class='ocrx_word' id='word_1_228' title='bbox 1809 1914 1871 1950; x_wconf 86' lang='lat' dir='ltr'>est</span> 
     </span>
     <span class='ocr_line' id='line_1_26' title="bbox 40 1981 641 2036; baseline -0.002 -14"><span class='ocrx_word' id='word_1_229' title='bbox 40 1988 177 2022; x_wconf 88' lang='lat' dir='ltr'>autem</span> <span class='ocrx_word' id='word_1_230' title='bbox 207 1981 288 2023; x_wconf 87' lang='lat' dir='ltr'>loci</span> <span class='ocrx_word' id='word_1_231' title='bbox 320 1981 393 2022; x_wconf 89' lang='lat' dir='ltr'>sed</span> <span class='ocrx_word' id='word_1_232' title='bbox 423 1994 641 2036; x_wconf 88' lang='lat' dir='ltr'>personae.</span> 
     </span>
    </p>

    <p class='ocr_par' dir='ltr' id='par_1_12' title="bbox 152 2051 1185 2110">
     <span class='ocr_line' id='line_1_27' title="bbox 152 2051 1185 2110; baseline 0 -15"><span class='ocrx_word' id='word_1_233' title='bbox 152 2055 333 2096; x_wconf 79' lang='lat' dir='ltr'>haurire.</span> <span class='ocrx_word' id='word_1_234' title='bbox 394 2051 572 2108; x_wconf 88' lang='lat' dir='ltr'>Capere.</span> <span class='ocrx_word' id='word_1_235' title='bbox 634 2052 900 2109; x_wconf 76' lang='lat' dir='ltr'>[Aequirere,</span> <span class='ocrx_word' id='word_1_236' title='bbox 930 2053 1185 2110; x_wconf 69' lang='lat' dir='ltr'>percipere]</span> 
     </span>
    </p>

    <p class='ocr_par' dir='ltr' id='par_1_13' title="bbox 156 2126 772 2182">
     <span class='ocr_line' id='line_1_28' title="bbox 156 2126 772 2182; baseline -0.005 -12"><span class='ocrx_word' id='word_1_237' title='bbox 156 2129 223 2170; x_wconf 75' lang='lat' dir='ltr'>Eoe</span> <span class='ocrx_word' id='word_1_238' title='bbox 252 2143 308 2169; x_wconf 82' lang='lat' dir='ltr'>re.</span> <span class='ocrx_word' id='word_1_239' title='bbox 368 2126 436 2168; x_wconf 85' lang='lat' dir='ltr'>Ex</span> <span class='ocrx_word' id='word_1_240' title='bbox 466 2127 772 2182; x_wconf 81' lang='lat' dir='ltr'>impetratione.</span> 
     </span>
    </p>

    <p class='ocr_par' dir='ltr' id='par_1_14' title="bbox 41 2199 1870 2329">
     <span class='ocr_line' id='line_1_29' title="bbox 153 2199 1870 2257; baseline -0.001 -14"><span class='ocrx_word' id='word_1_241' title='bbox 153 2216 272 2257; x_wconf 79' lang='lat' dir='ltr'>quam</span> <span class='ocrx_word' id='word_1_242' title='bbox 303 2216 354 2242; x_wconf 71' lang='lat' dir='ltr'>ea:</span> <span class='ocrx_word' id='word_1_243' title='bbox 385 2216 428 2242; x_wconf 81' lang='lat' dir='ltr'>re</span> <span class='ocrx_word' id='word_1_244' title='bbox 460 2201 540 2242; x_wconf 81' lang='lat' dir='ltr'>dec.</span> <span class='ocrx_word' id='word_1_245' title='bbox 572 2201 627 2254; x_wconf 82' lang='lat' dir='ltr'>fr.</span> <span class='ocrx_word' id='word_1_246' title='bbox 685 2199 788 2241; x_wconf 89' lang='lat' dir='ltr'>Plus</span> <span class='ocrx_word' id='word_1_247' title='bbox 828 2199 928 2240; x_wconf 89' lang='lat' dir='ltr'>mali</span> <span class='ocrx_word' id='word_1_248' title='bbox 964 2200 1131 2255; x_wconf 87' lang='lat' dir='ltr'>accipit,</span> <span class='ocrx_word' id='word_1_249' title='bbox 1165 2200 1236 2254; x_wconf 87' lang='lat' dir='ltr'>qui</span> <span class='ocrx_word' id='word_1_250' title='bbox 1277 2207 1389 2241; x_wconf 85' lang='lat' dir='ltr'>amat</span> <span class='ocrx_word' id='word_1_251' title='bbox 1424 2199 1623 2250; x_wconf 89' lang='lat' dir='ltr'>nobilem,</span> <span class='ocrx_word' id='word_1_252' title='bbox 1670 2201 1704 2242; x_wconf 90' lang='lat' dir='ltr'>si</span> <span class='ocrx_word' id='word_1_253' title='bbox 1744 2201 1870 2242; x_wconf 87' lang='lat' dir='ltr'>fuerit</span> 
     </span>
     <span class='ocr_line' id='line_1_30' title="bbox 41 2273 1101 2329; baseline -0.002 -14"><span class='ocrx_word' id='word_1_254' title='bbox 41 2273 342 2329; x_wconf 88' lang='lat' dir='ltr'>deprehensus,</span> <span class='ocrx_word' id='word_1_255' title='bbox 375 2289 500 2329; x_wconf 87' lang='lat' dir='ltr'>quam</span> <span class='ocrx_word' id='word_1_256' title='bbox 530 2274 701 2323; x_wconf 88' lang='lat' dir='ltr'>fructus,</span> <span class='ocrx_word' id='word_1_257' title='bbox 735 2273 769 2315; x_wconf 93' lang='lat' dir='ltr'>si</span> <span class='ocrx_word' id='word_1_258' title='bbox 800 2273 1101 2328; x_wconf 89' lang='lat' dir='ltr'>impetrauerit.</span> 
     </span>
    </p>

    <p class='ocr_par' dir='ltr' id='par_1_15' title="bbox 40 2344 1870 2477">
     <span class='ocr_line' id='line_1_31' title="bbox 153 2344 1868 2402; baseline -0.001 -13"><span class='ocrx_word' id='word_1_259' title='bbox 153 2349 333 2389; x_wconf 77' lang='lat'>80—82.</span> <span class='ocrx_word' id='word_1_260' title='bbox 364 2348 448 2391; x_wconf 83' lang='lat' dir='ltr'>Nec</span> <span class='ocrx_word' id='word_1_261' title='bbox 479 2348 609 2402; x_wconf 73' lang='lat' dir='ltr'>maqis</span> <span class='ocrx_word' id='word_1_262' title='bbox 639 2348 743 2388; x_wconf 72' lang='lat' dir='ltr'>huic.</span> <span class='ocrx_word' id='word_1_263' title='bbox 801 2346 853 2387; x_wconf 92' lang='lat' dir='ltr'>Id</span> <span class='ocrx_word' id='word_1_264' title='bbox 883 2353 956 2396; x_wconf 86' lang='lat' dir='ltr'>est,</span> <span class='ocrx_word' id='word_1_265' title='bbox 988 2345 1133 2387; x_wconf 90' lang='lat' dir='ltr'>nobili.</span> <span class='ocrx_word' id='word_1_266' title='bbox 1196 2344 1428 2402; x_wconf 88' lang='lat' dir='ltr'>[Ostendit,</span> <span class='ocrx_word' id='word_1_267' title='bbox 1474 2361 1557 2387; x_wconf 89' lang='lat' dir='ltr'>non</span> <span class='ocrx_word' id='word_1_268' title='bbox 1589 2346 1747 2387; x_wconf 87' lang='lat' dir='ltr'>diuitiis</span> <span class='ocrx_word' id='word_1_269' title='bbox 1777 2346 1868 2387; x_wconf 87' lang='lat' dir='ltr'>fieri</span> 
     </span>
     <span class='ocr_line' id='line_1_32' title="bbox 40 2419 1870 2477; baseline -0.002 -14"><span class='ocrx_word' id='word_1_270' title='bbox 40 2421 395 2477; x_wconf 82' lang='lat' dir='ltr'>pulchritudinem</span> <span class='ocrx_word' id='word_1_271' title='bbox 444 2421 517 2462; x_wconf 88' lang='lat' dir='ltr'>sed</span> <span class='ocrx_word' id='word_1_272' title='bbox 568 2420 735 2477; x_wconf 87' lang='lat' dir='ltr'>natura]</span> <span class='ocrx_word' id='word_1_273' title='bbox 792 2428 830 2461; x_wconf 91' lang='lat' dir='ltr'>et</span> <span class='ocrx_word' id='word_1_274' title='bbox 882 2433 1116 2461; x_wconf 87' lang='lat' dir='ltr'>sermonem</span> <span class='ocrx_word' id='word_1_275' title='bbox 1166 2434 1283 2460; x_wconf 89' lang='lat' dir='ltr'>suum</span> <span class='ocrx_word' id='word_1_276' title='bbox 1336 2419 1539 2461; x_wconf 85' lang='lat' dir='ltr'>conuertit</span> <span class='ocrx_word' id='word_1_277' title='bbox 1590 2419 1644 2460; x_wconf 90' lang='lat' dir='ltr'>ad</span> <span class='ocrx_word' id='word_1_278' title='bbox 1693 2433 1870 2474; x_wconf 87' lang='lat' dir='ltr'>puerum</span> 
     </span>
    </p>
   </div>
   <div class='ocr_carea' id='block_1_3' title="bbox 41 2583 1873 3189">
    <p class='ocr_par' dir='ltr' id='par_1_16' title="bbox 41 2583 1873 3136">
     <span class='ocr_line' id='line_1_33' title="bbox 155 2583 1871 2628; baseline -0.001 -12"><span class='ocrx_word' id='word_1_279' title='bbox 155 2588 190 2626; x_wconf 83' lang='lat'>2)</span> <span class='ocrx_word' id='word_1_280' title='bbox 218 2588 285 2617; x_wconf 77' lang='lat' dir='ltr'>leua</span> <span class='ocrx_word' id='word_1_281' title='bbox 310 2589 457 2618; x_wconf 83' lang='lat' dir='ltr'>lacrimas</span> <span class='ocrx_word' id='word_1_282' title='bbox 482 2588 613 2618; x_wconf 67' lang='lat' dir='ltr'>mucroni</span> <span class='ocrx_word' id='word_1_283' title='bbox 642 2587 805 2625; x_wconf 81' lang='lat' dir='ltr'>(superius</span> <span class='ocrx_word' id='word_1_284' title='bbox 828 2586 934 2625; x_wconf 79' lang='lat' dir='ltr'>muto.)</span> <span class='ocrx_word' id='word_1_285' title='bbox 962 2595 988 2628; x_wconf 81' lang='grc' dir='ltr'>γ,</span> <span class='ocrx_word' id='word_1_286' title='bbox 1022 2586 1095 2615; x_wconf 82' lang='lat' dir='ltr'>lena</span> <span class='ocrx_word' id='word_1_287' title='bbox 1126 2595 1216 2614; x_wconf 69' lang='lat' dir='ltr'>mama</span> <span class='ocrx_word' id='word_1_288' title='bbox 1248 2585 1430 2624; x_wconf 87' lang='lat' dir='ltr'>lachrymas</span> <span class='ocrx_word' id='word_1_289' title='bbox 1462 2586 1585 2615; x_wconf 86' lang='lat' dir='ltr'>mutoni</span> <span class='ocrx_word' id='word_1_290' title='bbox 1619 2583 1654 2614; x_wconf 89' lang='lat' dir='ltr'>C.</span> <span class='ocrx_word' id='word_1_291' title='bbox 1688 2585 1758 2615; x_wconf 86' lang='lat' dir='ltr'>rell.</span> <span class='ocrx_word' id='word_1_292' title='bbox 1791 2585 1871 2614; x_wconf 78' lang='lat' dir='ltr'>laeso</span> 
     </span>
     <span class='ocr_line' id='line_1_34' title="bbox 41 2641 1870 2686; baseline -0.002 -11"><span class='ocrx_word' id='word_1_293' title='bbox 41 2644 111 2675; x_wconf 76' lang='lat' dir='ltr'>iam.</span> <span class='ocrx_word' id='word_1_294' title='bbox 136 2645 233 2675; x_wconf 84' lang='lat' dir='ltr'>Posui</span> <span class='ocrx_word' id='word_1_295' title='bbox 260 2646 363 2675; x_wconf 54' lang='lat' dir='ltr'>Laeua</span> <span class='ocrx_word' id='word_1_296' title='bbox 388 2645 501 2684; x_wconf 83' lang='lat' dir='ltr'>(manu</span> <span class='ocrx_word' id='word_1_297' title='bbox 526 2646 585 2686; x_wconf 83' lang='lat' dir='ltr'>gl.)</span> <span class='ocrx_word' id='word_1_298' title='bbox 612 2646 674 2674; x_wconf 82' lang='lat' dir='ltr'>iam</span> <span class='ocrx_word' id='word_1_299' title='bbox 701 2648 760 2674; x_wconf 82' lang='lat' dir='ltr'>ete.</span> <span class='ocrx_word' id='word_1_300' title='bbox 787 2643 947 2682; x_wconf 80' lang='lat' dir='ltr'>absterget</span> <span class='ocrx_word' id='word_1_301' title='bbox 971 2642 1137 2685; x_wconf 51' lang='lat' dir='ltr'>⁸ffimffiCQ.</span> <span class='ocrx_word' id='word_1_302' title='bbox 1164 2646 1307 2680; x_wconf 64' lang='lat' dir='ltr'>emerget</span> <span class='ocrx_word' id='word_1_303' title='bbox 1332 2651 1373 2671; x_wconf 84' lang='lat' dir='ltr'>va</span> <span class='ocrx_word' id='word_1_304' title='bbox 1398 2641 1545 2682; x_wconf 87' lang='lat' dir='ltr'>(Petron.</span> <span class='ocrx_word' id='word_1_305' title='bbox 1567 2642 1613 2680; x_wconf 87' lang='grc'>6).</span> <span class='ocrx_word' id='word_1_306' title='bbox 1641 2641 1725 2671; x_wconf 83' lang='lat' dir='ltr'>conf.</span> <span class='ocrx_word' id='word_1_307' title='bbox 1753 2642 1870 2680; x_wconf 87' lang='lat' dir='ltr'>Porph.</span> 
     </span>
     <span class='ocr_line' id='line_1_35' title="bbox 44 2697 1870 2744; baseline -0.002 -12"><span class='ocrx_word' id='word_1_308' title='bbox 44 2700 79 2741; x_wconf 89' lang='lat'>5)</span> <span class='ocrx_word' id='word_1_309' title='bbox 105 2703 272 2733; x_wconf 77' lang='lat' dir='ltr'>oriundum</span> <span class='ocrx_word' id='word_1_310' title='bbox 295 2712 399 2744; x_wconf 70' lang='lat' dir='ltr'>·(‚1nva</span> <span class='ocrx_word' id='word_1_311' title='bbox 424 2701 607 2741; x_wconf 80' lang='lat' dir='ltr'>(cunnum).</span> <span class='ocrx_word' id='word_1_312' title='bbox 633 2701 703 2731; x_wconf 87' lang='lat' dir='ltr'>rell.</span> <span class='ocrx_word' id='word_1_313' title='bbox 731 2701 904 2730; x_wconf 76' lang='lat' dir='ltr'>oriundam.</span> <span class='ocrx_word' id='word_1_314' title='bbox 953 2700 1073 2729; x_wconf 83' lang='lat' dir='ltr'>Natum</span> <span class='ocrx_word' id='word_1_315' title='bbox 1104 2709 1132 2741; x_wconf 82' lang='grc' dir='ltr'>γ.</span> <span class='ocrx_word' id='word_1_316' title='bbox 1165 2699 1234 2728; x_wconf 87' lang='lat' dir='ltr'>rell.</span> <span class='ocrx_word' id='word_1_317' title='bbox 1269 2708 1330 2728; x_wconf 87' lang='lat' dir='ltr'>om.</span> <span class='ocrx_word' id='word_1_318' title='bbox 1395 2699 1429 2737; x_wconf 82' lang='grc'>6)</span> <span class='ocrx_word' id='word_1_319' title='bbox 1457 2697 1616 2727; x_wconf 83' lang='lat' dir='ltr'>ornatum</span> <span class='ocrx_word' id='word_1_320' title='bbox 1646 2707 1674 2739; x_wconf 78' lang='grc' dir='ltr'>γ.</span> <span class='ocrx_word' id='word_1_321' title='bbox 1709 2699 1776 2727; x_wconf 86' lang='lat' dir='ltr'>rell.</span> <span class='ocrx_word' id='word_1_322' title='bbox 1810 2709 1870 2728; x_wconf 86' lang='lat'>0111.</span> 
     </span>
     <span class='ocr_line' id='line_1_36' title="bbox 46 2755 1870 2801; baseline -0.003 -12"><span class='ocrx_word' id='word_1_323' title='bbox 46 2759 101 2796; x_wconf 87' lang='grc'>10)</span> <span class='ocrx_word' id='word_1_324' title='bbox 128 2760 154 2788; x_wconf 84' lang='lat' dir='ltr'>si</span> <span class='ocrx_word' id='word_1_325' title='bbox 179 2763 210 2788; x_wconf 74' lang='lat' dir='ltr'>tec</span> <span class='ocrx_word' id='word_1_326' title='bbox 235 2760 279 2789; x_wconf 83' lang='lat' dir='ltr'>sis</span> <span class='ocrx_word' id='word_1_327' title='bbox 304 2769 330 2801; x_wconf 85' lang='grc' dir='ltr'>γ.</span> <span class='ocrx_word' id='word_1_328' title='bbox 356 2759 425 2789; x_wconf 87' lang='lat' dir='ltr'>rell.</span> <span class='ocrx_word' id='word_1_329' title='bbox 453 2769 512 2788; x_wconf 90' lang='lat' dir='ltr'>om.</span> <span class='ocrx_word' id='word_1_330' title='bbox 538 2763 579 2788; x_wconf 76' lang='lat' dir='ltr'>tu.</span> <span class='ocrx_word' id='word_1_331' title='bbox 608 2775 646 2778; x_wconf 81' lang='lat'>—</span> <span class='ocrx_word' id='word_1_332' title='bbox 673 2757 735 2787; x_wconf 75' lang='lat' dir='ltr'>tuis</span> <span class='ocrx_word' id='word_1_333' title='bbox 759 2767 785 2799; x_wconf 78' lang='grc' dir='ltr'>γ.</span> <span class='ocrx_word' id='word_1_334' title='bbox 811 2757 879 2786; x_wconf 86' lang='lat' dir='ltr'>rell.</span> <span class='ocrx_word' id='word_1_335' title='bbox 905 2760 941 2786; x_wconf 88' lang='lat' dir='ltr'>tu</span> <span class='ocrx_word' id='word_1_336' title='bbox 966 2756 1018 2786; x_wconf 78' lang='lat' dir='ltr'>cis.</span> <span class='ocrx_word' id='word_1_337' title='bbox 1085 2755 1141 2795; x_wconf 83' lang='lat'>11)</span> <span class='ocrx_word' id='word_1_338' title='bbox 1168 2757 1303 2786; x_wconf 84' lang='lat' dir='ltr'>meliora</span> <span class='ocrx_word' id='word_1_339' title='bbox 1328 2773 1369 2776; x_wconf 83' lang='lat'>—</span> <span class='ocrx_word' id='word_1_340' title='bbox 1395 2756 1524 2784; x_wconf 71' lang='lat' dir='ltr'>estimas</span> <span class='ocrx_word' id='word_1_341' title='bbox 1550 2764 1576 2795; x_wconf 81' lang='grc' dir='ltr'>γ.</span> <span class='ocrx_word' id='word_1_342' title='bbox 1603 2755 1673 2783; x_wconf 85' lang='lat' dir='ltr'>rell.</span> <span class='ocrx_word' id='word_1_343' title='bbox 1701 2763 1762 2783; x_wconf 87' lang='lat' dir='ltr'>om.</span> <span class='ocrx_word' id='word_1_344' title='bbox 1814 2755 1870 2793; x_wconf 88' lang='lat'>13)</span> 
     </span>
     <span class='ocr_line' id='line_1_37' title="bbox 44 2809 1871 2855; baseline -0.003 -10"><span class='ocrx_word' id='word_1_345' title='bbox 44 2817 232 2854; x_wconf 83' lang='lat' dir='ltr'>quaesitam.</span> <span class='ocrx_word' id='word_1_346' title='bbox 258 2817 328 2846; x_wconf 86' lang='lat' dir='ltr'>rell.</span> <span class='ocrx_word' id='word_1_347' title='bbox 355 2815 550 2854; x_wconf 79' lang='lat' dir='ltr'>acquisitam.</span> <span class='ocrx_word' id='word_1_348' title='bbox 603 2814 657 2854; x_wconf 83' lang='lat'>15)</span> <span class='ocrx_word' id='word_1_349' title='bbox 683 2815 720 2843; x_wconf 79' lang='lat' dir='ltr'>Id</span> <span class='ocrx_word' id='word_1_350' title='bbox 746 2819 794 2844; x_wconf 83' lang='lat' dir='ltr'>est</span> <span class='ocrx_word' id='word_1_351' title='bbox 819 2824 879 2844; x_wconf 87' lang='lat' dir='ltr'>om.</span> <span class='ocrx_word' id='word_1_352' title='bbox 905 2823 930 2855; x_wconf 73' lang='grc' dir='ltr'>γ.</span> <span class='ocrx_word' id='word_1_353' title='bbox 982 2814 1037 2853; x_wconf 87' lang='grc'>16)</span> <span class='ocrx_word' id='word_1_354' title='bbox 1064 2813 1163 2842; x_wconf 80' lang='lat' dir='ltr'>schol.</span> <span class='ocrx_word' id='word_1_355' title='bbox 1189 2823 1249 2843; x_wconf 89' lang='lat' dir='ltr'>om.</span> <span class='ocrx_word' id='word_1_356' title='bbox 1274 2822 1301 2854; x_wconf 74' lang='grc' dir='ltr'>γ.</span> <span class='ocrx_word' id='word_1_357' title='bbox 1329 2813 1355 2841; x_wconf 80' lang='lat' dir='ltr'>si</span> <span class='ocrx_word' id='word_1_358' title='bbox 1378 2820 1451 2841; x_wconf 78' lang='lat' dir='ltr'>uero</span> <span class='ocrx_word' id='word_1_359' title='bbox 1475 2810 1521 2840; x_wconf 77' lang='lat' dir='ltr'>uis</span> <span class='ocrx_word' id='word_1_360' title='bbox 1544 2820 1626 2840; x_wconf 83' lang='lat' dir='ltr'>mva.</span> <span class='ocrx_word' id='word_1_361' title='bbox 1653 2809 1732 2848; x_wconf 88' lang='lat' dir='ltr'>(non</span> <span class='ocrx_word' id='word_1_362' title='bbox 1750 2811 1800 2840; x_wconf 81' lang='lat' dir='ltr'>uis</span> <span class='ocrx_word' id='word_1_363' title='bbox 1815 2810 1871 2850; x_wconf 90' lang='lat' dir='ltr'>G).</span> 
     </span>
     <span class='ocr_line' id='line_1_38' title="bbox 45 2866 1873 2911; baseline -0.003 -10"><span class='ocrx_word' id='word_1_364' title='bbox 45 2873 72 2901; x_wconf 87' lang='lat' dir='ltr'>si</span> <span class='ocrx_word' id='word_1_365' title='bbox 95 2881 154 2901; x_wconf 71' lang='lat' dir='ltr'>non</span> <span class='ocrx_word' id='word_1_366' title='bbox 177 2871 251 2901; x_wconf 76' lang='lat' dir='ltr'>uelis</span> <span class='ocrx_word' id='word_1_367' title='bbox 266 2872 334 2907; x_wconf 83' lang='lat' dir='ltr'><strong>th</strong></span> <span class='ocrx_word' id='word_1_368' title='bbox 362 2871 450 2910; x_wconf 76' lang='lat' dir='ltr'>(uelis</span> <span class='ocrx_word' id='word_1_369' title='bbox 467 2871 561 2910; x_wconf 89' lang='lat' dir='ltr'>Hor.)</span> <span class='ocrx_word' id='word_1_370' title='bbox 614 2870 670 2909; x_wconf 89' lang='grc'><strong>17)</strong></span> <span class='ocrx_word' id='word_1_371' title='bbox 697 2870 895 2899; x_wconf 83' lang='lat' dir='ltr'>meretricem</span> <span class='ocrx_word' id='word_1_372' title='bbox 910 2887 949 2891; x_wconf 89' lang='lat'>-—-</span> <span class='ocrx_word' id='word_1_373' title='bbox 965 2869 1082 2899; x_wconf 82' lang='lat' dir='ltr'>Licitis</span> <span class='ocrx_word' id='word_1_374' title='bbox 1106 2880 1133 2911; x_wconf 79' lang='grc' dir='ltr'>γ.</span> <span class='ocrx_word' id='word_1_375' title='bbox 1148 2869 1312 2909; x_wconf 65' lang='lat' dir='ltr'>fuyienda.</span> <span class='ocrx_word' id='word_1_376' title='bbox 1339 2868 1460 2897; x_wconf 80' lang='lat' dir='ltr'>Illicita</span> <span class='ocrx_word' id='word_1_377' title='bbox 1484 2866 1537 2908; x_wconf 71' lang='grc' dir='ltr'>γΟ,</span> <span class='ocrx_word' id='word_1_378' title='bbox 1565 2867 1619 2905; x_wconf 87' lang='lat' dir='ltr'>qui</span> <span class='ocrx_word' id='word_1_379' title='bbox 1645 2867 1752 2897; x_wconf 84' lang='lat' dir='ltr'>addit:</span> <span class='ocrx_word' id='word_1_380' title='bbox 1770 2876 1873 2906; x_wconf 72' lang='lat' dir='ltr'>nempe</span> 
     </span>
     <span class='ocr_line' id='line_1_39' title="bbox 44 2921 1872 2966; baseline -0.004 -7"><span class='ocrx_word' id='word_1_381' title='bbox 44 2930 254 2966; x_wconf 81' lang='lat' dir='ltr'>meretricem,</span> <span class='ocrx_word' id='word_1_382' title='bbox 280 2930 331 2958; x_wconf 89' lang='lat' dir='ltr'>uel</span> <span class='ocrx_word' id='word_1_383' title='bbox 357 2933 537 2959; x_wconf 79' lang='lat' dir='ltr'>matronam</span> <span class='ocrx_word' id='word_1_384' title='bbox 555 2927 874 2966; x_wconf 78' lang='lat' dir='ltr'>appete1·e.petendz&#39;s.</span> <span class='ocrx_word' id='word_1_385' title='bbox 891 2927 992 2957; x_wconf 87' lang='lat' dir='ltr'>licitis</span> <span class='ocrx_word' id='word_1_386' title='bbox 1010 2926 1044 2956; x_wconf 84' lang='lat' dir='ltr'>C.</span> <span class='ocrx_word' id='word_1_387' title='bbox 1064 2927 1133 2956; x_wconf 89' lang='lat' dir='ltr'>rell.</span> <span class='ocrx_word' id='word_1_388' title='bbox 1154 2936 1214 2956; x_wconf 89' lang='lat' dir='ltr'>om.</span> <span class='ocrx_word' id='word_1_389' title='bbox 1263 2926 1319 2964; x_wconf 72' lang='lat'>24)</span> <span class='ocrx_word' id='word_1_390' title='bbox 1337 2934 1397 2963; x_wconf 85' lang='lat' dir='ltr'>quo</span> <span class='ocrx_word' id='word_1_391' title='bbox 1421 2923 1563 2966; x_wconf 65' lang='lat' dir='ltr'>7,C1nva.</span> <span class='ocrx_word' id='word_1_392' title='bbox 1590 2922 1696 2961; x_wconf 81' lang='lat' dir='ltr'>quibus</span> <span class='ocrx_word' id='word_1_393' title='bbox 1709 2921 1872 2963; x_wconf 78' lang='lat' dir='ltr'>th(G‘.&gt;).</span> 
     </span>
     <span class='ocr_line' id='line_1_40' title="bbox 47 2979 1870 3026; baseline -0.003 -11"><span class='ocrx_word' id='word_1_394' title='bbox 47 2985 104 3025; x_wconf 82' lang='lat'>26)</span> <span class='ocrx_word' id='word_1_395' title='bbox 130 2984 249 3023; x_wconf 85' lang='lat' dir='ltr'>Capere</span> <span class='ocrx_word' id='word_1_396' title='bbox 274 2995 300 3026; x_wconf 72' lang='grc' dir='ltr'>γ,</span> <span class='ocrx_word' id='word_1_397' title='bbox 327 2995 387 3015; x_wconf 86' lang='lat' dir='ltr'>om.</span> <span class='ocrx_word' id='word_1_398' title='bbox 414 2995 482 3023; x_wconf 83' lang='lat' dir='ltr'>aeq.</span> <span class='ocrx_word' id='word_1_399' title='bbox 509 2995 592 3023; x_wconf 80' lang='lat' dir='ltr'>pere.</span> <span class='ocrx_word' id='word_1_400' title='bbox 659 2985 716 3023; x_wconf 75' lang='grc'>27)</span> <span class='ocrx_word' id='word_1_401' title='bbox 741 2985 790 3013; x_wconf 74' lang='lat' dir='ltr'>Ea·</span> <span class='ocrx_word' id='word_1_402' title='bbox 813 2993 856 3013; x_wconf 73' lang='lat' dir='ltr'>re.</span> <span class='ocrx_word' id='word_1_403' title='bbox 885 2993 926 3013; x_wconf 84' lang='lat' dir='ltr'>ex</span> <span class='ocrx_word' id='word_1_404' title='bbox 952 2985 1027 3021; x_wconf 87' lang='lat' dir='ltr'>imp.</span> <span class='ocrx_word' id='word_1_405' title='bbox 1053 2993 1080 3025; x_wconf 76' lang='grc' dir='ltr'>γ.</span> <span class='ocrx_word' id='word_1_406' title='bbox 1105 2984 1174 3013; x_wconf 86' lang='lat' dir='ltr'>rell.</span> <span class='ocrx_word' id='word_1_407' title='bbox 1202 2992 1263 3012; x_wconf 82' lang='lat'>0111.</span> <span class='ocrx_word' id='word_1_408' title='bbox 1314 2982 1367 3010; x_wconf 81' lang='lat' dir='ltr'>Ex</span> <span class='ocrx_word' id='word_1_409' title='bbox 1392 2980 1478 3010; x_wconf 71' lang='lat' dir='ltr'>coitu.</span> <span class='ocrx_word' id='word_1_410' title='bbox 1511 2980 1582 3018; x_wconf 83' lang='lat' dir='ltr'>plus</span> <span class='ocrx_word' id='word_1_411' title='bbox 1615 2979 1691 3009; x_wconf 80' lang='lat' dir='ltr'>enim</span> <span class='ocrx_word' id='word_1_412' title='bbox 1722 2980 1798 3009; x_wconf 85' lang='lat' dir='ltr'>mali</span> <span class='ocrx_word' id='word_1_413' title='bbox 1834 2980 1870 3009; x_wconf 90' lang='lat' dir='ltr'>C.</span> 
     </span>
     <span class='ocr_line' id='line_1_41' title="bbox 47 3032 1870 3081; baseline -0.003 -10"><span class='ocrx_word' id='word_1_414' title='bbox 47 3041 104 3081; x_wconf 83' lang='lat'>29)</span> <span class='ocrx_word' id='word_1_415' title='bbox 131 3059 171 3062; x_wconf 85' lang='lat'>-—</span> <span class='ocrx_word' id='word_1_416' title='bbox 196 3042 317 3072; x_wconf 79' lang='lat' dir='ltr'>fructus</span> <span class='ocrx_word' id='word_1_417' title='bbox 342 3045 369 3071; x_wconf 77' lang='lat' dir='ltr'>et</span> <span class='ocrx_word' id='word_1_418' title='bbox 390 3041 584 3071; x_wconf 72' lang='lat' dir='ltr'>iucunditatis</span> <span class='ocrx_word' id='word_1_419' title='bbox 609 3050 645 3070; x_wconf 72' lang='lat' dir='ltr'>etc</span> <span class='ocrx_word' id='word_1_420' title='bbox 669 3050 770 3070; x_wconf 76' lang='lat' dir='ltr'>amore</span> <span class='ocrx_word' id='word_1_421' title='bbox 796 3040 831 3070; x_wconf 82' lang='lat' dir='ltr'>C.</span> <span class='ocrx_word' id='word_1_422' title='bbox 897 3032 963 3080; x_wconf 62' lang='lat'>305</span> <span class='ocrx_word' id='word_1_423' title='bbox 981 3040 1136 3071; x_wconf 76' lang='lat' dir='ltr'>Ostendit</span> <span class='ocrx_word' id='word_1_424' title='bbox 1163 3057 1202 3060; x_wconf 25' lang='lat' dir='ltr'><em>Q</em></span> <span class='ocrx_word' id='word_1_425' title='bbox 1229 3042 1347 3068; x_wconf 86' lang='lat' dir='ltr'>natura</span> <span class='ocrx_word' id='word_1_426' title='bbox 1379 3035 1479 3076; x_wconf 87' lang='lat' dir='ltr'>(th)</span> <span class='ocrx_word' id='word_1_427' title='bbox 1505 3046 1567 3066; x_wconf 88' lang='lat' dir='ltr'>om.</span> <span class='ocrx_word' id='word_1_428' title='bbox 1595 3035 1746 3073; x_wconf 79' lang='lat' dir='ltr'>G,mvaC.</span> <span class='ocrx_word' id='word_1_429' title='bbox 1772 3045 1790 3078; x_wconf 80' lang='grc' dir='ltr'>γ</span> <span class='ocrx_word' id='word_1_430' title='bbox 1815 3046 1870 3065; x_wconf 81' lang='lat' dir='ltr'>ex-</span> 
     </span>
     <span class='ocr_line' id='line_1_42' title="bbox 45 3098 685 3136; baseline -0.002 -8"><span class='ocrx_word' id='word_1_431' title='bbox 45 3102 146 3129; x_wconf 87' lang='lat' dir='ltr'>tremo</span> <span class='ocrx_word' id='word_1_432' title='bbox 172 3099 293 3129; x_wconf 82' lang='lat' dir='ltr'>scholio</span> <span class='ocrx_word' id='word_1_433' title='bbox 318 3099 402 3128; x_wconf 84' lang='lat' dir='ltr'>hanc</span> <span class='ocrx_word' id='word_1_434' title='bbox 427 3101 550 3136; x_wconf 83' lang='lat' dir='ltr'>partem</span> <span class='ocrx_word' id='word_1_435' title='bbox 575 3098 685 3127; x_wconf 84' lang='lat' dir='ltr'>habet.</span> 
     </span>
    </p>

    <p class='ocr_par' dir='ltr' id='par_1_17' title="bbox 180 3162 652 3189">
     <span class='ocr_line' id='line_1_43' title="bbox 180 3162 652 3189; baseline -0.004 -5"><span class='ocrx_word' id='word_1_436' title='bbox 180 3163 337 3189; x_wconf 36' lang='lat' dir='ltr'>naurHAL,</span> <span class='ocrx_word' id='word_1_437' title='bbox 354 3163 422 3184; x_wconf 61' lang='grc' dir='ltr'>ΑΕΒ.</span> <span class='ocrx_word' id='word_1_438' title='bbox 438 3163 477 3183; x_wconf 80' lang='lat' dir='ltr'>ET</span> <span class='ocrx_word' id='word_1_439' title='bbox 494 3162 608 3184; x_wconf 76' lang='lat' dir='ltr'>PORPH.</span> <span class='ocrx_word' id='word_1_440' title='bbox 624 3162 652 3183; x_wconf 90' lang='lat'>11.</span> 
     </span>
    </p>
   </div>
   <div class='ocr_carea' id='block_1_4' title="bbox 1898 894 1937 926">
    <p class='ocr_par' dir='ltr' id='par_1_18' title="bbox 1898 894 1937 926">
     <span class='ocr_line' id='line_1_44' title="bbox 1898 894 1937 926; baseline 0.026 -1"><span class='ocrx_word' id='word_1_441' title='bbox 1898 894 1937 926; x_wconf 91' lang='grc'>10</span> 
     </span>
    </p>
   </div>
   <div class='ocr_carea' id='block_1_5' title="bbox 1896 1261 1936 1292">
    <p class='ocr_par' dir='ltr' id='par_1_19' title="bbox 1896 1261 1936 1292">
     <span class='ocr_line' id='line_1_45' title="bbox 1896 1261 1936 1292; baseline -0.025 0"><span class='ocrx_word' id='word_1_442' title='bbox 1896 1261 1936 1292; x_wconf 87' lang='grc'>15</span> 
     </span>
    </p>
   </div>
   <div class='ocr_carea' id='block_1_6' title="bbox 1896 2356 1937 2387">
    <p class='ocr_par' dir='ltr' id='par_1_20' title="bbox 1896 2356 1937 2387">
     <span class='ocr_line' id='line_1_46' title="bbox 1896 2356 1937 2387; baseline 0 0"><span class='ocrx_word' id='word_1_443' title='bbox 1896 2356 1937 2387; x_wconf 90' lang='lat'>30</span> 
     </span>
    </p>
   </div>
  </div>
 </body>
</html>
