<?xml version="1.0" encoding="UTF-8"?>
<!DOCTYPE html PUBLIC "-//W3C//DTD XHTML 1.0 Transitional//EN"
    "http://www.w3.org/TR/xhtml1/DTD/xhtml1-transitional.dtd">
<html xmlns="http://www.w3.org/1999/xhtml" xml:lang="en" lang="en">
 <head>
  <title>
</title>
<meta http-equiv="Content-Type" content="text/html;charset=utf-8" />
  <meta name='ocr-system' content='tesseract 3.04.00' />
  <meta name='ocr-capabilities' content='ocr_page ocr_carea ocr_par ocr_line ocrx_word'/>
</head>
<body>
  <div class='ocr_page' id='page_1' title='image "acronisetporphyr02pseuuoft_0213.png"; bbox 0 0 2148 3412; ppageno 0'>
   <div class='ocr_carea' id='block_1_1' title="bbox 21 867 26 1609">
    <p class='ocr_par' dir='ltr' id='par_1_1' title="bbox 21 867 26 1609">
     <span class='ocr_line' id='line_1_1' title="bbox 21 867 26 1609; baseline 0 0"><span class='ocrx_word' id='word_1_1' title='bbox 21 867 26 1609; x_wconf 95' lang='lat' dir='ltr'> </span> 
     </span>
    </p>
   </div>
   <div class='ocr_carea' id='block_1_2' title="bbox 800 111 1887 152">
    <p class='ocr_par' dir='ltr' id='par_1_2' title="bbox 800 111 1887 152">
     <span class='ocr_line' id='line_1_2' title="bbox 800 111 1887 152; baseline -0.001 -1"><span class='ocrx_word' id='word_1_2' title='bbox 800 120 847 151; x_wconf 80' lang='lat' dir='ltr'>IN</span> <span class='ocrx_word' id='word_1_3' title='bbox 875 119 1010 152; x_wconf 76' lang='lat' dir='ltr'>snRM.</span> <span class='ocrx_word' id='word_1_4' title='bbox 1037 120 1081 151; x_wconf 87' lang='lat'>11.</span> <span class='ocrx_word' id='word_1_5' title='bbox 1107 124 1138 152; x_wconf 76' lang='lat'>2.</span> <span class='ocrx_word' id='word_1_6' title='bbox 1808 111 1887 150; x_wconf 81' lang='lat'>205</span> 
     </span>
    </p>
   </div>
   <div class='ocr_carea' id='block_1_3' title="bbox 62 241 1893 1475">
    <p class='ocr_par' dir='ltr' id='par_1_3' title="bbox 62 241 1889 376">
     <span class='ocr_line' id='line_1_3' title="bbox 62 241 1889 300; baseline 0 -13"><span class='ocrx_word' id='word_1_7' title='bbox 62 244 234 300; x_wconf 84' lang='lat' dir='ltr'>inplere.</span> <span class='ocrx_word' id='word_1_8' title='bbox 307 241 410 284; x_wconf 89' lang='lat' dir='ltr'>Ideo</span> <span class='ocrx_word' id='word_1_9' title='bbox 442 249 482 285; x_wconf 86' lang='lat' dir='ltr'>et</span> <span class='ocrx_word' id='word_1_10' title='bbox 519 242 598 285; x_wconf 89' lang='lat' dir='ltr'>iste</span> <span class='ocrx_word' id='word_1_11' title='bbox 637 243 697 285; x_wconf 89' lang='lat' dir='ltr'>sic</span> <span class='ocrx_word' id='word_1_12' title='bbox 729 243 878 292; x_wconf 88' lang='lat' dir='ltr'>dictus,</span> <span class='ocrx_word' id='word_1_13' title='bbox 925 244 1024 298; x_wconf 82' lang='lat' dir='ltr'>quia</span> <span class='ocrx_word' id='word_1_14' title='bbox 1061 251 1217 285; x_wconf 83' lang='lat' dir='ltr'>sectam</span> <span class='ocrx_word' id='word_1_15' title='bbox 1256 242 1444 286; x_wconf 86' lang='lat' dir='ltr'>Stoicam</span> <span class='ocrx_word' id='word_1_16' title='bbox 1481 245 1697 300; x_wconf 82' lang='lat' dir='ltr'>ingressus</span> <span class='ocrx_word' id='word_1_17' title='bbox 1727 244 1889 300; x_wconf 88' lang='lat' dir='ltr'>inplere</span> 
     </span>
     <span class='ocr_line' id='line_1_4' title="bbox 63 314 1562 376; baseline 0.001 -17"><span class='ocrx_word' id='word_1_18' title='bbox 63 333 143 361; x_wconf 89' lang='lat' dir='ltr'>non</span> <span class='ocrx_word' id='word_1_19' title='bbox 172 315 317 372; x_wconf 90' lang='lat' dir='ltr'>potuit.</span> <span class='ocrx_word' id='word_1_20' title='bbox 379 314 533 372; x_wconf 85' lang='lat' dir='ltr'>[Stoici</span> <span class='ocrx_word' id='word_1_21' title='bbox 564 324 704 358; x_wconf 83' lang='lat' dir='ltr'>autem</span> <span class='ocrx_word' id='word_1_22' title='bbox 734 317 876 358; x_wconf 87' lang='lat' dir='ltr'>omnia</span> <span class='ocrx_word' id='word_1_23' title='bbox 906 325 1081 373; x_wconf 88' lang='lat' dir='ltr'>peccata</span> <span class='ocrx_word' id='word_1_24' title='bbox 1111 317 1232 372; x_wconf 88' lang='lat' dir='ltr'>paria</span> <span class='ocrx_word' id='word_1_25' title='bbox 1263 332 1352 359; x_wconf 87' lang='lat' dir='ltr'>esse</span> <span class='ocrx_word' id='word_1_26' title='bbox 1383 317 1562 376; x_wconf 66' lang='lat' dir='ltr'>dicunt]</span> 
     </span>
    </p>

    <p class='ocr_par' dir='ltr' id='par_1_4' title="bbox 63 388 1886 517">
     <span class='ocr_line' id='line_1_5' title="bbox 171 388 1886 445; baseline 0.002 -14"><span class='ocrx_word' id='word_1_27' title='bbox 171 392 208 431; x_wconf 88' lang='lat'>4.</span> <span class='ocrx_word' id='word_1_28' title='bbox 240 390 400 431; x_wconf 73' lang='lat' dir='ltr'>Discite.</span> <span class='ocrx_word' id='word_1_29' title='bbox 460 388 581 431; x_wconf 90' lang='lat' dir='ltr'>Ordo</span> <span class='ocrx_word' id='word_1_30' title='bbox 613 397 692 432; x_wconf 87' lang='lat' dir='ltr'>est:</span> <span class='ocrx_word' id='word_1_31' title='bbox 728 389 851 443; x_wconf 87' lang='lat' dir='ltr'>Quae</span> <span class='ocrx_word' id='word_1_32' title='bbox 883 390 1016 432; x_wconf 91' lang='lat' dir='ltr'>uirtus</span> <span class='ocrx_word' id='word_1_33' title='bbox 1047 390 1112 440; x_wconf 90' lang='lat' dir='ltr'>sit,</span> <span class='ocrx_word' id='word_1_34' title='bbox 1144 405 1277 445; x_wconf 88' lang='lat' dir='ltr'>paruo</span> <span class='ocrx_word' id='word_1_35' title='bbox 1308 390 1468 441; x_wconf 88' lang='lat' dir='ltr'>uiuere,</span> <span class='ocrx_word' id='word_1_36' title='bbox 1501 391 1662 434; x_wconf 77' lang='lat' dir='ltr'>discite.</span> <span class='ocrx_word' id='word_1_37' title='bbox 1722 391 1774 433; x_wconf 85' lang='lat' dir='ltr'>Id</span> <span class='ocrx_word' id='word_1_38' title='bbox 1804 399 1886 434; x_wconf 86' lang='lat' dir='ltr'>est:</span> 
     </span>
     <span class='ocr_line' id='line_1_6' title="bbox 63 463 1306 517; baseline -0.002 -9"><span class='ocrx_word' id='word_1_39' title='bbox 63 464 187 508; x_wconf 89' lang='lat' dir='ltr'>nolite</span> <span class='ocrx_word' id='word_1_40' title='bbox 216 463 325 504; x_wconf 89' lang='lat' dir='ltr'>inter</span> <span class='ocrx_word' id='word_1_41' title='bbox 355 463 500 517; x_wconf 82' lang='lat' dir='ltr'>epulas</span> <span class='ocrx_word' id='word_1_42' title='bbox 531 463 583 504; x_wconf 87' lang='lat' dir='ltr'>de</span> <span class='ocrx_word' id='word_1_43' title='bbox 613 464 915 505; x_wconf 79' lang='lat' dir='ltr'>mediocritatis</span> <span class='ocrx_word' id='word_1_44' title='bbox 947 463 1056 505; x_wconf 90' lang='lat' dir='ltr'>bono</span> <span class='ocrx_word' id='word_1_45' title='bbox 1088 463 1306 505; x_wconf 82' lang='lat' dir='ltr'>disserere.</span> 
     </span>
    </p>

    <p class='ocr_par' dir='ltr' id='par_1_5' title="bbox 171 535 1832 595">
     <span class='ocr_line' id='line_1_7' title="bbox 171 535 1832 595; baseline 0.002 -18"><span class='ocrx_word' id='word_1_46' title='bbox 171 539 209 577; x_wconf 86' lang='lat'>4.</span> <span class='ocrx_word' id='word_1_47' title='bbox 239 551 320 578; x_wconf 75' lang='lat' dir='ltr'>non</span> <span class='ocrx_word' id='word_1_48' title='bbox 350 538 453 578; x_wconf 77' lang='lat' dir='ltr'>inter</span> <span class='ocrx_word' id='word_1_49' title='bbox 484 538 630 578; x_wconf 74' lang='lat' dir='ltr'>lances.</span> <span class='ocrx_word' id='word_1_50' title='bbox 692 535 901 594; x_wconf 65' lang='lat' dir='ltr'>[Diseos]</span> <span class='ocrx_word' id='word_1_51' title='bbox 935 537 1063 588; x_wconf 83' lang='lat' dir='ltr'>Vasa,</span> <span class='ocrx_word' id='word_1_52' title='bbox 1095 537 1139 578; x_wconf 95' lang='lat' dir='ltr'>id</span> <span class='ocrx_word' id='word_1_53' title='bbox 1169 544 1243 588; x_wconf 90' lang='lat' dir='ltr'>est,</span> <span class='ocrx_word' id='word_1_54' title='bbox 1276 553 1360 580; x_wconf 92' lang='lat' dir='ltr'>non</span> <span class='ocrx_word' id='word_1_55' title='bbox 1391 538 1581 581; x_wconf 83' lang='lat' dir='ltr'>luxuriae</span> <span class='ocrx_word' id='word_1_56' title='bbox 1613 547 1832 595; x_wconf 83' lang='lat' dir='ltr'>apparatu.</span> 
     </span>
    </p>

    <p class='ocr_par' dir='ltr' id='par_1_6' title="bbox 62 610 1891 813">
     <span class='ocr_line' id='line_1_8' title="bbox 172 610 1890 667; baseline 0.002 -16"><span class='ocrx_word' id='word_1_57' title='bbox 172 624 404 666; x_wconf 81' lang='lat' dir='ltr'>mensasque</span> <span class='ocrx_word' id='word_1_58' title='bbox 434 612 605 652; x_wconf 69' lang='lat' dir='ltr'>nitentis.</span> <span class='ocrx_word' id='word_1_59' title='bbox 667 610 738 667; x_wconf 85' lang='lat' dir='ltr'>[Id</span> <span class='ocrx_word' id='word_1_60' title='bbox 768 618 842 661; x_wconf 88' lang='lat' dir='ltr'>est,</span> <span class='ocrx_word' id='word_1_61' title='bbox 887 626 970 653; x_wconf 90' lang='lat' dir='ltr'>non</span> <span class='ocrx_word' id='word_1_62' title='bbox 1002 610 1046 652; x_wconf 91' lang='lat' dir='ltr'>in</span> <span class='ocrx_word' id='word_1_63' title='bbox 1076 611 1271 653; x_wconf 83' lang='lat' dir='ltr'>luxuriae</span> <span class='ocrx_word' id='word_1_64' title='bbox 1308 620 1516 667; x_wconf 86' lang='lat' dir='ltr'>apparatu</span> <span class='ocrx_word' id='word_1_65' title='bbox 1526 629 1536 662; x_wconf 82' lang='lat'><em>3</em></span> <span class='ocrx_word' id='word_1_66' title='bbox 1582 615 1748 656; x_wconf 72' lang='lat' dir='ltr'>nitentes</span> <span class='ocrx_word' id='word_1_67' title='bbox 1778 613 1890 655; x_wconf 90' lang='lat' dir='ltr'>enim</span> 
     </span>
     <span class='ocr_line' id='line_1_9' title="bbox 62 683 1891 742; baseline 0.001 -16"><span class='ocrx_word' id='word_1_68' title='bbox 62 691 132 726; x_wconf 84' lang='lat' dir='ltr'>aut</span> <span class='ocrx_word' id='word_1_69' title='bbox 172 689 347 739; x_wconf 85' lang='lat' dir='ltr'>argento</span> <span class='ocrx_word' id='word_1_70' title='bbox 392 683 511 734; x_wconf 82' lang='lat' dir='ltr'>dixit,</span> <span class='ocrx_word' id='word_1_71' title='bbox 559 692 627 725; x_wconf 83' lang='lat' dir='ltr'>aut</span> <span class='ocrx_word' id='word_1_72' title='bbox 672 684 914 741; x_wconf 66' lang='lat' dir='ltr'>apparatu]</span> <span class='ocrx_word' id='word_1_73' title='bbox 989 683 1079 726; x_wconf 89' lang='lat' dir='ltr'>Aut</span> <span class='ocrx_word' id='word_1_74' title='bbox 1108 693 1299 742; x_wconf 24' lang='lat' dir='ltr'>*argento</span> <span class='ocrx_word' id='word_1_75' title='bbox 1344 685 1537 737; x_wconf 84' lang='lat' dir='ltr'>nitentes,</span> <span class='ocrx_word' id='word_1_76' title='bbox 1583 695 1654 728; x_wconf 85' lang='lat' dir='ltr'>aut</span> <span class='ocrx_word' id='word_1_77' title='bbox 1699 687 1891 728; x_wconf 85' lang='lat' dir='ltr'>luxuriae</span> 
     </span>
     <span class='ocr_line' id='line_1_10' title="bbox 65 764 279 813; baseline -0.009 -14"><span class='ocrx_word' id='word_1_78' title='bbox 65 764 279 813; x_wconf 85' lang='lat' dir='ltr'>apparatu.</span> 
     </span>
    </p>

    <p class='ocr_par' dir='ltr' id='par_1_7' title="bbox 173 829 854 885">
     <span class='ocr_line' id='line_1_11' title="bbox 173 829 854 885; baseline -0.001 -12"><span class='ocrx_word' id='word_1_79' title='bbox 173 831 210 873; x_wconf 83' lang='lat'>5.</span> <span class='ocrx_word' id='word_1_80' title='bbox 243 829 352 871; x_wconf 83' lang='lat' dir='ltr'>Cum.</span> <span class='ocrx_word' id='word_1_81' title='bbox 413 829 610 882; x_wconf 78' lang='lat' dir='ltr'>Quando,</span> <span class='ocrx_word' id='word_1_82' title='bbox 644 830 711 872; x_wconf 92' lang='lat' dir='ltr'>uel</span> <span class='ocrx_word' id='word_1_83' title='bbox 743 831 854 885; x_wconf 87' lang='lat' dir='ltr'>quia.</span> 
     </span>
    </p>

    <p class='ocr_par' dir='ltr' id='par_1_8' title="bbox 169 902 1154 961">
     <span class='ocr_line' id='line_1_12' title="bbox 169 902 1154 961; baseline 0.001 -16"><span class='ocrx_word' id='word_1_84' title='bbox 169 905 333 946; x_wconf 68' lang='lat' dir='ltr'>insanis.</span> <span class='ocrx_word' id='word_1_85' title='bbox 391 902 480 945; x_wconf 87' lang='lat' dir='ltr'>Aut</span> <span class='ocrx_word' id='word_1_86' title='bbox 511 904 679 959; x_wconf 89' lang='lat' dir='ltr'>ineptis,</span> <span class='ocrx_word' id='word_1_87' title='bbox 716 912 787 945; x_wconf 88' lang='lat' dir='ltr'>aut</span> <span class='ocrx_word' id='word_1_88' title='bbox 818 904 943 947; x_wconf 88' lang='lat' dir='ltr'>nimis</span> <span class='ocrx_word' id='word_1_89' title='bbox 974 906 1154 961; x_wconf 82' lang='lat' dir='ltr'>magnis.</span> 
     </span>
    </p>

    <p class='ocr_par' dir='ltr' id='par_1_9' title="bbox 178 976 980 1020">
     <span class='ocr_line' id='line_1_13' title="bbox 178 976 980 1020; baseline 0 -1"><span class='ocrx_word' id='word_1_90' title='bbox 178 980 289 1020; x_wconf 75' lang='lat' dir='ltr'>acies.</span> <span class='ocrx_word' id='word_1_91' title='bbox 348 976 438 1019; x_wconf 84' lang='lat' dir='ltr'>Aut</span> <span class='ocrx_word' id='word_1_92' title='bbox 468 977 684 1019; x_wconf 88' lang='lat' dir='ltr'>oculorum</span> <span class='ocrx_word' id='word_1_93' title='bbox 716 986 787 1019; x_wconf 87' lang='lat' dir='ltr'>aut</span> <span class='ocrx_word' id='word_1_94' title='bbox 817 978 980 1020; x_wconf 89' lang='lat' dir='ltr'>mentis.</span> 
     </span>
    </p>

    <p class='ocr_par' dir='ltr' id='par_1_10' title="bbox 171 1050 1165 1109">
     <span class='ocr_line' id='line_1_14' title="bbox 171 1050 1165 1109; baseline 0.002 -17"><span class='ocrx_word' id='word_1_95' title='bbox 171 1052 408 1106; x_wconf 68' lang='lat' dir='ltr'>stclyot·1&#39;btcs.</span> <span class='ocrx_word' id='word_1_96' title='bbox 471 1050 713 1109; x_wconf 85' lang='lat' dir='ltr'>[Vasorum]</span> <span class='ocrx_word' id='word_1_97' title='bbox 746 1051 857 1093; x_wconf 86' lang='lat' dir='ltr'>Auri</span> <span class='ocrx_word' id='word_1_98' title='bbox 888 1053 955 1094; x_wconf 91' lang='lat' dir='ltr'>uel</span> <span class='ocrx_word' id='word_1_99' title='bbox 987 1054 1165 1108; x_wconf 81' lang='lat' dir='ltr'>argenti.</span> 
     </span>
    </p>

    <p class='ocr_par' dir='ltr' id='par_1_11' title="bbox 173 1124 956 1175">
     <span class='ocr_line' id='line_1_15' title="bbox 173 1124 956 1175; baseline 0.001 -9"><span class='ocrx_word' id='word_1_100' title='bbox 173 1126 209 1166; x_wconf 82' lang='lat' dir='ltr'>ss.</span> <span class='ocrx_word' id='word_1_101' title='bbox 238 1124 432 1167; x_wconf 71' lang='lat' dir='ltr'>Adelc&#39;nis.</span> <span class='ocrx_word' id='word_1_102' title='bbox 489 1124 737 1175; x_wconf 87' lang='lat' dir='ltr'>Inclinatus‚</span> <span class='ocrx_word' id='word_1_103' title='bbox 776 1125 956 1167; x_wconf 91' lang='lat' dir='ltr'>deditus.</span> 
     </span>
    </p>

    <p class='ocr_par' dir='ltr' id='par_1_12' title="bbox 171 1198 1281 1254">
     <span class='ocr_line' id='line_1_16' title="bbox 171 1198 1281 1254; baseline 0.003 -15"><span class='ocrx_word' id='word_1_104' title='bbox 171 1199 301 1253; x_wconf 74' lang='lat' dir='ltr'>falsis.</span> <span class='ocrx_word' id='word_1_105' title='bbox 333 1213 398 1239; x_wconf 77' lang='grc' dir='ltr'>αη.</span> <span class='ocrx_word' id='word_1_106' title='bbox 431 1200 517 1240; x_wconf 85' lang='lat' dir='ltr'>mel.</span> <span class='ocrx_word' id='word_1_107' title='bbox 549 1214 627 1240; x_wconf 76' lang='lat' dir='ltr'>ree.</span> <span class='ocrx_word' id='word_1_108' title='bbox 689 1198 739 1239; x_wconf 88' lang='lat' dir='ltr'>Id</span> <span class='ocrx_word' id='word_1_109' title='bbox 769 1206 843 1249; x_wconf 89' lang='lat' dir='ltr'>est,</span> <span class='ocrx_word' id='word_1_110' title='bbox 875 1200 1049 1254; x_wconf 91' lang='lat' dir='ltr'>pronior</span> <span class='ocrx_word' id='word_1_111' title='bbox 1079 1200 1133 1241; x_wconf 85' lang='lat' dir='ltr'>ad</span> <span class='ocrx_word' id='word_1_112' title='bbox 1163 1200 1281 1242; x_wconf 82' lang='lat' dir='ltr'>falsa.</span> 
     </span>
    </p>

    <p class='ocr_par' dir='ltr' id='par_1_13' title="bbox 173 1271 1600 1329">
     <span class='ocr_line' id='line_1_17' title="bbox 173 1271 1600 1329; baseline 0.003 -16"><span class='ocrx_word' id='word_1_113' title='bbox 173 1273 350 1314; x_wconf 71' lang='lat' dir='ltr'>meliora.</span> <span class='ocrx_word' id='word_1_114' title='bbox 414 1271 591 1329; x_wconf 85' lang='lat' dir='ltr'>[Veram</span> <span class='ocrx_word' id='word_1_115' title='bbox 622 1272 853 1329; x_wconf 72' lang='lat' dir='ltr'>uirtutem]</span> <span class='ocrx_word' id='word_1_116' title='bbox 914 1272 965 1313; x_wconf 91' lang='lat' dir='ltr'>Id</span> <span class='ocrx_word' id='word_1_117' title='bbox 996 1280 1069 1323; x_wconf 87' lang='lat' dir='ltr'>est,</span> <span class='ocrx_word' id='word_1_118' title='bbox 1102 1273 1285 1316; x_wconf 89' lang='lat' dir='ltr'>rationes</span> <span class='ocrx_word' id='word_1_119' title='bbox 1316 1274 1600 1329; x_wconf 87' lang='lat' dir='ltr'>prudentium.</span> 
     </span>
    </p>

    <p class='ocr_par' dir='ltr' id='par_1_14' title="bbox 63 1344 1893 1475">
     <span class='ocr_line' id='line_1_18' title="bbox 173 1344 1889 1404; baseline 0.003 -17"><span class='ocrx_word' id='word_1_120' title='bbox 173 1345 384 1402; x_wconf 59' lang='lat' dir='ltr'>[remman]</span> <span class='ocrx_word' id='word_1_121' title='bbox 444 1344 496 1386; x_wconf 85' lang='lat' dir='ltr'>Id</span> <span class='ocrx_word' id='word_1_122' title='bbox 528 1352 610 1387; x_wconf 85' lang='lat' dir='ltr'>est:</span> <span class='ocrx_word' id='word_1_123' title='bbox 644 1346 815 1400; x_wconf 85' lang='lat' dir='ltr'>quando</span> <span class='ocrx_word' id='word_1_124' title='bbox 847 1346 1028 1388; x_wconf 87' lang='lat' dir='ltr'>auaritia</span> <span class='ocrx_word' id='word_1_125' title='bbox 1051 1354 1246 1388; x_wconf 79' lang='lat' dir='ltr'>caecatur</span> <span class='ocrx_word' id='word_1_126' title='bbox 1276 1348 1428 1390; x_wconf 89' lang='lat' dir='ltr'>mentis</span> <span class='ocrx_word' id='word_1_127' title='bbox 1460 1349 1693 1404; x_wconf 83' lang='lat' dir='ltr'>integritas.</span> <span class='ocrx_word' id='word_1_128' title='bbox 1755 1350 1889 1401; x_wconf 82' lang='lat' dir='ltr'>Dicit,</span> 
     </span>
     <span class='ocr_line' id='line_1_19' title="bbox 63 1419 1893 1475; baseline 0.002 -14"><span class='ocrx_word' id='word_1_129' title='bbox 63 1434 145 1462; x_wconf 89' lang='lat' dir='ltr'>non</span> <span class='ocrx_word' id='word_1_130' title='bbox 173 1433 262 1461; x_wconf 85' lang='lat' dir='ltr'>esse</span> <span class='ocrx_word' id='word_1_131' title='bbox 293 1419 563 1475; x_wconf 82' lang='lat' dir='ltr'>prudentiam</span> <span class='ocrx_word' id='word_1_132' title='bbox 595 1419 882 1474; x_wconf 87' lang='lat' dir='ltr'>quaerendam</span> <span class='ocrx_word' id='word_1_133' title='bbox 902 1420 1012 1461; x_wconf 90' lang='lat' dir='ltr'>inter</span> <span class='ocrx_word' id='word_1_134' title='bbox 1033 1420 1211 1462; x_wconf 88' lang='lat' dir='ltr'>diuitum</span> <span class='ocrx_word' id='word_1_135' title='bbox 1232 1435 1412 1472; x_wconf 84' lang='lat' dir='ltr'>mensas,</span> <span class='ocrx_word' id='word_1_136' title='bbox 1445 1436 1539 1463; x_wconf 86' lang='lat' dir='ltr'>cum</span> <span class='ocrx_word' id='word_1_137' title='bbox 1572 1423 1738 1465; x_wconf 86' lang='lat' dir='ltr'>animus</span> <span class='ocrx_word' id='word_1_138' title='bbox 1769 1439 1893 1465; x_wconf 87' lang='lat' dir='ltr'>auer-</span> 
     </span>
    </p>
   </div>
   <div class='ocr_carea' id='block_1_4' title="bbox 21 1493 1350 1551">
    <p class='ocr_par' dir='ltr' id='par_1_15' title="bbox 21 1493 1350 1551">
     <span class='ocr_line' id='line_1_20' title="bbox 21 1493 1350 1551; baseline 0.002 -17"><span class='ocrx_word' id='word_1_139' title='bbox 21 1501 24 1543; x_wconf 69' lang='lat'><em>{</em></span> <span class='ocrx_word' id='word_1_140' title='bbox 63 1493 160 1535; x_wconf 91' lang='lat' dir='ltr'>titur</span> <span class='ocrx_word' id='word_1_141' title='bbox 180 1508 204 1534; x_wconf 89' lang='lat' dir='ltr'>a</span> <span class='ocrx_word' id='word_1_142' title='bbox 223 1493 399 1535; x_wconf 87' lang='lat' dir='ltr'>ueritate</span> <span class='ocrx_word' id='word_1_143' title='bbox 431 1508 570 1535; x_wconf 88' lang='lat' dir='ltr'>rerum</span> <span class='ocrx_word' id='word_1_144' title='bbox 602 1493 889 1549; x_wconf 86' lang='lat' dir='ltr'>speciosarum</span> <span class='ocrx_word' id='word_1_145' title='bbox 919 1493 1083 1550; x_wconf 81' lang='lat' dir='ltr'>fulgore</span> <span class='ocrx_word' id='word_1_146' title='bbox 1115 1494 1350 1551; x_wconf 65' lang='lat' dir='ltr'>deceptus]</span> 
     </span>
    </p>
   </div>
   <div class='ocr_carea' id='block_1_5' title="bbox 65 1567 1893 1773">
    <p class='ocr_par' dir='ltr' id='par_1_16' title="bbox 65 1567 1893 1773">
     <span class='ocr_line' id='line_1_21' title="bbox 174 1567 1893 1626; baseline 0.003 -18"><span class='ocrx_word' id='word_1_147' title='bbox 174 1569 207 1608; x_wconf 88' lang='lat'>7.</span> <span class='ocrx_word' id='word_1_148' title='bbox 237 1569 431 1624; x_wconf 71' lang='lat' dir='ltr'>inpransi.</span> <span class='ocrx_word' id='word_1_149' title='bbox 476 1567 527 1609; x_wconf 89' lang='lat' dir='ltr'>Id</span> <span class='ocrx_word' id='word_1_150' title='bbox 557 1576 637 1609; x_wconf 88' lang='lat' dir='ltr'>est:</span> <span class='ocrx_word' id='word_1_151' title='bbox 671 1568 785 1624; x_wconf 87' lang='lat' dir='ltr'>apud</span> <span class='ocrx_word' id='word_1_152' title='bbox 815 1582 881 1609; x_wconf 87' lang='lat' dir='ltr'>me</span> <span class='ocrx_word' id='word_1_153' title='bbox 912 1567 1042 1610; x_wconf 88' lang='lat' dir='ltr'>ieiuni</span> <span class='ocrx_word' id='word_1_154' title='bbox 1065 1568 1226 1619; x_wconf 87' lang='lat' dir='ltr'>discite,</span> <span class='ocrx_word' id='word_1_155' title='bbox 1259 1568 1402 1620; x_wconf 88' lang='lat' dir='ltr'>ieiuni,</span> <span class='ocrx_word' id='word_1_156' title='bbox 1428 1569 1572 1620; x_wconf 91' lang='lat' dir='ltr'>sobrii,</span> <span class='ocrx_word' id='word_1_157' title='bbox 1604 1577 1647 1611; x_wconf 89' lang='lat' dir='ltr'>ut</span> <span class='ocrx_word' id='word_1_158' title='bbox 1670 1570 1772 1612; x_wconf 88' lang='lat' dir='ltr'>alibi</span> <span class='ocrx_word' id='word_1_159' title='bbox 1803 1571 1893 1626; x_wconf 86' lang='lat' dir='ltr'>ipse</span> 
     </span>
     <span class='ocr_line' id='line_1_22' title="bbox 65 1638 1582 1698; baseline 0.001 -15"><span class='ocrx_word' id='word_1_160' title='bbox 65 1638 128 1696; x_wconf 86' lang='lat' dir='ltr'>(S.</span> <span class='ocrx_word' id='word_1_161' title='bbox 157 1639 213 1691; x_wconf 85' lang='lat' dir='ltr'>II,</span> <span class='ocrx_word' id='word_1_162' title='bbox 246 1641 284 1691; x_wconf 86' lang='lat'>3,</span> <span class='ocrx_word' id='word_1_163' title='bbox 317 1642 438 1697; x_wconf 80' lang='lat'>257):</span> <span class='ocrx_word' id='word_1_164' title='bbox 472 1643 685 1698; x_wconf 79' lang='lat' dir='ltr'>Postquam</span> <span class='ocrx_word' id='word_1_165' title='bbox 718 1650 774 1684; x_wconf 75' lang='lat' dir='ltr'>esc</span> <span class='ocrx_word' id='word_1_166' title='bbox 802 1644 994 1698; x_wconf 61' lang='lat' dir='ltr'>inpransi</span> <span class='ocrx_word' id='word_1_167' title='bbox 1021 1650 1230 1698; x_wconf 80' lang='lat' dir='ltr'>correptus</span> <span class='ocrx_word' id='word_1_168' title='bbox 1261 1657 1356 1684; x_wconf 80' lang='lat' dir='ltr'>uoce</span> <span class='ocrx_word' id='word_1_169' title='bbox 1387 1645 1582 1698; x_wconf 71' lang='lat' dir='ltr'>maye&#39;stri.</span> 
     </span>
     <span class='ocr_line' id='line_1_23' title="bbox 174 1713 1893 1773; baseline 0.002 -17"><span class='ocrx_word' id='word_1_170' title='bbox 174 1713 346 1771; x_wconf 78' lang='lat' dir='ltr'>[meeum</span> <span class='ocrx_word' id='word_1_171' title='bbox 377 1715 592 1771; x_wconf 71' lang='lat' dir='ltr'>disquirite.</span> <span class='ocrx_word' id='word_1_172' title='bbox 652 1715 702 1756; x_wconf 83' lang='lat' dir='ltr'>Id</span> <span class='ocrx_word' id='word_1_173' title='bbox 734 1724 815 1757; x_wconf 90' lang='lat' dir='ltr'>est:</span> <span class='ocrx_word' id='word_1_174' title='bbox 849 1730 1012 1757; x_wconf 85' lang='lat' dir='ltr'>mecum</span> <span class='ocrx_word' id='word_1_175' title='bbox 1045 1715 1227 1773; x_wconf 70' lang='lat' dir='ltr'>discite]</span> <span class='ocrx_word' id='word_1_176' title='bbox 1291 1717 1508 1773; x_wconf 65' lang='lat' dir='ltr'>disquirite.</span> <span class='ocrx_word' id='word_1_177' title='bbox 1568 1716 1627 1759; x_wconf 91' lang='lat' dir='ltr'>Ut</span> <span class='ocrx_word' id='word_1_178' title='bbox 1659 1717 1787 1759; x_wconf 88' lang='lat' dir='ltr'>uelim</span> <span class='ocrx_word' id='word_1_179' title='bbox 1819 1734 1893 1761; x_wconf 88' lang='lat' dir='ltr'>uos</span> 
     </span>
    </p>
   </div>
   <div class='ocr_carea' id='block_1_6' title="bbox 21 1788 582 1847">
    <p class='ocr_par' dir='ltr' id='par_1_17' title="bbox 21 1788 582 1847">
     <span class='ocr_line' id='line_1_24' title="bbox 21 1788 582 1847; baseline 0 -17"><span class='ocrx_word' id='word_1_180' title='bbox 21 1802 23 1847; x_wconf 76' lang='lat'>3</span> <span class='ocrx_word' id='word_1_181' title='bbox 65 1788 285 1845; x_wconf 87' lang='lat' dir='ltr'>inpransos</span> <span class='ocrx_word' id='word_1_182' title='bbox 315 1803 582 1844; x_wconf 85' lang='lat' dir='ltr'>cognoscere.</span> 
     </span>
    </p>
   </div>
   <div class='ocr_carea' id='block_1_7' title="bbox 174 1861 1893 1993">
    <p class='ocr_par' dir='ltr' id='par_1_18' title="bbox 174 1861 1893 1993">
     <span class='ocr_line' id='line_1_25' title="bbox 179 1861 1208 1918; baseline -0.001 -13"><span class='ocrx_word' id='word_1_183' title='bbox 179 1863 260 1905; x_wconf 82' lang='lat' dir='ltr'>Cur</span> <span class='ocrx_word' id='word_1_184' title='bbox 290 1863 393 1905; x_wconf 78' lang='lat' dir='ltr'>hoe?</span> <span class='ocrx_word' id='word_1_185' title='bbox 449 1861 511 1904; x_wconf 88' lang='lat' dir='ltr'>Ut</span> <span class='ocrx_word' id='word_1_186' title='bbox 541 1862 734 1918; x_wconf 86' lang='lat' dir='ltr'>inpransi</span> <span class='ocrx_word' id='word_1_187' title='bbox 765 1862 816 1903; x_wconf 89' lang='lat' dir='ltr'>de</span> <span class='ocrx_word' id='word_1_188' title='bbox 846 1863 1002 1904; x_wconf 88' lang='lat' dir='ltr'>uirtute</span> <span class='ocrx_word' id='word_1_189' title='bbox 1033 1862 1208 1905; x_wconf 78' lang='lat' dir='ltr'>dicatis?</span> 
     </span>
     <span class='ocr_line' id='line_1_26' title="bbox 174 1934 1893 1993; baseline 0.002 -15"><span class='ocrx_word' id='word_1_190' title='bbox 174 1937 210 1978; x_wconf 87' lang='lat'>8.</span> <span class='ocrx_word' id='word_1_191' title='bbox 242 1936 403 1986; x_wconf 75' lang='lat' dir='ltr'>Dicam,</span> <span class='ocrx_word' id='word_1_192' title='bbox 425 1939 463 1978; x_wconf 72' lang='lat' dir='ltr'>si</span> <span class='ocrx_word' id='word_1_193' title='bbox 472 1944 626 1993; x_wconf 76' lang='lat' dir='ltr'>potero.</span> <span class='ocrx_word' id='word_1_194' title='bbox 686 1935 738 1977; x_wconf 93' lang='lat' dir='ltr'>Id</span> <span class='ocrx_word' id='word_1_195' title='bbox 768 1943 848 1978; x_wconf 91' lang='lat' dir='ltr'>est:</span> <span class='ocrx_word' id='word_1_196' title='bbox 884 1934 1029 1989; x_wconf 81' lang='lat' dir='ltr'>Quare</span> <span class='ocrx_word' id='word_1_197' title='bbox 1060 1936 1140 1978; x_wconf 91' lang='lat' dir='ltr'>hoc</span> <span class='ocrx_word' id='word_1_198' title='bbox 1171 1936 1324 1988; x_wconf 87' lang='lat' dir='ltr'>dicam,</span> <span class='ocrx_word' id='word_1_199' title='bbox 1357 1938 1470 1992; x_wconf 92' lang='lat' dir='ltr'>quod</span> <span class='ocrx_word' id='word_1_200' title='bbox 1501 1937 1692 1992; x_wconf 87' lang='lat' dir='ltr'>inpransi</span> <span class='ocrx_word' id='word_1_201' title='bbox 1724 1939 1775 1981; x_wconf 91' lang='lat' dir='ltr'>de</span> <span class='ocrx_word' id='word_1_202' title='bbox 1806 1940 1893 1981; x_wconf 89' lang='lat' dir='ltr'>uir-</span> 
     </span>
    </p>
   </div>
   <div class='ocr_carea' id='block_1_8' title="bbox 21 2007 782 2064">
    <p class='ocr_par' dir='ltr' id='par_1_19' title="bbox 21 2007 782 2064">
     <span class='ocr_line' id='line_1_27' title="bbox 21 2007 782 2064; baseline 0.001 -14"><span class='ocrx_word' id='word_1_203' title='bbox 21 2007 23 2027; x_wconf 81' lang='lat'><em>³</em></span> <span class='ocrx_word' id='word_1_204' title='bbox 65 2015 147 2051; x_wconf 88' lang='lat' dir='ltr'>tute</span> <span class='ocrx_word' id='word_1_205' title='bbox 179 2009 341 2061; x_wconf 85' lang='lat' dir='ltr'>dicatis,</span> <span class='ocrx_word' id='word_1_206' title='bbox 374 2010 526 2060; x_wconf 88' lang='lat' dir='ltr'>dicam,</span> <span class='ocrx_word' id='word_1_207' title='bbox 559 2010 592 2051; x_wconf 90' lang='lat' dir='ltr'>si</span> <span class='ocrx_word' id='word_1_208' title='bbox 624 2018 782 2064; x_wconf 82' lang='lat' dir='ltr'>potero.</span> 
     </span>
    </p>
   </div>
   <div class='ocr_carea' id='block_1_9' title="bbox 21 2162 24 2700">
    <p class='ocr_par' dir='ltr' id='par_1_20' title="bbox 21 2162 24 2700">
     <span class='ocr_line' id='line_1_28' title="bbox 21 2162 24 2700; baseline 0 0"><span class='ocrx_word' id='word_1_209' title='bbox 21 2162 24 2700; x_wconf 95' lang='lat' dir='ltr'> </span> 
     </span>
    </p>
   </div>
   <div class='ocr_carea' id='block_1_10' title="bbox 66 2083 1896 2361">
    <p class='ocr_par' dir='ltr' id='par_1_21' title="bbox 66 2083 1896 2361">
     <span class='ocr_line' id='line_1_29' title="bbox 177 2083 1894 2141; baseline 0.002 -16"><span class='ocrx_word' id='word_1_210' title='bbox 177 2085 213 2125; x_wconf 85' lang='lat'>8.</span> <span class='ocrx_word' id='word_1_211' title='bbox 248 2085 283 2125; x_wconf 74' lang='lat'>9.</span> <span class='ocrx_word' id='word_1_212' title='bbox 316 2085 424 2127; x_wconf 81' lang='lat' dir='ltr'>Male</span> <span class='ocrx_word' id='word_1_213' title='bbox 445 2099 590 2126; x_wconf 77' lang='lat' dir='ltr'>uerum</span> <span class='ocrx_word' id='word_1_214' title='bbox 613 2099 740 2126; x_wconf 73' lang='lat' dir='ltr'>exam.</span> <span class='ocrx_word' id='word_1_215' title='bbox 763 2099 864 2126; x_wconf 77' lang='lat' dir='ltr'>omn.</span> <span class='ocrx_word' id='word_1_216' title='bbox 894 2084 1118 2141; x_wconf 74' lang='lat' dir='ltr'>Corruptus</span> <span class='ocrx_word' id='word_1_217' title='bbox 1141 2085 1278 2126; x_wconf 71' lang='lat' dir='ltr'>iudex.</span> <span class='ocrx_word' id='word_1_218' title='bbox 1339 2083 1460 2126; x_wconf 83' lang='lat' dir='ltr'>Sicut</span> <span class='ocrx_word' id='word_1_219' title='bbox 1480 2085 1615 2127; x_wconf 86' lang='lat' dir='ltr'>omnis</span> <span class='ocrx_word' id='word_1_220' title='bbox 1637 2086 1762 2127; x_wconf 83' lang='lat' dir='ltr'>iudex</span> <span class='ocrx_word' id='word_1_221' title='bbox 1785 2088 1894 2129; x_wconf 85' lang='lat' dir='ltr'>male</span> 
     </span>
     <span class='ocr_line' id='line_1_30' title="bbox 66 2156 1894 2216; baseline 0.002 -18"><span class='ocrx_word' id='word_1_222' title='bbox 66 2156 232 2208; x_wconf 77' lang='lat' dir='ltr'>iudicat,</span> <span class='ocrx_word' id='word_1_223' title='bbox 264 2158 336 2212; x_wconf 89' lang='lat' dir='ltr'>qui</span> <span class='ocrx_word' id='word_1_224' title='bbox 367 2167 427 2199; x_wconf 87' lang='lat' dir='ltr'>est</span> <span class='ocrx_word' id='word_1_225' title='bbox 460 2165 694 2213; x_wconf 87' lang='lat' dir='ltr'>corruptus,</span> <span class='ocrx_word' id='word_1_226' title='bbox 726 2157 784 2198; x_wconf 88' lang='lat' dir='ltr'>ita</span> <span class='ocrx_word' id='word_1_227' title='bbox 815 2165 855 2198; x_wconf 90' lang='lat' dir='ltr'>et</span> <span class='ocrx_word' id='word_1_228' title='bbox 884 2172 1002 2199; x_wconf 89' lang='lat' dir='ltr'>mens</span> <span class='ocrx_word' id='word_1_229' title='bbox 1033 2165 1231 2214; x_wconf 84' lang='lat' dir='ltr'>corrupta</span> <span class='ocrx_word' id='word_1_230' title='bbox 1262 2158 1392 2200; x_wconf 88' lang='lat' dir='ltr'>multo</span> <span class='ocrx_word' id='word_1_231' title='bbox 1410 2158 1504 2200; x_wconf 90' lang='lat' dir='ltr'>cibo</span> <span class='ocrx_word' id='word_1_232' title='bbox 1526 2174 1671 2200; x_wconf 89' lang='lat' dir='ltr'>uerum</span> <span class='ocrx_word' id='word_1_233' title='bbox 1703 2175 1787 2201; x_wconf 92' lang='lat' dir='ltr'>non</span> <span class='ocrx_word' id='word_1_234' title='bbox 1818 2176 1894 2216; x_wconf 88' lang='lat' dir='ltr'>po-</span> 
     </span>
     <span class='ocr_line' id='line_1_31' title="bbox 67 2230 1896 2288; baseline 0.003 -17"><span class='ocrx_word' id='word_1_235' title='bbox 67 2236 143 2272; x_wconf 88' lang='lat' dir='ltr'>test</span> <span class='ocrx_word' id='word_1_236' title='bbox 170 2230 369 2273; x_wconf 85' lang='lat' dir='ltr'>iudicare.</span> <span class='ocrx_word' id='word_1_237' title='bbox 393 2233 410 2286; x_wconf 80' lang='grc' dir='ltr'>Η</span> <span class='ocrx_word' id='word_1_238' title='bbox 430 2231 596 2274; x_wconf 74' lang='lat' dir='ltr'>Alias:</span> <span class='ocrx_word' id='word_1_239' title='bbox 629 2238 849 2286; x_wconf 87' lang='lat' dir='ltr'>corruptus</span> <span class='ocrx_word' id='word_1_240' title='bbox 880 2231 1006 2272; x_wconf 86' lang='lat' dir='ltr'>iudex</span> <span class='ocrx_word' id='word_1_241' title='bbox 1040 2231 1121 2288; x_wconf 88' lang='lat' dir='ltr'>[ut]</span> <span class='ocrx_word' id='word_1_242' title='bbox 1155 2239 1268 2273; x_wconf 88' lang='lat' dir='ltr'>recte</span> <span class='ocrx_word' id='word_1_243' title='bbox 1300 2232 1487 2274; x_wconf 79' lang='lat' dir='ltr'>iudicare</span> <span class='ocrx_word' id='word_1_244' title='bbox 1518 2247 1601 2273; x_wconf 90' lang='lat' dir='ltr'>non</span> <span class='ocrx_word' id='word_1_245' title='bbox 1632 2239 1788 2288; x_wconf 87' lang='lat' dir='ltr'>potest;</span> <span class='ocrx_word' id='word_1_246' title='bbox 1835 2234 1896 2276; x_wconf 91' lang='lat' dir='ltr'>sic</span> 
     </span>
     <span class='ocr_line' id='line_1_32' title="bbox 68 2304 1895 2361; baseline 0.002 -17"><span class='ocrx_word' id='word_1_247' title='bbox 68 2311 105 2345; x_wconf 89' lang='lat' dir='ltr'>et</span> <span class='ocrx_word' id='word_1_248' title='bbox 136 2304 299 2347; x_wconf 84' lang='lat' dir='ltr'>animus</span> <span class='ocrx_word' id='word_1_249' title='bbox 328 2320 411 2347; x_wconf 91' lang='lat' dir='ltr'>non</span> <span class='ocrx_word' id='word_1_250' title='bbox 443 2305 550 2346; x_wconf 89' lang='lat' dir='ltr'>bene</span> <span class='ocrx_word' id='word_1_251' title='bbox 582 2312 716 2361; x_wconf 86' lang='lat' dir='ltr'>potest</span> <span class='ocrx_word' id='word_1_252' title='bbox 739 2305 978 2346; x_wconf 87' lang='lat' dir='ltr'>discernere</span> <span class='ocrx_word' id='word_1_253' title='bbox 1001 2304 1095 2346; x_wconf 90' lang='lat' dir='ltr'>cibo</span> <span class='ocrx_word' id='word_1_254' title='bbox 1117 2305 1342 2360; x_wconf 87' lang='lat' dir='ltr'>inpeditus.</span> <span class='ocrx_word' id='word_1_255' title='bbox 1365 2308 1381 2359; x_wconf 79' lang='grc' dir='ltr'>Η</span> <span class='ocrx_word' id='word_1_256' title='bbox 1404 2307 1512 2350; x_wconf 78' lang='lat' dir='ltr'>Male</span> <span class='ocrx_word' id='word_1_257' title='bbox 1535 2306 1792 2361; x_wconf 72' lang='grc' dir='ltr'>ἀμφίβολονς</span> <span class='ocrx_word' id='word_1_258' title='bbox 1825 2313 1895 2349; x_wconf 90' lang='lat' dir='ltr'>aut</span> 
     </span>
    </p>
   </div>
   <div class='ocr_carea' id='block_1_11' title="bbox 200 2515 1894 2559">
    <p class='ocr_par' dir='ltr' id='par_1_22' title="bbox 200 2515 1894 2559">
     <span class='ocr_line' id='line_1_33' title="bbox 200 2515 1894 2559; baseline 0.002 -13"><span class='ocrx_word' id='word_1_259' title='bbox 200 2517 235 2556; x_wconf 87' lang='lat'>2)</span> <span class='ocrx_word' id='word_1_260' title='bbox 262 2515 360 2546; x_wconf 81' lang='lat' dir='ltr'>Stoici</span> <span class='ocrx_word' id='word_1_261' title='bbox 388 2534 428 2538; x_wconf 82' lang='lat'>—</span> <span class='ocrx_word' id='word_1_262' title='bbox 455 2517 564 2547; x_wconf 84' lang='lat' dir='ltr'>dicunt</span> <span class='ocrx_word' id='word_1_263' title='bbox 593 2528 652 2547; x_wconf 87' lang='lat' dir='ltr'>om.</span> <span class='ocrx_word' id='word_1_264' title='bbox 678 2526 783 2559; x_wconf 73' lang='lat' dir='ltr'>·(‚mva</span> <span class='ocrx_word' id='word_1_265' title='bbox 808 2522 837 2546; x_wconf 84' lang='lat' dir='ltr'>et</span> <span class='ocrx_word' id='word_1_266' title='bbox 866 2516 970 2556; x_wconf 81' lang='lat' dir='ltr'>G(Q).</span> <span class='ocrx_word' id='word_1_267' title='bbox 1035 2518 1070 2556; x_wconf 86' lang='lat'>3)</span> <span class='ocrx_word' id='word_1_268' title='bbox 1098 2517 1185 2547; x_wconf 90' lang='lat' dir='ltr'>Ordo</span> <span class='ocrx_word' id='word_1_269' title='bbox 1278 2519 1435 2548; x_wconf 77' lang='lat' dir='ltr'>disserere</span> <span class='ocrx_word' id='word_1_270' title='bbox 1460 2528 1518 2548; x_wconf 90' lang='lat' dir='ltr'>om.</span> <span class='ocrx_word' id='word_1_271' title='bbox 1546 2518 1705 2558; x_wconf 77' lang='lat' dir='ltr'>G&lt;Q)‚va‚</span> <span class='ocrx_word' id='word_1_272' title='bbox 1738 2524 1774 2548; x_wconf 83' lang='lat' dir='ltr'>ut</span> <span class='ocrx_word' id='word_1_273' title='bbox 1808 2529 1894 2558; x_wconf 86' lang='lat' dir='ltr'>seqq.</span> 
     </span>
    </p>
   </div>
   <div class='ocr_carea' id='block_1_12' title="bbox 22 2572 1894 2618">
    <p class='ocr_par' dir='ltr' id='par_1_23' title="bbox 22 2572 1894 2618">
     <span class='ocr_line' id='line_1_34' title="bbox 22 2572 1894 2618; baseline 0.002 -16"><span class='ocrx_word' id='word_1_274' title='bbox 22 2593 24 2608; x_wconf 74' lang='grc'><strong>,</strong></span> <span class='ocrx_word' id='word_1_275' title='bbox 69 2572 189 2603; x_wconf 80' lang='lat' dir='ltr'>scholia</span> <span class='ocrx_word' id='word_1_276' title='bbox 212 2583 271 2603; x_wconf 90' lang='lat' dir='ltr'>om.</span> <span class='ocrx_word' id='word_1_277' title='bbox 296 2583 396 2612; x_wconf 89' lang='lat' dir='ltr'>usque</span> <span class='ocrx_word' id='word_1_278' title='bbox 421 2575 471 2603; x_wconf 83' lang='lat' dir='ltr'>ad.</span> <span class='ocrx_word' id='word_1_279' title='bbox 497 2584 526 2604; x_wconf 88' lang='lat' dir='ltr'>u.</span> <span class='ocrx_word' id='word_1_280' title='bbox 556 2576 591 2604; x_wconf 87' lang='lat'>7:</span> <span class='ocrx_word' id='word_1_281' title='bbox 616 2574 768 2613; x_wconf 74' lang='lat' dir='ltr'>impransi</span> <span class='ocrx_word' id='word_1_282' title='bbox 794 2575 975 2613; x_wconf 79' lang='lat' dir='ltr'>(Impramsi</span> <span class='ocrx_word' id='word_1_283' title='bbox 1002 2575 1049 2613; x_wconf 78' lang='lat' dir='ltr'>v).</span> <span class='ocrx_word' id='word_1_284' title='bbox 1100 2575 1134 2612; x_wconf 84' lang='lat'>5)</span> <span class='ocrx_word' id='word_1_285' title='bbox 1158 2574 1274 2604; x_wconf 82' lang='lat' dir='ltr'>Diseos</span> <span class='ocrx_word' id='word_1_286' title='bbox 1292 2575 1355 2618; x_wconf 67' lang='grc' dir='ltr'>Βφ.</span> <span class='ocrx_word' id='word_1_287' title='bbox 1371 2585 1430 2604; x_wconf 87' lang='lat' dir='ltr'>om.</span> <span class='ocrx_word' id='word_1_288' title='bbox 1456 2585 1483 2617; x_wconf 74' lang='grc' dir='ltr'>γ.</span> <span class='ocrx_word' id='word_1_289' title='bbox 1509 2575 1593 2604; x_wconf 79' lang='lat' dir='ltr'>Vasa</span> <span class='ocrx_word' id='word_1_290' title='bbox 1619 2593 1656 2595; x_wconf 74' lang='lat'>—-</span> <span class='ocrx_word' id='word_1_291' title='bbox 1686 2580 1842 2613; x_wconf 82' lang='lat' dir='ltr'>apparatu</span> <span class='ocrx_word' id='word_1_292' title='bbox 1868 2586 1894 2617; x_wconf 74' lang='grc' dir='ltr'>γ.</span> 
     </span>
    </p>
   </div>
   <div class='ocr_carea' id='block_1_13' title="bbox 71 2629 1899 3128">
    <p class='ocr_par' dir='ltr' id='par_1_24' title="bbox 71 2629 1899 3128">
     <span class='ocr_line' id='line_1_35' title="bbox 71 2629 1893 2673; baseline 0.002 -16"><span class='ocrx_word' id='word_1_293' title='bbox 71 2629 137 2659; x_wconf 86' lang='lat' dir='ltr'>rell.</span> <span class='ocrx_word' id='word_1_294' title='bbox 163 2639 221 2660; x_wconf 90' lang='lat' dir='ltr'>om.</span> <span class='ocrx_word' id='word_1_295' title='bbox 247 2640 325 2660; x_wconf 86' lang='lat' dir='ltr'>vasa</span> <span class='ocrx_word' id='word_1_296' title='bbox 349 2632 492 2669; x_wconf 77' lang='lat' dir='ltr'>pretiosa</span> <span class='ocrx_word' id='word_1_297' title='bbox 519 2630 552 2661; x_wconf 87' lang='lat' dir='ltr'>C.</span> <span class='ocrx_word' id='word_1_298' title='bbox 604 2633 637 2670; x_wconf 90' lang='lat'>6)</span> <span class='ocrx_word' id='word_1_299' title='bbox 664 2631 796 2661; x_wconf 76' lang='lat' dir='ltr'>nitentis</span> <span class='ocrx_word' id='word_1_300' title='bbox 821 2641 837 2672; x_wconf 79' lang='grc' dir='ltr'>γ</span> <span class='ocrx_word' id='word_1_301' title='bbox 863 2636 893 2660; x_wconf 88' lang='lat' dir='ltr'>et</span> <span class='ocrx_word' id='word_1_302' title='bbox 917 2631 1028 2660; x_wconf 84' lang='lat' dir='ltr'>Ambr.</span> <span class='ocrx_word' id='word_1_303' title='bbox 1055 2631 1090 2659; x_wconf 83' lang='lat' dir='ltr'>Id</span> <span class='ocrx_word' id='word_1_304' title='bbox 1118 2636 1167 2661; x_wconf 84' lang='lat' dir='ltr'>est</span> <span class='ocrx_word' id='word_1_305' title='bbox 1192 2640 1254 2660; x_wconf 89' lang='lat' dir='ltr'>non</span> <span class='ocrx_word' id='word_1_306' title='bbox 1279 2648 1320 2652; x_wconf 44' lang='lat'>⁷—</span> <span class='ocrx_word' id='word_1_307' title='bbox 1347 2636 1504 2668; x_wconf 81' lang='lat' dir='ltr'>apparatu</span> <span class='ocrx_word' id='word_1_308' title='bbox 1529 2641 1588 2661; x_wconf 90' lang='lat' dir='ltr'>om.</span> <span class='ocrx_word' id='word_1_309' title='bbox 1615 2641 1641 2673; x_wconf 69' lang='grc' dir='ltr'>γ.</span> <span class='ocrx_word' id='word_1_310' title='bbox 1668 2631 1736 2661; x_wconf 82' lang='lat' dir='ltr'>Aut</span> <span class='ocrx_word' id='word_1_311' title='bbox 1761 2641 1827 2670; x_wconf 82' lang='lat' dir='ltr'>arg.</span> <span class='ocrx_word' id='word_1_312' title='bbox 1857 2649 1893 2652; x_wconf 86' lang='lat'><strong>—</strong></span> 
     </span>
     <span class='ocr_line' id='line_1_36' title="bbox 71 2688 1895 2730; baseline 0.002 -15"><span class='ocrx_word' id='word_1_313' title='bbox 71 2691 222 2725; x_wconf 76' lang='lat' dir='ltr'>apparatu</span> <span class='ocrx_word' id='word_1_314' title='bbox 247 2697 272 2729; x_wconf 73' lang='grc' dir='ltr'>γ.</span> <span class='ocrx_word' id='word_1_315' title='bbox 339 2689 393 2728; x_wconf 89' lang='grc'>12)</span> <span class='ocrx_word' id='word_1_316' title='bbox 419 2689 575 2718; x_wconf 83' lang='lat' dir='ltr'>Vasorum</span> <span class='ocrx_word' id='word_1_317' title='bbox 601 2698 660 2718; x_wconf 88' lang='lat' dir='ltr'>om.</span> <span class='ocrx_word' id='word_1_318' title='bbox 685 2698 712 2730; x_wconf 70' lang='grc' dir='ltr'>γ.</span> <span class='ocrx_word' id='word_1_319' title='bbox 741 2689 818 2717; x_wconf 84' lang='lat' dir='ltr'>Auri</span> <span class='ocrx_word' id='word_1_320' title='bbox 845 2689 895 2717; x_wconf 89' lang='lat' dir='ltr'>uel</span> <span class='ocrx_word' id='word_1_321' title='bbox 921 2689 1049 2726; x_wconf 69' lang='lat' dir='ltr'>argenti</span> <span class='ocrx_word' id='word_1_322' title='bbox 1074 2698 1091 2730; x_wconf 76' lang='grc' dir='ltr'><strong><em>γ</em></strong></span> <span class='ocrx_word' id='word_1_323' title='bbox 1104 2689 1173 2717; x_wconf 78' lang='lat' dir='ltr'>auri</span> <span class='ocrx_word' id='word_1_324' title='bbox 1197 2692 1224 2717; x_wconf 82' lang='lat' dir='ltr'>et</span> <span class='ocrx_word' id='word_1_325' title='bbox 1247 2698 1313 2727; x_wconf 75' lang='lat' dir='ltr'>arg.</span> <span class='ocrx_word' id='word_1_326' title='bbox 1342 2688 1377 2717; x_wconf 70' lang='lat' dir='ltr'>C.</span> <span class='ocrx_word' id='word_1_327' title='bbox 1404 2688 1473 2716; x_wconf 83' lang='lat' dir='ltr'>rell.</span> <span class='ocrx_word' id='word_1_328' title='bbox 1500 2697 1559 2717; x_wconf 87' lang='lat' dir='ltr'>om.</span> <span class='ocrx_word' id='word_1_329' title='bbox 1630 2688 1683 2726; x_wconf 84' lang='lat'>13)</span> <span class='ocrx_word' id='word_1_330' title='bbox 1708 2688 1844 2717; x_wconf 75' lang='lat' dir='ltr'>Adclim&#39;s</span> <span class='ocrx_word' id='word_1_331' title='bbox 1868 2697 1895 2729; x_wconf 72' lang='grc' dir='ltr'>γ,</span> 
     </span>
     <span class='ocr_line' id='line_1_37' title="bbox 71 2742 1896 2788; baseline 0.001 -16"><span class='ocrx_word' id='word_1_332' title='bbox 71 2742 163 2774; x_wconf 79' lang='lat' dir='ltr'>etiam</span> <span class='ocrx_word' id='word_1_333' title='bbox 187 2744 227 2773; x_wconf 84' lang='lat' dir='ltr'>ad</span> <span class='ocrx_word' id='word_1_334' title='bbox 251 2754 352 2783; x_wconf 77' lang='lat' dir='ltr'>marg.</span> <span class='ocrx_word' id='word_1_335' title='bbox 378 2744 593 2783; x_wconf 79' lang='lat' dir='ltr'>ADCLINIS,</span> <span class='ocrx_word' id='word_1_336' title='bbox 620 2751 655 2775; x_wconf 86' lang='lat' dir='ltr'>ut</span> <span class='ocrx_word' id='word_1_337' title='bbox 673 2745 787 2787; x_wconf 55' lang='lat' dir='ltr'>EDBug</span> <span class='ocrx_word' id='word_1_338' title='bbox 807 2746 865 2783; x_wconf 78' lang='lat' dir='ltr'>(gl.</span> <span class='ocrx_word' id='word_1_339' title='bbox 894 2746 1084 2775; x_wconf 86' lang='lat' dir='ltr'>incumbens</span> <span class='ocrx_word' id='word_1_340' title='bbox 1111 2745 1251 2775; x_wconf 83' lang='lat' dir='ltr'>falsitati</span> <span class='ocrx_word' id='word_1_341' title='bbox 1269 2743 1336 2788; x_wconf 80' lang='grc' dir='ltr'>Βφ)</span> <span class='ocrx_word' id='word_1_342' title='bbox 1354 2745 1471 2774; x_wconf 80' lang='lat' dir='ltr'>Berlin.</span> <span class='ocrx_word' id='word_1_343' title='bbox 1507 2743 1530 2773; x_wconf 91' lang='lat' dir='ltr'>C</span> <span class='ocrx_word' id='word_1_344' title='bbox 1559 2744 1584 2772; x_wconf 78' lang='lat' dir='ltr'><strong>A</strong></span> <span class='ocrx_word' id='word_1_345' title='bbox 1609 2743 1704 2783; x_wconf 83' lang='lat' dir='ltr'>(corr.</span> <span class='ocrx_word' id='word_1_346' title='bbox 1733 2753 1829 2781; x_wconf 81' lang='lat' dir='ltr'>expu.</span> <span class='ocrx_word' id='word_1_347' title='bbox 1861 2745 1896 2783; x_wconf 88' lang='lat' dir='ltr'>d)</span> 
     </span>
     <span class='ocr_line' id='line_1_38' title="bbox 71 2797 1896 2843; baseline -0.001 -13"><span class='ocrx_word' id='word_1_348' title='bbox 71 2797 176 2830; x_wconf 89' lang='lat' dir='ltr'>Ambr.</span> <span class='ocrx_word' id='word_1_349' title='bbox 202 2800 293 2831; x_wconf 82' lang='lat' dir='ltr'>Fran.</span> <span class='ocrx_word' id='word_1_350' title='bbox 319 2801 457 2831; x_wconf 81' lang='lat' dir='ltr'>Acclinis</span> <span class='ocrx_word' id='word_1_351' title='bbox 484 2802 578 2832; x_wconf 86' lang='lat' dir='ltr'>Bern.</span> <span class='ocrx_word' id='word_1_352' title='bbox 607 2802 666 2832; x_wconf 78' lang='lat' dir='ltr'>‘A’.</span> <span class='ocrx_word' id='word_1_353' title='bbox 694 2802 836 2832; x_wconf 76' lang='lat' dir='ltr'>Acclinis</span> <span class='ocrx_word' id='word_1_354' title='bbox 861 2801 938 2838; x_wconf 83' lang='lat' dir='ltr'>th.</span> <span class='ocrx_word' id='word_1_355' title='bbox 999 2803 1054 2841; x_wconf 87' lang='lat'>15)</span> <span class='ocrx_word' id='word_1_356' title='bbox 1081 2803 1155 2832; x_wconf 84' lang='lat' dir='ltr'>Ver.</span> <span class='ocrx_word' id='word_1_357' title='bbox 1180 2803 1255 2835; x_wconf 79' lang='lat' dir='ltr'>uirt,</span> <span class='ocrx_word' id='word_1_358' title='bbox 1282 2811 1341 2831; x_wconf 89' lang='lat' dir='ltr'>om.</span> <span class='ocrx_word' id='word_1_359' title='bbox 1368 2811 1393 2843; x_wconf 79' lang='grc' dir='ltr'>γ.</span> <span class='ocrx_word' id='word_1_360' title='bbox 1421 2802 1440 2830; x_wconf 89' lang='lat' dir='ltr'>i.</span> <span class='ocrx_word' id='word_1_361' title='bbox 1467 2805 1527 2830; x_wconf 85' lang='lat' dir='ltr'>rat.</span> <span class='ocrx_word' id='word_1_362' title='bbox 1555 2801 1646 2838; x_wconf 85' lang='lat' dir='ltr'>prud.</span> <span class='ocrx_word' id='word_1_363' title='bbox 1674 2810 1699 2841; x_wconf 77' lang='grc' dir='ltr'>γ.</span> <span class='ocrx_word' id='word_1_364' title='bbox 1731 2801 1800 2830; x_wconf 87' lang='lat' dir='ltr'>rell.</span> <span class='ocrx_word' id='word_1_365' title='bbox 1835 2811 1896 2830; x_wconf 86' lang='lat' dir='ltr'>om.</span> 
     </span>
     <span class='ocr_line' id='line_1_39' title="bbox 75 2855 1894 2901; baseline 0 -16"><span class='ocrx_word' id='word_1_366' title='bbox 75 2855 128 2896; x_wconf 88' lang='grc'>16)</span> <span class='ocrx_word' id='word_1_367' title='bbox 152 2863 276 2888; x_wconf 84' lang='lat' dir='ltr'>recusat</span> <span class='ocrx_word' id='word_1_368' title='bbox 299 2876 342 2880; x_wconf 89' lang='lat'>———</span> <span class='ocrx_word' id='word_1_369' title='bbox 367 2860 519 2898; x_wconf 88' lang='lat' dir='ltr'>deceptus</span> <span class='ocrx_word' id='word_1_370' title='bbox 543 2869 602 2889; x_wconf 88' lang='lat' dir='ltr'>om.</span> <span class='ocrx_word' id='word_1_371' title='bbox 629 2869 655 2900; x_wconf 68' lang='lat'>‘⁴‘-</span> <span class='ocrx_word' id='word_1_372' title='bbox 720 2859 773 2897; x_wconf 87' lang='lat'>19)</span> <span class='ocrx_word' id='word_1_373' title='bbox 801 2859 879 2897; x_wconf 67' lang='lat' dir='ltr'>impr.</span> <span class='ocrx_word' id='word_1_374' title='bbox 906 2868 931 2901; x_wconf 74' lang='grc' dir='ltr'>γ,</span> <span class='ocrx_word' id='word_1_375' title='bbox 959 2864 994 2890; x_wconf 88' lang='lat' dir='ltr'>ut</span> <span class='ocrx_word' id='word_1_376' title='bbox 1019 2859 1130 2889; x_wconf 81' lang='lat' dir='ltr'>BDJR</span> <span class='ocrx_word' id='word_1_377' title='bbox 1154 2859 1249 2888; x_wconf 87' lang='lat' dir='ltr'>Bern.</span> <span class='ocrx_word' id='word_1_378' title='bbox 1278 2858 1313 2888; x_wconf 87' lang='lat' dir='ltr'>C.</span> <span class='ocrx_word' id='word_1_379' title='bbox 1340 2858 1450 2887; x_wconf 87' lang='lat' dir='ltr'>Ambr.</span> <span class='ocrx_word' id='word_1_380' title='bbox 1477 2856 1572 2886; x_wconf 82' lang='lat' dir='ltr'>Fran.</span> <span class='ocrx_word' id='word_1_381' title='bbox 1600 2856 1689 2895; x_wconf 76' lang='lat' dir='ltr'>impr.</span> <span class='ocrx_word' id='word_1_382' title='bbox 1716 2856 1754 2885; x_wconf 84' lang='lat' dir='ltr'>Id.</span> <span class='ocrx_word' id='word_1_383' title='bbox 1780 2860 1829 2886; x_wconf 89' lang='lat' dir='ltr'>est</span> <span class='ocrx_word' id='word_1_384' title='bbox 1856 2875 1894 2878; x_wconf 91' lang='lat'>--</span> 
     </span>
     <span class='ocr_line' id='line_1_40' title="bbox 74 2911 1897 2957; baseline 0.001 -16"><span class='ocrx_word' id='word_1_385' title='bbox 74 2911 182 2943; x_wconf 87' lang='lat' dir='ltr'>discite</span> <span class='ocrx_word' id='word_1_386' title='bbox 206 2924 232 2956; x_wconf 77' lang='grc' dir='ltr'>γ.</span> <span class='ocrx_word' id='word_1_387' title='bbox 258 2915 328 2945; x_wconf 87' lang='lat' dir='ltr'>rell.</span> <span class='ocrx_word' id='word_1_388' title='bbox 355 2925 415 2945; x_wconf 88' lang='lat' dir='ltr'>om.</span> <span class='ocrx_word' id='word_1_389' title='bbox 480 2916 536 2955; x_wconf 86' lang='lat'>21)</span> <span class='ocrx_word' id='word_1_390' title='bbox 562 2925 685 2945; x_wconf 82' lang='lat' dir='ltr'>mecum</span> <span class='ocrx_word' id='word_1_391' title='bbox 712 2916 828 2945; x_wconf 82' lang='lat' dir='ltr'>discite</span> <span class='ocrx_word' id='word_1_392' title='bbox 854 2925 915 2945; x_wconf 87' lang='lat' dir='ltr'>om.</span> <span class='ocrx_word' id='word_1_393' title='bbox 943 2925 969 2957; x_wconf 71' lang='grc' dir='ltr'>γ.</span> <span class='ocrx_word' id='word_1_394' title='bbox 1006 2933 1050 2938; x_wconf 88' lang='lat'><em>-</em></span> <span class='ocrx_word' id='word_1_395' title='bbox 1087 2917 1168 2955; x_wconf 85' lang='lat' dir='ltr'>disq.</span> <span class='ocrx_word' id='word_1_396' title='bbox 1194 2920 1230 2946; x_wconf 92' lang='lat' dir='ltr'>ut</span> <span class='ocrx_word' id='word_1_397' title='bbox 1255 2924 1447 2953; x_wconf 79' lang='lat' dir='ltr'>cognoscere</span> <span class='ocrx_word' id='word_1_398' title='bbox 1471 2923 1497 2955; x_wconf 75' lang='grc' dir='ltr'>γ.</span> <span class='ocrx_word' id='word_1_399' title='bbox 1535 2911 1594 2943; x_wconf 80' lang='lat' dir='ltr'>Cur</span> <span class='ocrx_word' id='word_1_400' title='bbox 1618 2912 1681 2943; x_wconf 76' lang='lat' dir='ltr'>hoc.</span> <span class='ocrx_word' id='word_1_401' title='bbox 1708 2913 1814 2943; x_wconf 87' lang='lat' dir='ltr'>Velim</span> <span class='ocrx_word' id='word_1_402' title='bbox 1840 2923 1897 2943; x_wconf 83' lang='lat' dir='ltr'>uos</span> 
     </span>
     <span class='ocr_line' id='line_1_41' title="bbox 75 2967 1899 3014; baseline 0.001 -17"><span class='ocrx_word' id='word_1_403' title='bbox 75 2967 161 3007; x_wconf 87' lang='lat' dir='ltr'>impr.</span> <span class='ocrx_word' id='word_1_404' title='bbox 187 2970 221 2999; x_wconf 87' lang='lat' dir='ltr'>cle</span> <span class='ocrx_word' id='word_1_405' title='bbox 244 2980 314 3000; x_wconf 77' lang='lat' dir='ltr'>uero</span> <span class='ocrx_word' id='word_1_406' title='bbox 340 2981 429 3010; x_wconf 83' lang='lat' dir='ltr'>cogn.</span> <span class='ocrx_word' id='word_1_407' title='bbox 453 2972 487 3002; x_wconf 80' lang='lat' dir='ltr'>C.</span> <span class='ocrx_word' id='word_1_408' title='bbox 514 2973 584 3002; x_wconf 89' lang='lat' dir='ltr'>rell.</span> <span class='ocrx_word' id='word_1_409' title='bbox 612 2982 670 3002; x_wconf 87' lang='lat' dir='ltr'>om.</span> <span class='ocrx_word' id='word_1_410' title='bbox 721 2972 778 3011; x_wconf 84' lang='lat'>24)</span> <span class='ocrx_word' id='word_1_411' title='bbox 804 2972 876 3001; x_wconf 85' lang='lat' dir='ltr'>dico</span> <span class='ocrx_word' id='word_1_412' title='bbox 899 2982 926 3014; x_wconf 76' lang='grc' dir='ltr'>γ.</span> <span class='ocrx_word' id='word_1_413' title='bbox 978 2973 1035 3011; x_wconf 82' lang='grc'>25)</span> <span class='ocrx_word' id='word_1_414' title='bbox 1061 2973 1191 3002; x_wconf 77' lang='lat' dir='ltr'>discatis</span> <span class='ocrx_word' id='word_1_415' title='bbox 1215 2983 1242 3014; x_wconf 78' lang='grc' dir='ltr'>γ.</span> <span class='ocrx_word' id='word_1_416' title='bbox 1294 2971 1351 3009; x_wconf 82' lang='grc'>26)</span> <span class='ocrx_word' id='word_1_417' title='bbox 1380 2970 1416 3000; x_wconf 74' lang='lat' dir='ltr'>Si</span> <span class='ocrx_word' id='word_1_418' title='bbox 1439 2972 1543 3000; x_wconf 84' lang='lat' dir='ltr'>omnis</span> <span class='ocrx_word' id='word_1_419' title='bbox 1568 2980 1661 3012; x_wconf 71' lang='lat' dir='ltr'>·s‚mv‚</span> <span class='ocrx_word' id='word_1_420' title='bbox 1711 2969 1767 3008; x_wconf 89' lang='lat'>27)</span> <span class='ocrx_word' id='word_1_421' title='bbox 1796 2971 1841 2999; x_wconf 85' lang='lat' dir='ltr'>ita</span> <span class='ocrx_word' id='word_1_422' title='bbox 1867 2974 1899 2999; x_wconf 87' lang='lat' dir='ltr'>et</span> 
     </span>
     <span class='ocr_line' id='line_1_42' title="bbox 74 3023 1898 3069; baseline 0.001 -15"><span class='ocrx_word' id='word_1_423' title='bbox 74 3023 264 3066; x_wconf 56' lang='lat' dir='ltr'>YG(Q)1nva.</span> <span class='ocrx_word' id='word_1_424' title='bbox 292 3033 322 3058; x_wconf 86' lang='lat' dir='ltr'>et</span> <span class='ocrx_word' id='word_1_425' title='bbox 347 3030 394 3058; x_wconf 85' lang='lat' dir='ltr'>ita</span> <span class='ocrx_word' id='word_1_426' title='bbox 418 3029 464 3058; x_wconf 81' lang='lat' dir='ltr'>fh.</span> <span class='ocrx_word' id='word_1_427' title='bbox 492 3034 639 3067; x_wconf 84' lang='lat' dir='ltr'>corrupta</span> <span class='ocrx_word' id='word_1_428' title='bbox 664 3030 762 3059; x_wconf 79' lang='lat' dir='ltr'>multo</span> <span class='ocrx_word' id='word_1_429' title='bbox 787 3038 812 3069; x_wconf 72' lang='grc' dir='ltr'>γ.</span> <span class='ocrx_word' id='word_1_430' title='bbox 833 3029 901 3057; x_wconf 90' lang='lat' dir='ltr'>rell.</span> <span class='ocrx_word' id='word_1_431' title='bbox 920 3039 983 3059; x_wconf 90' lang='lat' dir='ltr'>mu.</span> <span class='ocrx_word' id='word_1_432' title='bbox 1010 3035 1168 3068; x_wconf 83' lang='lat' dir='ltr'>corrupta.</span> <span class='ocrx_word' id='word_1_433' title='bbox 1196 3029 1296 3058; x_wconf 82' lang='lat' dir='ltr'>multo</span> <span class='ocrx_word' id='word_1_434' title='bbox 1321 3037 1382 3057; x_wconf 86' lang='lat' dir='ltr'>om.</span> <span class='ocrx_word' id='word_1_435' title='bbox 1411 3036 1493 3055; x_wconf 78' lang='lat' dir='ltr'>mva.</span> <span class='ocrx_word' id='word_1_436' title='bbox 1522 3027 1621 3055; x_wconf 77' lang='lat' dir='ltr'>cibum</span> <span class='ocrx_word' id='word_1_437' title='bbox 1645 3036 1676 3055; x_wconf 75' lang='lat' dir='ltr'>v.</span> <span class='ocrx_word' id='word_1_438' title='bbox 1728 3026 1784 3064; x_wconf 85' lang='lat'>28)</span> <span class='ocrx_word' id='word_1_439' title='bbox 1810 3026 1898 3056; x_wconf 72' lang='lat' dir='ltr'>Alias</span> 
     </span>
     <span class='ocr_line' id='line_1_43' title="bbox 75 3081 1898 3128; baseline 0.001 -18"><span class='ocrx_word' id='word_1_440' title='bbox 75 3089 132 3111; x_wconf 86' lang='lat' dir='ltr'>om.</span> <span class='ocrx_word' id='word_1_441' title='bbox 158 3082 278 3118; x_wconf 81' lang='lat' dir='ltr'>G,mva.</span> <span class='ocrx_word' id='word_1_442' title='bbox 304 3089 340 3115; x_wconf 83' lang='lat' dir='ltr'>ut</span> <span class='ocrx_word' id='word_1_443' title='bbox 365 3096 424 3115; x_wconf 82' lang='lat' dir='ltr'>om.</span> <span class='ocrx_word' id='word_1_444' title='bbox 450 3096 477 3128; x_wconf 74' lang='grc' dir='ltr'>γ.</span> <span class='ocrx_word' id='word_1_445' title='bbox 543 3087 598 3125; x_wconf 82' lang='grc'>29)</span> <span class='ocrx_word' id='word_1_446' title='bbox 625 3095 689 3115; x_wconf 86' lang='lat' dir='ltr'>non</span> <span class='ocrx_word' id='word_1_447' title='bbox 716 3088 823 3124; x_wconf 89' lang='lat' dir='ltr'>potest</span> <span class='ocrx_word' id='word_1_448' title='bbox 846 3085 928 3114; x_wconf 89' lang='lat' dir='ltr'>bene</span> <span class='ocrx_word' id='word_1_449' title='bbox 961 3085 1017 3127; x_wconf 74' lang='grc' dir='ltr'>γΧ.</span> <span class='ocrx_word' id='word_1_450' title='bbox 1044 3086 1157 3116; x_wconf 69' lang='lat' dir='ltr'>discere</span> <span class='ocrx_word' id='word_1_451' title='bbox 1186 3095 1267 3128; x_wconf 43' lang='lat' dir='ltr'>pva.</span> <span class='ocrx_word' id='word_1_452' title='bbox 1303 3085 1477 3113; x_wconf 72' lang='lat' dir='ltr'>discernere</span> <span class='ocrx_word' id='word_1_453' title='bbox 1509 3081 1720 3121; x_wconf 78' lang='lat' dir='ltr'>XG(Q)111fh.</span> <span class='ocrx_word' id='word_1_454' title='bbox 1756 3101 1779 3103; x_wconf 31' lang='grc' dir='ltr'>νὴ</span> <span class='ocrx_word' id='word_1_455' title='bbox 1813 3083 1898 3112; x_wconf 86' lang='lat' dir='ltr'>Male</span> 
     </span>
    </p>
   </div>
   <div class='ocr_carea' id='block_1_14' title="bbox 76 3135 1014 3184">
    <p class='ocr_par' dir='ltr' id='par_1_25' title="bbox 76 3135 1014 3184">
     <span class='ocr_line' id='line_1_44' title="bbox 76 3135 1014 3184; baseline 0.005 -17"><span class='ocrx_word' id='word_1_456' title='bbox 76 3135 173 3174; x_wconf 82' lang='lat' dir='ltr'>(Malo</span> <span class='ocrx_word' id='word_1_457' title='bbox 196 3138 247 3179; x_wconf 82' lang='lat' dir='ltr'>fh)</span> <span class='ocrx_word' id='word_1_458' title='bbox 272 3138 352 3184; x_wconf 79' lang='grc' dir='ltr'>ἀμφ.</span> <span class='ocrx_word' id='word_1_459' title='bbox 379 3159 420 3163; x_wconf 36' lang='grc' dir='ltr'><em>Η</em></span> <span class='ocrx_word' id='word_1_460' title='bbox 446 3142 586 3172; x_wconf 85' lang='lat' dir='ltr'>iudicare</span> <span class='ocrx_word' id='word_1_461' title='bbox 612 3160 651 3162; x_wconf 32' lang='grc' dir='ltr'>νῌ</span> <span class='ocrx_word' id='word_1_462' title='bbox 679 3142 775 3172; x_wconf 88' lang='lat' dir='ltr'>uilior</span> <span class='ocrx_word' id='word_1_463' title='bbox 800 3152 860 3172; x_wconf 86' lang='lat' dir='ltr'>om.</span> <span class='ocrx_word' id='word_1_464' title='bbox 889 3141 1014 3179; x_wconf 84' lang='lat' dir='ltr'>G‚mva.</span> 
     </span>
    </p>
   </div>
   <div class='ocr_carea' id='block_1_15' title="bbox 1921 917 1958 947">
    <p class='ocr_par' dir='ltr' id='par_1_26' title="bbox 1921 917 1958 947">
     <span class='ocr_line' id='line_1_45' title="bbox 1921 917 1958 947; baseline 0 0"><span class='ocrx_word' id='word_1_465' title='bbox 1921 917 1958 947; x_wconf 78' lang='lat'>10</span> 
     </span>
    </p>
   </div>
  </div>
 </body>
</html>
