2148 3412
787 152 836 184 IN
862 152 997 185 SERM.
1022 152 1049 192 1,
1077 157 1106 184 5.
1781 142 1859 183 109

150 276 213 318 65.
245 276 310 317 66.
342 276 525 319 donasset
553 277 684 318 iamne
717 285 900 318 catenam
928 278 997 318 Eoe
1027 284 1120 319 uoto
1161 277 1332 319 Laribus
1368 291 1505 334 quaer.
1563 275 1863 320 Urbanissima

40 349 288 394 contumelia
317 350 422 391 haee
452 350 564 391 dieta
595 356 689 391 sunt
719 350 763 390 in
793 365 901 400 eum,
949 350 1020 405 qui
1051 350 1274 392 seruilibus
1304 358 1412 393 esset
1447 350 1671 401 natalibus,
1714 356 1862 392 trans—

17 424 190 466 ‘latione
233 429 399 478 sumpta
438 438 463 464 a
507 423 723 479 generosis
767 423 923 479 pueris,
972 423 1043 478 qui
1077 423 1236 465 bullam
1267 439 1437 466 auream
1468 424 1626 481 egressi
1657 423 1863 480 pueritiae

17 452 168 544 lannos
197 497 309 551 apud
339 496 474 538 Lares
505 497 638 538 solent
667 497 934 552 suspendere.

18 545 22 634 l
150 572 214 612 66.
247 571 311 612 67.
343 571 475 612 scriba
508 571 613 626 quod
643 579 741 612 esset
770 572 956 612 Deterius
999 570 1124 613 nihilo
1169 571 1273 613 dom.
1320 573 1382 613 ius
1427 587 1508 613 esse
1552 586 1637 627 roy.
1694 571 1746 612 Id
1777 578 1860 613 est:

18 643 196 725 {nullum
226 643 532 700 praeiudicium
564 644 779 686 dominum
810 659 994 699 passum,
1032 644 1143 699 quod
1172 644 1291 686 illum
1325 644 1414 701 [de]
1438 645 1609 687 decuria
1630 645 1863 688 scribarum

19 728 23 782 l
39 718 118 762 sibi
148 724 428 773 conparasset.

20 784 23 814 ἰ

150 793 213 832 71.
246 793 310 833 72.
340 793 412 834 ubi
437 793 601 834 sedulus
623 792 760 849 hospes
781 792 914 834 Paene
935 805 1060 834 macr.
1082 793 1184 834 arsit
1204 793 1240 834 d.
1264 793 1371 834 turcl.
1393 806 1498 835 uers.
1526 795 1568 835 in
1588 794 1682 847 iqm'.
1743 790 1863 835 Ordo

39 871 119 908 est:
150 879 283 920 paene
315 866 427 907 arsit.

150 940 214 980 73.
245 939 347 982 Nam
377 955 516 996 uayna
540 954 617 996 per
647 948 723 981 uet.
755 945 795 981 θῖ
825 938 999 994 reliqua.
1059 938 1175 981 Mira
1207 939 1395 995 ἐνεργείᾳ
1424 938 1494 981 1110
1538 953 1683 981 sensus
1728 938 1864 994 expli-

39 1012 143 1056 citus
178 1020 251 1054 est.

108 1086 111 1087 ⁷
150 1088 214 1127 77.
246 1087 308 1128 78.
339 1087 487 1143 Incipit
517 1087 638 1128 exz'llo
669 1095 789 1129 mont.
821 1087 939 1144 Apul.
976 1095 1089 1128 notos
1123 1086 1207 1129 Ost.
1240 1086 1345 1128 milei.
1419 1085 1516 1128 Non
1561 1093 1623 1127 est
1667 1094 1865 1128 ostentare

38 1160 134 1202 mihi
152 1160 459 1215 accipiendum,
481 1160 620 1215 potius
640 1161 738 1202 milei
754 1169 866 1203 notos
887 1175 1011 1215 quam
1032 1162 1162 1202 inotos
1184 1168 1382 1202 ostentare
1402 1160 1509 1201 mihi.
1550 1159 1652 1201 Ideo
1682 1159 1865 1200 maxime

13 1242 15 1244 ’
41 1233 120 1290 (sie
131 1234 168 1290 Ρ)
200 1248 285 1275 11011
315 1240 377 1275 θεῖ
405 1234 751 1290 intellegendum,
784 1233 894 1289 quia,
942 1234 977 1275 si
1006 1234 1087 1275 hoo
1115 1233 1243 1275 uellet.
1271 1233 1474 1289 intellegi,
1519 1240 1726 1274 ostentare
1756 1233 1867 1274 nobis

23 1288 262 1372 'dicendum
291 1313 392 1358 erat,
438 1322 533 1349 eum
562 1322 647 1349 non
678 1307 789 1349 solus
823 1307 903 1349 iter
938 1307 1078 1358 faciat,
1123 1321 1202 1349 neo
1241 1307 1336 1349 illos
1371 1313 1533 1348 montes
1570 1306 1680 1348 solus
1721 1306 1866 1348 uidere

0 1418 1 1421 ,
23 1373 222 1437 'incipiat

23 1413 27 1518 l
151 1456 215 1497 78.
247 1469 343 1512 quos
375 1463 500 1497 torret
528 1455 740 1497 Atabulus.
800 1454 875 1497 Sic
904 1454 1142 1510 appellatur
1171 1460 1320 1496 uentus
1360 1454 1404 1495 in
1424 1453 1586 1510 Apulia
1607 1453 1866 1496 feruentissi-

39 1544 130 1571 mus
161 1527 330 1571 Graeca
360 1529 657 1585 appellatione,
692 1529 849 1586 [quasi]
883 1543 938 1570 se.
975 1555 1016 1559 —
1055 1554 1109 1559 -—-
1139 1529 1207 1583 τὴν
1242 1528 1339 1583 ἄτην
1374 1529 1554 1584 βάλλων.

25 1696 28 1719 1
154 1690 186 1731 1)
211 1690 441 1721 Urbanissima
465 1690 659 1731 MR2G(Q).
686 1690 900 1720 urbanissime
922 1690 1012 1721 vafh.
1038 1691 1108 1720 urb.
1134 1699 1155 1719 a
1180 1693 1262 1720 cont.
1288 1689 1322 1718 M
1348 1690 1421 1729 (H.)
1471 1691 1505 1730 2)
1532 1690 1564 1719 111
1589 1699 1621 1720 eo
1638 1690 1709 1719 MR.
1759 1690 1794 1730 5)
1820 1691 1868 1719 ni-

40 1748 107 1778 hilo
131 1748 195 1779 det.
221 1748 264 1786 M,
303 1753 338 1778 ut
361 1749 526 1791 EBch,va
552 1749 599 1787 (n.
626 1748 672 1787 d.)
699 1749 773 1777 lem.
800 1749 832 1777 in
858 1747 910 1777 fh:
950 1746 1063 1777 Scriba
1087 1747 1172 1785 quod
1197 1751 1282 1776 esset
1307 1746 1477 1787 (Deterius
1504 1747 1606 1777 nihilo
1632 1748 1665 1776 in
1691 1746 1784 1785 Hor.)
1810 1747 1868 1776 Ni-

25 1802 118 1842 lchilo
143 1806 207 1835 det.
230 1806 366 1847 YD-AMR
392 1805 514 1836 Geneu.
540 1806 671 1843 aliique.
698 1805 886 1843 Legendum
910 1805 961 1834 uel
988 1808 1140 1842 pronunt.
1173 1807 1223 1833 est
1247 1803 1318 1832 Nilo
1342 1808 1398 1834 aut
1422 1790 1576 1842 Ni(ffi)lo‚
1612 1808 1649 1832 ut
1672 1804 1771 1832 habet
1795 1803 1867 1833 Par.

26 1861 64 1891 :1.
89 1861 181 1892 Bern.
207 1862 252 1892 B:
290 1863 420 1892 Nichilo
447 1862 515 1901 (chi
541 1871 636 1900 expu.
656 1863 674 1891 2
694 1861 750 1899 111.)
777 1862 842 1893 (let.
871 1861 936 1890 Nil.
961 1870 978 1890 o
1005 1862 1068 1890 det.
1094 1861 1128 1890 P.
1155 1860 1246 1890 Nullo
1271 1860 1366 1891 Bern.
1393 1859 1428 1889 C.
1455 1860 1546 1889 Baro.
1573 1860 1727 1889 Deterius
1751 1860 1868 1890 nichilo

26 1918 135 1963 fflern„
152 1919 180 1948 A
199 1923 230 1948 et
246 1919 316 1949 Par.
335 1919 365 1957 J,
392 1920 446 1957 qui
472 1929 536 1948 non
561 1919 659 1948 habet
685 1918 785 1948 nihilo
805 1916 970 1956 (Pottier).
996 1917 1136 1947 θείω-ἐπε
1161 1917 1399 1954 comparatiuus
1424 1917 1663 1955 postponendus
1689 1920 1739 1946 est
1762 1916 1867 1953 nihilo,

27 1965 76 2005 Ξ111.
98 1974 191 2005 nihilo
214 1975 345 2015 segnius,
381 1975 444 2005 nih.
470 1975 576 2005 minus.
615 1975 719 2005 Nilum
742 1984 800 2013 pro
823 1974 946 2004 nihilum
976 1973 1057 2012 freq.
1083 1974 1169 2012 apud
1202 1973 1329 2003 Lucret.
1355 1973 1381 2010 Ι,
1408 1974 1483 2003 206.
1512 1974 1586 2003 238.
1613 1975 1688 2003 674.
1756 1973 1790 2012 6)
1812 1982 1870 2012 per

26 2015 187 2067 liuditium
211 2032 254 2062 M.
280 2032 369 2061 illum
394 2032 430 2062 de
454 2031 542 2062 curia
565 2031 655 2061 vafh.
683 2031 773 2061 illum
797 2031 923 2060 decuria
947 2030 1041 2068 MR‚2
1067 2040 1127 2060 om.
1154 2031 1203 2074 (le.
1229 2029 1356 2060 decuria
1392 2030 1566 2060 ablatiuus.
1603 2034 1699 2060 recte.
1739 2029 1789 2068 (de
1815 2030 1869 2058 de·

3 2121 6 2124 ,
28 2072 129 2118 youria
154 2086 272 2128 (G?)Q.
299 2088 379 2119 conf.
404 2089 480 2118 Aer.
508 2088 643 2118 millium
666 2088 890 2126 praeiuditium
915 2097 945 2117 v.
971 2088 1148 2117 scribarum
1174 2097 1233 2117 om.
1253 2088 1284 2116 2.
1315 2090 1526 2125 comparasset
1552 2087 1582 2116 2.
1631 2087 1667 2126 8)
1693 2087 1777 2116 Pene
1801 2096 1869 2116 ma-

42 2153 110 2175 cros
133 2146 213 2175 arsit
226 2145 325 2184 M,va,
350 2149 386 2174 11ῖ
410 2145 506 2188 ΒερΙ).
532 2145 646 2175 Ambr.
671 2145 791 2175 Bernn.
818 2143 918 2174 ABC.
944 2144 1046 2174 Poene
1070 2153 1151 2174 111110.
1177 2143 1270 2173 Baro.
1298 2147 1329 2173 et
1355 2144 1425 2173 edd.
1452 2152 1533 2173 saec.
1551 2143 1620 2172 XV.
1645 2143 1751 2173 Paene
1776 2144 1869 2180 arsit,

44 2210 164 2232 macros
190 2202 337 2232 Lambin.
363 2202 513 2232 Torrent.
539 2202 614 2231 Fea.
631 2202 675 2231 M.
728 2199 783 2241 10)
808 2201 930 2241 eneryz'a
954 2211 1036 2231 omn.
1063 2201 1148 2230 libri.
1175 2201 1366 2230 uocabulum
1390 2209 1455 2230 non
1481 2199 1635 2228 Latinum
1666 2210 1722 2237 pro
1753 2199 1785 2228 ui
1816 2199 1870 2229 uel

44 2259 162 2297 uigore.
187 2259 269 2289 mira
294 2259 424 2297 energia
447 2259 520 2289 hab.
546 2259 619 2288 libri
644 2268 741 2297 supra
765 2258 800 2288 C.
828 2259 867 2295 ΙΙ,
889 2259 938 2294 12,
965 2259 1018 2289 28,
1041 2259 1092 2295 19,
1112 2259 1141 2287 8.
1179 2258 1232 2287 adi
1258 2258 1393 2287 indices.
1457 2258 1511 2295 12)
1538 2257 1591 2286 Ex
1616 2256 1871 2286 homoeoteleuto

45 2315 208 2355 (ostentare
230 2315 304 2345 mihi
327 2317 359 2345 in
384 2316 456 2345 lem.
483 2320 514 2345 et
540 2320 612 2354 post
644 2317 781 2354 priorem
813 2316 924 2345 scholii
949 2315 1089 2353 partem)
1117 2325 1177 2344 0111.
1204 2314 1238 2343 Μ
1273 2315 1345 2344 Non
1371 2317 1419 2344 est
1443 2331 1485 2334 —
1511 2317 1570 2343 ost.
1595 2313 1686 2342 mihi.
1711 2313 1871 2342 Turbatus

45 2376 150 2402 autem
174 2373 249 2402 ordo
275 2377 323 2402 est
349 2373 382 2402 in
408 2382 489 2403 omn.
515 2372 582 2402 fere
607 2373 712 2410 libris⁷
738 2373 783 2402 R:
809 2373 882 2402 Non
909 2375 957 2402 est
979 2376 1032 2401 ost.
1057 2371 1131 2401 milti
1153 2380 1216 2401 acc.
1243 2372 1351 2409 potius
1376 2380 1471 2409 quam
1494 2374 1576 2399 notos
1599 2374 1651 2398 ost.
1677 2368 1758 2398 mihi.
1795 2368 1871 2398 Ideo

45 2431 104 2459 etc.
130 2429 166 2459 2:
191 2429 265 2460 Ace.
292 2430 400 2468 potius
425 2439 520 2468 quam
543 2434 625 2459 notos
648 2429 722 2459 mihi
746 2428 787 2467 (ε)
813 2433 959 2458 ostentare
982 2428 1064 2457 mihi.
1103 2428 1179 2458 Ideo
1205 2432 1263 2457 ete.
1291 2426 1335 2457 G:
1363 2436 1427 2456 aec.
1454 2428 1560 2465 potius
1586 2435 1681 2464 quani
1698 2428 1790 2455 notos
1809 2429 1870 2455 ost.

46 2486 133 2515 mihi.
171 2486 247 2516 Ideo
273 2490 330 2516 ete.
356 2496 394 2516 v:
430 2496 494 2516 ace.
521 2487 590 2525 pEis
617 2486 717 2525 (penis
741 2495 796 2524 pro
814 2485 931 2524 potius)
958 2487 1041 2514 iotas
1069 2483 1148 2527 (sie)
1175 2494 1270 2523 quain
1296 2487 1353 2514 ost.
1380 2484 1470 2513 mihi.
1507 2483 1582 2512 Ideo
1608 2486 1668 2511 etc.
1695 2480 1765 2511 afh:
1805 2491 1870 2510 acc.

46 2542 146 2572 melius
169 2547 261 2573 notos
286 2543 364 2573 mihi
390 2553 495 2581 quam.
523 2547 582 2573 ost.
609 2543 700 2572 mihi.
737 2542 812 2572 Ideo
838 2545 900 2571 etc.
925 2541 1061 2571 Secutus
1087 2542 1115 2570 R
1139 2541 1318 2578 interposui
1342 2540 1415 2569 mihi
1438 2543 1529 2569 notos.
1592 2539 1647 2577 13)
1672 2538 1705 2567 id
1729 2538 1800 2567 ideo
1825 2542 1872 2567 te-

47 2608 129 2629 mere
151 2600 267 2629 inculc.
294 2599 330 2635 Q.
355 2600 528 2638 petendum
554 2600 660 2638 potius
684 2600 814 2629 uidetur
838 2598 880 2628 sic
906 2607 947 2627 ex
973 2608 1038 2636 seq.
1065 2601 1166 2636 parte.
1226 2598 1280 2636 14>
1307 2597 1381 2635 quia
1405 2596 1432 2625 εἰ
1454 2596 1515 2625 hoc
1538 2592 1709 2633 A‚a(G?Q:
1738 2594 1790 2623 ‘sic
1815 2604 1872 2632 pro

47 2654 73 2684 si
94 2655 206 2696 libri’).
232 2657 308 2695 quia
330 2656 356 2686 si
379 2657 423 2686 sic
450 2658 477 2686 2.
505 2675 544 2677 -
572 2660 711 2686 ostentat
736 2656 839 2692 nobis,
865 2658 991 2684 montes
1017 2655 1102 2684 solos
1127 2654 1239 2683 uidere
1265 2653 1400 2691 incipiat
1426 2652 1503 2691 (sie)
1530 2651 1594 2687 ash,
1621 2660 1680 2680 om.
1708 2646 1873 2680 ostentare

47 2712 128 2742 nobis
151 2731 191 2735 -—
218 2713 290 2743 illos
318 2713 474 2753 (MRAa).
526 2713 581 2752 17)
607 2713 768 2751 apellatur
793 2730 834 2732 ——
859 2711 1054 2749 apellatione
1078 2710 1122 2748 M,
1150 2711 1203 2749 qui
1229 2711 1352 2748 pergit:
1392 2709 1419 2738 si
1455 2709 1556 2737 atalia
1591 2707 1718 2736 lontatzzs
1755 2712 1802 2736 est
1839 2708 1872 2737 in

50 2772 137 2799 atam
160 2770 304 2800 ballonta
335 2774 365 2799 ta
397 2768 486 2808 (sie).
520 2769 564 2799 G:
605 2770 631 2798 si
657 2778 675 2798 a
699 2768 755 2798 tali
778 2769 921 2798 lontatus
947 2766 964 2797 Ξ
989 2766 999 2797 1
1024 2771 1099 2797 aten
1126 2767 1284 2797 ballonta.
1310 2770 1393 2804 spat.
1418 2774 1488 2794 uae.
1515 2765 1546 2793 in
1571 2763 1606 2792 R.
1631 2763 1677 2792 A:
1718 2764 1744 2792 εἰ
1771 2773 1790 2792 a
1814 2764 1873 2793 tali

50 2825 188 2857 lantatus
212 2831 255 2856 est
277 2828 311 2856 in
336 2831 410 2856 aten
433 2827 589 2856 ballonta.
614 2836 651 2855 v:
678 2825 764 2864 quasi
786 2835 843 2867 την
868 2835 945 2866 ατην
970 2821 1107 2865 λαλνογα
1134 2823 1221 2862 (sie).
1248 2822 1352 2857 ath:
1378 2821 1466 2861 quasi
1481 2819 1538 2864 τὴν
1556 2818 1633 2863 ἄτην
1651 2816 1734 2863 βάλῃ
1754 2816 1872 2864 (βάλλῃ

52 2880 104 2921 Q).
130 2882 213 2918 Quid
238 2884 397 2921 prioribus
428 2883 535 2913 uerbis
568 2883 658 2920 insit,
695 2892 756 2912 non
781 2885 888 2920 patet3
926 2891 1074 2920 graecam
1100 2890 1171 2911 esse
1196 2881 1390 2910 locutionem
1418 2889 1459 2908 ex
1486 2881 1566 2916 spat.
1593 2885 1662 2906 uae.
1688 2878 1721 2906 in
1747 2877 1775 2906 R
1800 2886 1874 2906 0011-

50 2937 224 2969 cludimus:
261 2936 382 2981 βλάβην
407 2938 520 2982 φέρων,
546 2937 675 2982 ἀτηρος,
702 2939 734 2968 id
761 2942 821 2975 est,
850 2935 907 2981 τήν
933 2936 1011 2981 ἄτην
1037 2934 1163 2980 βάλλων
1190 2937 1288 2975 (conf.
1315 2936 1407 2965 Hom.
1432 2935 1470 2963 Il.
1495 2934 1536 2969 ΙΙ,
1568 2935 1639 2962 111.
1664 2932 1752 2970 VIII,
1780 2932 1873 2970 237),

53 2995 105 3032 qui
128 2998 163 3025 ut
186 2994 305 3025 Seneca
331 2996 367 3031 Q.
393 2997 433 3026 N.
459 2997 606 3025 similiter
631 2997 688 3031 ait,
714 2995 867 3032 Apuliam
891 2993 1022 3032 infestat,
1049 2998 1080 3024 et
1106 2993 1145 3023 C:
1181 2996 1298 3022 uentus
1324 2991 1448 3030 i'rgf'estzcs
1473 2990 1623 3028 Apuliae.
1650 2989 1719 3032 Βφε
1758 2992 1874 3018 uentus

53 3050 85 3080 in
107 3051 226 3090 Apulia
245 3052 490 3089 feruentissimus.
516 3052 601 3081 Plin.
628 3051 727 3088 XVII,
744 3052 785 3080 24
812 3055 842 3080 et
866 3050 1028 3087 XXXVII,
1056 3051 1073 3079 8
1088 3067 1131 3071 —
1146 3054 1182 3079 ut
1207 3053 1257 3078 est
1282 3050 1315 3078 in
1341 3048 1460 3085 Apulia
1483 3046 1657 3082 Atabulus,
1684 3046 1717 3074 in
1743 3045 1875 3074 Euboea

55 3105 238 3146 Olympias:
263 3110 315 3138 hic
341 3110 425 3138 enim
456 3127 489 3129 —
505 3108 630 3149 frissore
654 3107 810 3137 maritare
823 3106 957 3145 faciens.
988 3106 1127 3141 Quintil.
1150 3106 1238 3142 VIII,
1258 3107 1289 3142 2,
1313 3106 1360 3133 13.
1388 3103 1471 3133 Gell.
1491 3103 1532 3140 ΙΙ,
1552 3104 1612 3132 221
1640 3106 1674 3132 ut
1701 3105 1749 3131 est
1774 3102 1875 3130 Hora-

54 3162 149 3194 tianus
172 3174 296 3204 quoqoe
319 3166 375 3195 ille
400 3165 551 3195 Atabulus.
576 3174 691 3204 graeca
716 3164 932 3203 appellatione
956 3163 1092 3199 Quintil.
1118 3162 1174 3200 IX,
1202 3162 1231 3199 2,
1258 3161 1310 3190 34.

36 3222 41 3412 ἱ

1891 947 1931 980 10

1892 1315 1931 1346 15
