2148 3412
786 175 833 207 IN
860 175 995 208 sERM.
1022 177 1047 215 1,
1074 182 1104 211 2.
1800 172 1852 212 37

145 296 353 351 ciniflones.
396 296 607 353 Cinistones
630 297 825 339 cinerarii
846 298 988 354 uulgo,
1026 300 1097 354 qui
1120 300 1423 343 calefaciebant
1443 304 1613 354 ferrum,
1647 318 1727 358 quo
1754 320 1857 346 mu-

33 369 154 410 lieres
185 368 358 423 capillos
389 369 642 425 crispabant.
709 371 920 427 Cim'flones
949 379 987 412 ct
1019 373 1215 414 cinerarii
1247 375 1393 416 eadem
1416 376 1723 430 significatione
1745 379 1857 433 apud

34 441 206 483 Veteres
237 441 500 483 habebantur
515 443 567 484 ab
585 444 721 485 officio
754 445 1086 486 calamistrorum
1111 445 1174 502 [id
1195 455 1268 497 est,
1300 449 1494 505 neruum]
1519 450 1562 490 in
1585 450 1725 492 cinere
1747 452 1858 493 cale-

32 514 332 564 faciendorum,
365 515 516 570 quibus
547 524 760 558 matronae
793 517 968 572 capillos
999 518 1253 573 crispabant.
1315 519 1447 563 Cuius
1478 523 1539 564 rei
1570 531 1610 564 et
1638 525 1747 579 Very.
1770 540 1857 566 me-

32 587 152 628 minit
194 587 338 629 dicens
383 588 457 642 (A.
487 589 594 639 XII,
629 591 748 643 100):
797 592 924 632 crines
975 592 1152 634 Vibratos
1199 595 1331 635 calido
1374 597 1499 648 ferro.
1560 595 1678 638 Dicti
1719 607 1855 640 autem

33 661 231 717 ciniflones
261 660 314 702 ab
346 675 407 711 eo,
453 662 564 716 quod
595 662 637 703 in
670 663 853 705 cinerem
883 664 985 705 flant
1014 665 1068 705 ad
1100 666 1431 708 calefaciendum
1462 670 1632 721 ferrum,
1681 686 1785 726 quos
1819 679 1858 713 et

34 735 250 776 cinerarios
281 734 563 789 appellabant.

145 808 208 848 99.
243 808 334 848 100.
359 809 491 864 palla.
551 808 636 851 Pro
662 811 869 866 peripodio
900 811 1052 865 posuit,
1085 812 1198 866 quod
1219 812 1363 854 dicunt
1383 817 1696 871 lmzicopallium.
1762 819 1858 859 Plu-

32 882 147 922 rima.
207 878 410 921 Officiunt
442 896 472 923 s.
504 890 609 923 sunt.
670 885 890 925 imtideaat.
923 882 1116 925 Obstent.
1178 889 1286 927 Rem.
1320 884 1487 942 Corpus
1518 889 1716 931 mulieris.

144 954 234 995 101.
269 955 407 996 Altera
437 956 495 996 m‘t
525 957 662 997 obstat.
700 957 788 998 Cois
819 958 897 999 tibi.
958 956 1121 1007 Altera,
1167 958 1316 1013 inquit,
1359 974 1465 1014 quae
1496 970 1669 1016 prostat,
1718 964 1858 1018 perlu-
1886 976 1927 1006 10

32 1025 126 1067 cida
145 1033 259 1068 ueste
280 1027 420 1077 utitur,
452 1029 510 1069 ita
540 1037 583 1070 ut
603 1029 715 1070 nuda
738 1030 925 1085 conspici
947 1031 1096 1086 possit3
1130 1031 1233 1072 haec
1264 1040 1402 1074 autem
1423 1035 1552 1076 uestis
1573 1035 1616 1075 in
1640 1034 1702 1077 Co
1724 1037 1860 1079 insula

31 1099 258 1150 conficitur,
280 1114 356 1155 per
378 1101 494 1143 cuius
516 1102 689 1144 nimiam
711 1103 982 1144 subtilitatem
1005 1119 1193 1160 quaeque
1218 1105 1351 1163 [sunt]
1370 1107 1571 1150 interiora
1592 1110 1859 1152 translucent.

136 1189 265 1229 paene
295 1175 377 1216 uid.
411 1183 465 1216 est
488 1176 536 1217 [ft
564 1177 659 1217 mal.
718 1175 859 1231 Prope
891 1177 948 1217 ita
979 1192 1071 1218 eam
1102 1186 1220 1233 potes
1241 1180 1386 1222 uidere
1406 1189 1452 1222 ut
1472 1182 1639 1223 nudam.
1703 1182 1861 1226 Sensus

33 1253 114 1288 est:
146 1246 413 1302 Paupercula
443 1248 588 1289 induta
620 1256 681 1290 est
712 1247 803 1291 Coa
833 1257 948 1291 ueste
980 1250 1266 1302 subtilissima,
1300 1260 1339 1294 et
1360 1254 1455 1296 ideo
1478 1262 1596 1310 potes
1618 1270 1709 1298 eam
1731 1264 1859 1299 totam

32 1319 188 1370 uidere,
221 1319 407 1371 brachia,
439 1321 564 1363 tibias
595 1329 632 1363 et
665 1323 806 1377 pedes,
838 1322 967 1364 ueluti
998 1324 1111 1364 nuda
1143 1324 1207 1366 sit.
1888 1342 1926 1372 15

146 1395 238 1435 105.
271 1395 443 1451 leporem
473 1411 512 1437 u.
542 1410 582 1437 u.
615 1411 651 1436 a.
681 1398 722 1437 in
752 1412 792 1438 η.
823 1404 1000 1438 sectetur.
1071 1396 1241 1439 Inducit
1272 1400 1391 1453 quasi
1423 1401 1631 1443 canticum
1663 1404 1862 1445 amatoris

32 1473 265 1516 matronae3
298 1475 357 1509 est
389 1476 527 1510 autem
558 1469 767 1511 canticum
789 1470 886 1511 hoe:
920 1469 1109 1511 Venator
1129 1472 1395 1526 persequitur
1415 1473 1616 1529 leporem,
1658 1483 1701 1516 ut
1723 1477 1861 1532 capiat

34 1547 74 1582 et
103 1547 270 1596 captum
302 1549 581 1597 contempnat.
642 1542 778 1584 Amor
799 1557 914 1584 meus
935 1542 1033 1585 huic
1054 1543 1215 1592 similis,
1247 1552 1321 1595 est,
1353 1545 1543 1588 absentia
1564 1556 1602 1589 et
1624 1549 1863 1592 difficiliora

34 1613 243 1656 desiderat
275 1622 315 1656 et
344 1623 492 1670 parata
523 1616 796 1671 contempnit.

147 1689 240 1730 106.
265 1691 483 1744 positum.>
525 1689 740 1739 Paratum,
786 1690 1023 1745 adpositum
1063 1689 1105 1730 in
1145 1690 1353 1741 conuiuio,
1400 1698 1442 1733 ut
1483 1695 1647 1736 Persius
1679 1695 1732 1747 (I,
1765 1696 1859 1752 53):
1888 1706 1930 1737 20

36 1761 209 1804 calidum
239 1764 318 1803 scis
342 1777 494 1818 ponere
526 1778 676 1804 s'zmzsen.

149 1836 241 1877 107.
278 1835 418 1877 cantat
448 1845 483 1877 et
513 1837 688 1893 adponit.
748 1835 881 1877 Addit
913 1836 966 1878 ad
998 1836 1221 1887 canticum,
1252 1837 1321 1878 uel
1351 1838 1476 1881 sociis
1511 1840 1684 1896 adponit
1706 1842 1759 1883 ad
1791 1857 1861 1884 co-

37 1907 302 1950 medendum.

152 2042 183 2079 1)
209 2041 386 2073 Ciniflones
412 2044 567 2072 uenerari.
596 2042 673 2081 (sic)
703 2060 741 2064 ——
768 2043 963 2081 crispabant.
997 2042 1106 2072 Cinifl.
1142 2048 1172 2073 et
1202 2044 1263 2073 cin.
1299 2048 1357 2074 etc.
1390 2054 1415 2085 γ.
1450 2046 1520 2075 rell.
1554 2056 1614 2076 om.
1680 2048 1714 2087 3)
1739 2058 1863 2078 aei-aum

36 2098 161 2140 ¹ffimafh.
186 2099 285 2128 nerufi
309 2109 339 2129 v.
402 2100 436 2138 6)
462 2100 501 2128 ad
529 2099 601 2129 serr.
636 2100 726 2129 calef.
760 2100 882 2129 mvafh.
945 2099 978 2138 7)
1004 2099 1178 2137 apellabant
1201 2110 1227 2141 γ.
1255 2101 1324 2129 rell.
1351 2102 1526 2138 appellant.
1555 2101 1590 2131 C.
1620 2112 1679 2132 om.
1705 2104 1796 2134 Dic-ti
1822 2123 1863 2126 k

37 2155 252 2193 appellabant.
281 2154 324 2185 C:
352 2173 391 2175 —
419 2156 683 2191 ealamistrorum,
715 2155 765 2194 qai
789 2166 860 2185 cacus
885 2160 911 2184 et
934 2159 1039 2184 aerata
1061 2155 1172 2193 flando
1203 2156 1235 2185 in
1265 2156 1366 2186 cinere
1397 2157 1622 2197 calefaciebant,
1656 2161 1772 2197 quibus
1805 2166 1864 2191 etc.

37 2211 105 2255 Βφτ
133 2210 320 2241 ‘Ciniflones
345 2215 377 2240 et
402 2212 550 2241 cinerarii
576 2212 652 2241 idem
675 2216 744 2241 sant
767 2213 806 2242 ab
832 2212 936 2242 offitio
962 2212 1218 2241 calamistrorum
1245 2212 1276 2241 in
1303 2214 1407 2242 cinere
1434 2215 1721 2251 calefit-iendoruin5
1749 2218 1865 2254 quibus

38 2273 202 2300 matronae
227 2270 415 2307 crispabant
441 2269 518 2307 (om.
546 2269 708 2308 capillos).
734 2269 829 2298 Unde
855 2270 937 2307 uirg.
964 2270 1107 2299 uibratos
1132 2269 1237 2298 calido
1263 2269 1347 2299 ferro
1373 2279 1539 2309 murraque
1565 2272 1770 2301 merdentes.’
1796 2273 1866 2302 Hoc

39 2327 136 2356 schol.
162 2326 300 2356 Acronis
326 2327 410 2355 idem
436 2325 503 2356 fere
529 2327 562 2355 in
588 2326 703 2364 Porph.
731 2330 793 2362 est,
824 2326 868 2354 ita
892 2330 928 2354 ut
953 2325 1089 2354 alterum
1116 2334 1156 2354 ex
1183 2325 1283 2355 altero
1309 2330 1420 2355 natum
1446 2331 1610 2365 appareat.
1653 2328 1696 2358 Et
1722 2333 1867 2358 extrema

39 2392 111 2422 pars
137 2384 250 2412 addita
275 2388 325 2413 est
350 2387 381 2413 et
407 2384 513 2421 glossa
537 2383 569 2412 z'cZ
592 2387 634 2412 est
656 2392 780 2412 ‘teet-uma
805 2382 1011 2420 interpolata,
1039 2382 1185 2420 quamuis
1212 2391 1313 2420 neque
1338 2392 1411 2412 aera
1437 2392 1540 2421 neque
1572 2387 1707 2412 uerutum
1741 2385 1783 2414 sit
1816 2395 1867 2414 co-

39 2440 164 2469 mendis
190 2440 315 2478 capillis
343 2440 489 2469 seruiens
515 2439 728 2469 calamistrum
753 2438 871 2475 (Plaut.
898 2436 991 2467 Cure.
1018 2437 1072 2474 IV,
1099 2439 1128 2474 4,
1156 2438 1226 2475 21),
1257 2439 1341 2476 quod
1368 2443 1399 2468 et
1424 2449 1494 2468 (cczcs
1521 2439 1651 2477 (Isidor.
1679 2439 1771 2478 Orig.
1796 2440 1868 2477 XX,

44 2496 93 2525 13.
117 2496 192 2525 Juu.
218 2496 258 2533 II,
286 2497 354 2535 94),
382 2499 413 2525 et
426 2495 534 2534 fistula
558 2495 657 2524 breuis
682 2494 822 2533 (Nonius
851 2495 888 2523 15
915 2503 943 2522 n.
971 2494 1028 2532 27)
1054 2497 1085 2522 et
1099 2493 1227 2531 serram
1251 2496 1436 2525 uocabatur.
1463 2495 1546 2525 conf.
1572 2495 1668 2525 Ouid.
1686 2496 1726 2524 A.
1746 2497 1770 2531 Ι,
1791 2497 1867 2526 505.

42 2550 132 2587 Quod
158 2552 389 2581 Braunhardus
415 2552 589 2590 temptauit
613 2551 647 2580 id
657 2555 699 2580 est
710 2550 885 2589 serrorum,
912 2550 983 2579 ideo
1001 2559 1062 2580 non
1081 2550 1281 2587 probandum
1300 2556 1362 2587 est,
1388 2552 1472 2589 quod
1491 2553 1625 2590 pluralis
1645 2562 1707 2581 non
1726 2553 1867 2581 usitatus

44 2613 120 2638 erat.
169 2608 359 2638 Habebantm·
384 2618 468 2638 omn.
495 2609 571 2638 libri
597 2618 651 2647 pro
677 2608 852 2638 dicebantur
879 2608 1029 2646 (Porph.)
1056 2607 1125 2635 siue
1157 2607 1363 2636 uocabantur.
1420 2607 1455 2645 8)
1483 2608 1648 2645 peripodia
1679 2617 1704 2648 γ.
1735 2608 1868 2646 ponitur,

43 2666 126 2703 quod
150 2666 393 2704 tunicopallium
418 2665 478 2695 dict·
499 2669 592 2703 potest
617 2663 652 2694 C.
703 2664 737 2703 9)
765 2664 808 2703 gl.
835 2673 876 2693 ex
900 2674 926 2705 γ.
959 2673 1049 2702 supp.
1076 2666 1159 2692 sunt.
1186 2662 1221 2692 C.
1247 2663 1315 2692 rell.
1341 2672 1400 2695 om.
1427 2681 1468 2683 e-
1493 2663 1674 2693 inuidcbcmt
1696 2665 1869 2693 obstabant

43 2719 88 2750 fh.
115 2720 209 2759 Corp.
235 2722 312 2751 mul.
338 2720 390 2761 γΟ.
418 2722 487 2753 rell.
514 2732 565 2751 om
640 2721 694 2759 10)
720 2721 781 2750 Pro
806 2721 880 2752 leet.
908 2721 993 2758 uulg.
1013 2719 1195 2757 praelucida
1220 2720 1310 2757 posui
1332 2719 1507 2758 perlucida.
1534 2719 1605 2748 uide
1631 2719 1713 2748 infra
1739 2724 1769 2749 et
1795 2720 1868 2749 Tib.

45 2776 98 2814 IV,
125 2778 155 2814 6,
185 2778 234 2807 13.
260 2777 380 2807 Seneca
400 2778 439 2807 de
464 2782 565 2809 const,
596 2778 645 2806 18.
672 2781 762 2806 ueste
787 2778 890 2806 utitur
915 2786 941 2817 γ.
968 2777 1036 2805 rell.
1064 2777 1168 2805 utitur
1192 2779 1292 2805 ueste.
1346 2776 1400 2813 11)
1426 2775 1497 2804 Koo
1522 2784 1547 2815 γ.
1575 2775 1649 2803 choo
1675 2774 1714 2804 G.
1742 2776 1809 2810 eho,
1836 2780 1869 2804 ut

46 2833 79 2862 in
102 2834 173 2863 lem.
199 2833 279 2863 chois
304 2844 333 2863 v.
361 2834 429 2863 rell.
459 2832 496 2863 Co
513 2838 544 2863 et
565 2832 639 2862 Cois.
691 2834 746 2872 12)
772 2842 908 2871 quaeqae
934 2833 991 2862 int.
1007 2842 1033 2874 γ.
1061 2841 1273 2870 quaecamque
1299 2835 1373 2860 sunt
1399 2830 1506 2860 int.C.
1533 2831 1600 2860 rell.
1627 2840 1708 2868 quae
1732 2835 1799 2860 sunt
1823 2832 1871 2860 in—

46 2890 171 2919 teriora.
221 2890 309 2925 Quae
335 2889 416 2919 intra
440 2894 515 2919 sunt
540 2890 658 2927 Porph.
687 2890 807 2919 scholio
834 2890 865 2918 in
889 2898 906 2930 γ
932 2889 1109 2926 praeniissa
1136 2892 1210 2917 sunt
1235 2889 1329 2917 haec:
1371 2885 1445 2916 Coae
1469 2891 1576 2916 uestes
1602 2887 1791 2916 dicebantur
1816 2888 1872 2916 ad-

47 2947 172 2976 modum
198 2947 344 2976 subtiles.
373 2945 437 2975 Cois
462 2947 562 2976 uestis
588 2950 636 2975 est
662 2954 742 2984 quae
768 2946 939 2974 coniicitur
964 2945 1066 2973 insula
1093 2954 1143 2973 coo
1169 2944 1345 2982 perlucida.
1372 2944 1426 2972 alii
1452 2943 1512 2972 cois
1538 2944 1674 2972 coctinis
1701 2943 1790 2981 (sic).
1816 2943 1871 2972 Al-

48 3005 117 3032 tera
142 3007 200 3033 etc.
263 3004 317 3042 18)
345 3004 460 3033 similis
486 3007 527 3032 est
549 3013 576 3044 γ.
603 3003 670 3032 rell.
699 3007 741 3032 cst
765 3003 836 3031 huic
864 3002 987 3031 similis.
1052 3002 1105 3039 19)
1132 3001 1257 3029 deserat
1284 3010 1308 3040 γ.
1337 3003 1545 3036 contempnat
1571 2999 1605 3039 (a
1631 3000 1663 3028 in
1690 3000 1698 3027 i
1725 3000 1819 3037 mut.)
1845 3009 1871 3040 γ.

49 3057 107 3097 20)
134 3060 180 3088 sic
205 3059 301 3089 schol.
328 3060 540 3089 constitutum
567 3068 609 3088 ex
632 3067 659 3099 γ.
684 3062 788 3087 totum
815 3069 875 3087 oni.
903 3056 939 3086 C.
967 3057 1018 3086 fh:
1046 3057 1081 3085 Id
1101 3060 1149 3085 est>
1166 3058 1346 3094 oppositum
1374 3057 1405 3084 in
1432 3056 1581 3084 conuiuio
1600 3055 1676 3093 (om.
1696 3054 1871 3094 G,1nan),

0 3123 1 3146 1
50 3115 90 3144 ad
115 3116 344 3145 comedendum
369 3120 515 3153 paratum
542 3114 735 3151 Gnnvath.
802 3115 859 3153 22)
885 3114 1090 3151 Ampliticani
1118 3113 1232 3142 lemma
1256 3112 1388 3151 adponit.
1415 3112 1569 3142 cauticum
1596 3121 1620 3151 γ.
1648 3112 1715 3141 rell.
1742 3115 1870 3140 cantum.

0 3149 2 3220 Ι
51 3170 131 3201 conf.
157 3171 256 3202 schol.
282 3171 486 3210 praecedens.
513 3170 557 3201 C:
583 3171 713 3209 apponit.
740 3170 773 3200 in
797 3170 943 3200 conuiuio
970 3169 1135 3199 edendum.
