2148 3412
816 106 864 137 IN
890 106 997 138 ΛΒΤ.
1023 106 1155 139 romu
1822 98 1901 138 621

70 234 213 270 mutuo
243 228 414 284 pariter.
474 230 516 270 in
549 231 649 272 Acci
676 231 882 274 Nobilibus
913 232 1105 273 trimetris
1137 232 1307 289 adparet
1337 246 1462 274 rarus
1493 240 1527 274 et
1556 233 1676 275 Enni.
1745 230 1905 274 Accius

71 308 111 344 et
153 302 319 344 Ennius
364 303 503 358 legem
548 303 670 344 metri
710 303 754 344 in
798 303 955 346 fabulis
999 304 1172 346 minime
1218 312 1512 348 seruauerunt:
1557 321 1655 347 nam
1701 305 1903 361 quosdam

70 391 216 418 uersus
246 375 460 432 longiores
490 376 659 418 habent.

185 451 279 492 258.
318 451 492 492 Cecleret.
526 449 771 492 Recederet.
833 452 1053 494 socialiter.
1084 451 1265 493 Pariter.

184 524 279 566 259.
312 524 528 567 Nobilibus.
561 523 750 578 Optimis
780 524 1058 579 poematibus.
1954 540 1972 569 5

186 599 282 639 260.
313 598 364 638 In
395 612 555 639 scenam
587 600 726 639 missos
759 613 850 640 cum
880 613 1025 653 maqno
1052 600 1230 655 pondere
1259 614 1411 643 uersus.
1482 600 1602 657 [Cum
1632 616 1777 656 mayno
1801 616 1906 659 pon-

71 671 205 728 dere:]
230 671 476 726 tragoediae
499 671 672 713 seilicet.
734 671 836 713 Vult
857 678 997 713 autem
1018 673 1252 724 ostendere,
1285 674 1398 729 quod
1428 675 1674 717 admittatur
1705 675 1831 717 etiam
1853 675 1905 716 ad

70 745 334 802 tragoediam
366 745 590 800 spondeus.
653 744 793 801 Saepe
823 760 970 788 uersus
1002 747 1196 802 quamuis
1227 762 1429 803 magnum
1461 755 1656 790 sonantes
1677 749 1906 804 reprehen-

71 819 132 861 dit
152 819 291 870 iudex,
323 826 395 861 aut
416 819 538 875 quasi
560 820 650 861 sine
682 834 782 861 cura
812 821 957 870 factos,
989 827 1058 862 aut
1092 821 1212 876 quasi
1243 821 1332 864 sine
1363 830 1465 873 arte,
1498 823 1598 877 quia
1627 838 1712 864 non
1740 822 1905 870 sufficit,

71 894 106 936 si
136 908 338 950 magnum
371 908 505 944 sones,
539 894 612 935 sed
644 893 773 936 debes
803 894 930 935 etiam
963 909 1059 935 cum
1090 903 1178 936 arte
1210 903 1250 937 et
1281 911 1382 938 eura
1404 896 1601 938 seribere.
1662 896 1821 947 Monet,
1854 911 1906 938 ne
1937 907 1974 938 10

70 974 142 1009 aut
170 967 391 1023 tragoedia
412 967 688 1024 neglegenter
709 967 930 1018 scribatur,
967 975 1037 1009 aut
1058 968 1251 1024 inperite.
1311 969 1454 1020 Multi,
1486 970 1635 1026 inquit,
1667 970 1907 1026 uituperant

71 1056 216 1084 uersus
247 1041 397 1083 missos
427 1043 471 1082 in
503 1056 684 1092 scenam,
717 1049 788 1083 aut
819 1042 989 1090 celeres,
1021 1049 1092 1083 aut
1121 1042 1338 1098 inperitos.

185 1116 279 1157 261.
313 1118 393 1157 Aut
423 1130 567 1172 operae
600 1116 738 1157 celeris
776 1118 955 1158 nimium.
1033 1115 1252 1167 Celei-itas,
1300 1116 1343 1157 id
1390 1124 1463 1167 est,
1505 1117 1790 1173 neglegentia,
1837 1124 1908 1159 aut

71 1189 271 1245 inperitia
301 1189 566 1245 uituperatur
596 1189 639 1230 in
670 1190 903 1245 tragoedia.
966 1188 1053 1242 Qui
1075 1190 1286 1245 spondeos
1308 1205 1392 1232 non
1422 1190 1617 1240 habeant,
1654 1206 1808 1246 operae
1840 1206 1907 1233 ee-

70 1263 169 1305 leris
199 1278 346 1306 uersus
377 1270 485 1314 sunt,
519 1264 590 1318 qui
622 1263 712 1305 sine
744 1279 844 1305 cura
876 1263 1129 1314 scribuntur,
1161 1264 1205 1304 id
1236 1271 1310 1314 est,
1347 1264 1637 1321 neglegenter.
1700 1263 1907 1307 Celei-itas
1938 1275 1974 1306 15

71 1345 185 1379 caret
216 1352 317 1379 eura
354 1345 529 1393 propter
558 1337 886 1394 neglegentiam.
954 1337 1238 1393 Neglegentia
1274 1344 1314 1378 et
1359 1337 1572 1392 imperitia
1617 1338 1910 1393 uituperantur

70 1411 114 1453 in
144 1411 399 1468 tragoedia]

185 1487 278 1528 262.
311 1485 396 1528 Aut
423 1487 634 1542 iqnoralcw
658 1487 808 1542 premit
831 1487 943 1527 artis.
1008 1485 1178 1527 Premit:
1214 1485 1368 1541 arguit,
1401 1485 1684 1540 reprehendit.
1747 1488 1910 1528 crimine

72 1561 192 1617 turpi.
260 1559 373 1613 Quia
411 1566 532 1616 turpe
571 1567 645 1610 est,
691 1567 824 1601 artem
869 1560 1080 1615 ignorare.
1142 1561 1319 1601 crimine.
1367 1558 1481 1612 Quia
1525 1566 1596 1600 aut
1640 1560 1911 1617 neglegentia

71 1634 280 1690 spondeos
301 1650 385 1676 non
407 1634 623 1685 admiscet,
655 1641 724 1676 aut
747 1649 822 1689 per
852 1633 1093 1689 inperitiam
1125 1634 1169 1674 in
1189 1633 1436 1689 incongruis
1456 1633 1560 1675 locis
1581 1634 1712 1690 ponit.
1772 1634 1907 1685 Dicit,
1935 1644 1977 1676 20

72 1708 281 1764 spondeos
311 1707 443 1750 Ennii
474 1722 641 1763 quoque
671 1723 817 1750 uersus
849 1708 1024 1749 erimine
1056 1707 1204 1762 premi.
1268 1707 1399 1764 [artis.
1431 1706 1597 1764 Iudex.]

186 1784 279 1824 263.
312 1783 403 1825 Νοη
433 1783 565 1839 quiuis
595 1783 714 1824 uidet.
794 1781 844 1823 Id
877 1791 956 1823 est:
990 1797 1073 1823 non
1104 1781 1244 1836 quiuis
1276 1781 1400 1823 facile
1431 1788 1570 1837 potest
1600 1782 1910 1838 reprehendere

73 1871 236 1913 poema.

187 1932 282 1972 264.
318 1932 367 1972 Ec
399 1931 491 1972 data
523 1931 714 1972 Romanis
745 1931 868 1972 uenia
905 1939 961 1972 est
996 1931 1163 1986 incliyna
1193 1932 1334 1987 poetis.
1414 1929 1528 1983 Quia
1575 1930 1767 1985 quemuis
1811 1930 1911 1972 facit

73 2021 253 2062 pronum
283 2004 455 2047 lieentia
485 2004 704 2061 peccandi.
764 2003 875 2046 Nam
911 2004 1100 2046 Ennium
1130 2004 1297 2046 uidetur
1328 2018 1516 2060 carpere,
1563 2004 1664 2058 quia
1694 2004 1911 2047 Romanus
1937 2014 1977 2044 25

73 2096 157 2123 non
188 2079 312 2122 debet
343 2086 486 2135 petere
517 2080 705 2128 ueniam3
738 2094 836 2120 nam
868 2078 993 2120 debet
1023 2094 1210 2120 summus
1240 2092 1344 2120 esse.

187 2155 282 2196 265.
315 2155 409 2195 266.
442 2155 650 2196 Iclcz'rcone
670 2167 792 2207 παρετ
813 2154 1061 2209 scribamque
1086 2154 1260 2194 licenter.
1323 2151 1426 2194 Sine
1449 2152 1609 2194 ordine.
1641 2152 1692 2193 Id
1713 2158 1794 2194 est:
1827 2167 1911 2194 non

187 2335 223 2373 4)
248 2333 411 2364 Recedent
427 2342 453 2374 γ.
472 2333 541 2363 rell.
559 2342 619 2363 om.
658 2332 793 2370 Insuper
810 2341 826 2374 γ
851 2332 950 2362 habet
975 2332 1116 2370 glossam
1142 2330 1275 2361 Pariter.
1302 2331 1346 2361 C:
1375 2332 1507 2370 pariter,
1533 2331 1733 2361 concorditer.
1759 2331 1830 2361 rell.
1850 2341 1911 2361 om.

77 2393 111 2431 5)
138 2391 213 2430 Opt.
239 2391 443 2429 poematibus
468 2400 494 2433 γ.
521 2391 604 2420 conf.
632 2388 677 2420 C:
715 2394 780 2428 opt.
807 2389 968 2428 poematis.
995 2389 1144 2418 ironicos
1171 2389 1241 2418 rell.
1268 2398 1328 2419 om.
1395 2390 1429 2427 6)
1457 2388 1537 2417 Cum
1576 2397 1637 2417 ma.
1675 2388 1772 2426 pond.
1800 2397 1861 2418 om.
1888 2397 1905 2429 γ

77 2450 110 2488 7)
137 2448 320 2479 admittitur
343 2458 369 2490 γ.
405 2447 486 2477 Cum
510 2457 628 2485 magno
658 2463 683 2465 ν-
708 2447 869 2485 spondeus
895 2456 955 2476 om.
990 2446 1019 2476 N
1043 2446 1127 2476 Med.
1155 2445 1283 2483 G,rvea.
1332 2446 1367 2484 9)
1393 2445 1481 2484 quasi
1505 2446 1574 2475 sine
1600 2448 1670 2474 arte
1693 2454 1720 2486 γ.
1747 2445 1817 2474 rell.
1845 2455 1906 2475 om.

76 2507 179 2545 quasi.
205 2524 244 2527 ω
274 2507 373 2536 etiam
398 2510 478 2542 arte,
505 2515 565 2535 oni.
603 2514 684 2542 cum,
711 2505 750 2541 N,
789 2508 820 2534 et
845 2514 920 2534 cura
945 2505 1085 2533 seribere
1108 2514 1135 2546 γ.
1162 2504 1230 2533 rell.
1269 2503 1363 2532 scrib.
1393 2506 1424 2532 et
1449 2512 1531 2532 cura.
1599 2503 1656 2541 13)
1681 2501 1842 2531 Celeritas
1868 2519 1908 2522 —

75 2564 243 2602 tragoedia
266 2573 294 2604 γ.
322 2563 393 2592 rell.
413 2572 472 2592 om.
500 2562 561 2598 Qui
589 2571 635 2600 sp.
662 2571 723 2591 non
750 2562 893 2591 habeant
918 2571 944 2603 γ.
971 2561 1041 2590 rell.
1068 2570 1129 2590 om.
1162 2569 1276 2598 operae
1302 2560 1423 2588 celeres
1450 2576 1489 2579 —
1518 2558 1758 2596 neglegentiam
1784 2568 1845 2588 om.
1872 2558 1911 2588 G.

79 2621 134 2660 15)
160 2621 237 2650 Post
263 2631 294 2650 u.
321 2620 508 2660 neglegenter
532 2629 549 2661 γ
575 2620 672 2649 habet
698 2622 821 2656 partem
848 2618 1109 2656 praecedentem:
1149 2616 1250 2655 Saepe
1278 2626 1389 2646 uersus
1415 2634 1455 2635 ff
1481 2615 1643 2654 imperitos
1668 2615 1781 2653 (habet
1807 2618 1913 2644 autem

76 2677 256 2717 inperitIa).
308 2677 363 2715 16)
390 2677 607 2716 Neglegentia
622 2694 662 2697 e-r—
677 2676 846 2714 tragoedia
871 2685 931 2704 om.
957 2675 987 2703 h.
1015 2675 1035 2704 l.
1061 2683 1086 2716 γ.
1150 2675 1205 2713 16)
1231 2675 1458 2712 uituperantur
1483 2674 1568 2702 libri.
1597 2673 1630 2702 in
1656 2671 1842 2710 Tragoediis
1865 2672 1912 2702 fh.

76 2739 109 2764 ut
131 2736 166 2765 in
191 2734 358 2773 tragoedia
383 2734 421 2764 G.
448 2734 518 2764 rell.
557 2735 590 2763 in
616 2732 786 2771 tragoedia
811 2731 842 2772 (r
866 2742 926 2761 0111.
954 2731 1014 2770 in).
1042 2730 1124 2761 conf.
1150 2730 1192 2761 C:
1226 2730 1350 2770 ‘premia
1375 2730 1521 2765 obscurat,
1548 2739 1616 2767 arg.
1644 2739 1725 2767 repr.
1751 2728 1839 2758 iudea·
1857 2738 1914 2767 po-

74 2791 183 2830 pulus!
252 2792 305 2830 19)
332 2795 435 2821 artem
461 2792 526 2829 ign.
552 2800 578 2833 γ.
607 2791 676 2820 rell.
706 2791 773 2827 ign.
800 2792 913 2818 artem.
940 2806 982 2809 -*
1008 2788 1143 2818 crimine.
1171 2789 1247 2826 quia
1271 2797 1298 2829 γ.
1328 2788 1397 2816 rell.
1425 2796 1515 2825 quae,
1552 2796 1612 2815 om.
1640 2786 1756 2819 lemma
1780 2785 1914 2815 crimine.

79 2849 136 2888 20)
164 2849 316 2887 congruis
341 2849 420 2878 locis
445 2857 504 2877 non
529 2848 620 2886 ponit
644 2847 683 2877 N.
718 2846 810 2876 Dicit
834 2845 868 2874 ob
894 2845 1005 2883 spond.
1033 2854 1079 2874 ca.
1106 2849 1162 2874 aut
1181 2854 1241 2883 per
1264 2844 1448 2882 inperitiam
1474 2843 1506 2872 in
1532 2843 1673 2881 incongr.
1700 2853 1728 2884 γ.
1754 2842 1823 2872 rell.
1860 2846 1916 2872 aut

78 2907 244 2945 imperitia
269 2907 426 2944 incongr.,
452 2915 513 2935 om.
539 2904 579 2934 in.
645 2904 702 2942 ⁶21)
729 2913 853 2941 quoque
878 2913 939 2932 om.
966 2902 1116 2939 N‚veafh.
1143 2902 1278 2931 crimine
1296 2900 1448 2940 praeponi
1471 2900 1556 2929 Med.
1581 2917 1621 2920 ——
1648 2901 1734 2929 artis.
1759 2898 1863 2929 Iudex
1888 2909 1914 2940 γ.

78 2963 150 2994 rell.
179 2973 240 2994 om.
307 2963 364 3001 22)
389 2962 427 2991 Id
453 2966 501 2992 est
527 2979 569 2982 -—-
595 2970 705 2999 poema
732 2960 837 3002 -(,th.
864 2960 933 2989 rell.
961 2969 1022 2990 om.
1088 2959 1145 2997 24)
1174 2960 1304 2989 Lemma
1330 2968 1391 2987 om.
1420 2957 1458 2987 G.
1485 2961 1588 2987 totum
1613 2957 1715 2987 schol.
1742 2965 1803 2986 om.
1828 2965 1913 2986 rvca.

80 3020 138 3060 25)
164 3019 247 3050 Nam
272 3020 414 3049 Ennium
440 3019 507 3048 uid.
534 3026 663 3056 carpere
690 3034 730 3038 —
758 3026 829 3046 esse
854 3026 879 3058 γ.
906 3017 974 3046 rell.
1013 3017 1132 3046 habent
1159 3017 1192 3045 in
1218 3015 1342 3046 scholio
1368 3014 1493 3052 subseq.
1520 3014 1614 3044 haee:
1653 3012 1796 3044 ‘Videtur
1820 3017 1916 3042 (cutem

79 3076 209 3106 Ennium
233 3086 364 3115 carpere
389 3094 431 3097 *m
458 3085 539 3105 esse.
590 3076 646 3112 27)
673 3073 751 3103 Sine
776 3074 886 3103 ordine
911 3082 938 3115 γ.
966 3073 1035 3102 rell.
1063 3082 1123 3102 om.
1152 3071 1232 3102 conf.
1261 3071 1303 3101 C:
1332 3071 1405 3101 ‘non
1432 3071 1562 3101 elimato
1588 3071 1740 3107 carmine,
1767 3070 1836 3100 sine
1861 3078 1914 3099 or—

79 3134 175 3163 dine)
203 3138 324 3163 seruent
349 3142 396 3162 ca.
