2148 3412
127 961 167 992 10

124 1329 162 1360 15

120 1695 161 1726 20

193 158 274 197 424
836 166 940 198 Acii.
968 166 1026 197 ET
1053 165 1218 197 Pom’H.
1245 165 1393 198 COMM.

307 298 501 332 recurret.
562 287 720 331 Sensus
754 288 873 346 [cst]:
920 288 966 330 Si
998 303 1105 343 quae
1136 295 1286 330 natura
1316 288 1428 330 bona
1458 294 1564 338 sunt,
1602 288 1770 330 abicere
1800 302 1851 330 ex
1881 288 2019 328 animo

192 364 316 404 uelis:
365 371 547 404 recurre!
576 361 684 403 Nam
732 362 801 416 qui
840 377 965 417 agros
996 362 1175 417 fugiunt,
1221 369 1360 402 tamen
1391 362 1500 402 intra
1530 361 1678 402 urbem
1709 368 1748 402 et
1778 361 1922 402 domos
1951 375 2021 401 rus

193 436 408 477 includunt
450 435 512 492 [in
544 436 621 476 hoc
653 435 770 491 quia]
809 442 932 490 atque
970 435 1141 478 arbores
1189 435 1280 491 [qui
1324 435 1367 476 in
1413 450 1516 490 agro
1562 434 1762 485 habitant,
1808 434 1851 475 in
1895 433 2017 490 urbe]

192 509 387 565 diligunt.

309 584 374 623 26.
408 584 655 624 contendere.
720 583 963 624 Conlendere
994 589 1132 623 autem
1165 596 1398 637 conparare
1431 582 1548 623 dixit.

305 658 369 696 27.
406 658 651 711 Aquinatem.
711 655 947 710 Aquinates
979 669 1190 710 purpurae
1223 655 1381 697 similes
1412 662 1506 696 sunt
1527 654 1689 710 Tyriis3
1721 654 1896 696 multum
1920 668 2022 710 ergo

191 728 360 783 inperiti
391 729 603 770 falluntur.
665 728 762 770 Hoc
793 743 895 784 ergo
927 728 1002 769 ait:
1035 728 1201 769 Patitur
1232 728 1401 782 quidem
1432 729 1676 783 dampnum,
1708 728 1781 782 qui
1802 727 1937 769 nescit
1957 727 2021 767 di-

190 816 362 843 noscere
396 802 675 858 [discernerc]
708 816 931 857 purpuras,
963 802 1035 843 sed
1066 801 1225 843 maiore
1256 801 1440 856 dampno
1471 801 1541 842 ille
1572 801 1779 852 adficitur,
1824 801 1895 856 qui
1928 808 2021 842 tan-

192 883 258 917 tae
291 876 514 931 inperitiae
546 884 619 926 est,
652 884 696 916 ut
726 875 945 917 ueritatem
977 890 1001 916 a
1031 874 1136 917 falso
1167 881 1348 930 nequeat
1378 874 1628 916 discernere.

306 951 372 991 30.
403 950 614 991 secundae.
648 948 896 1004 Prosperae.

304 1024 370 1063 31.
403 1032 589 1064 mutatae.
621 1022 671 1063 In
694 1022 1003 1064 acluersitatem.
1036 1023 1222 1079 quatient.
1243 1020 1624 1077 Pertu1·bant(sic.)
1648 1036 1786 1078 pones.
1808 1020 2021 1076 Depones.

307 1097 373 1137 32.
406 1097 506 1138 licet.
567 1095 759 1138 Verbum
792 1103 863 1137 est.

307 1171 372 1211 33.
405 1172 505 1211 uita.
568 1169 783 1225 Septimus
814 1177 887 1210 est.

298 1257 585 1298 praecurrere.
647 1242 844 1292 Vincere,
876 1241 1141 1297 praeuenire.

301 1331 442 1371 requm
472 1318 557 1357 uita
582 1331 719 1372 praec.
752 1318 912 1357 amieos.
972 1316 1126 1370 Regium
1156 1314 1326 1365 amicos,
1358 1329 1442 1356 non
1473 1316 1570 1357 uita.

303 1390 368 1430 37.
401 1391 564 1431 molens.
624 1388 748 1431 Facit
778 1388 1026 1430 aduerbium
1057 1390 1266 1430 uiolenter.

301 1463 366 1504 39.
399 1465 563 1505 ueritus.
624 1462 757 1504 Deest
786 1463 934 1517 fuerin
966 1477 1050 1504 non
1081 1462 1193 1503 enim
1223 1461 1495 1517 participium
1527 1468 1589 1503 est
1619 1463 1787 1504 ueritus.

300 1537 366 1577 40.
401 1537 604 1592 inprobus.
663 1536 775 1577 Mire
807 1537 1000 1592 inprobus
1032 1550 1109 1591 pro
1141 1550 1203 1585 eo,
1249 1535 1361 1589 quod
1392 1541 1454 1577 est
1484 1550 1637 1577 auarus
1670 1542 1710 1576 et
1741 1535 1932 1591 cupidus,
1977 1542 2022 1576 ut

187 1609 325 1663 (I'erq.
347 1607 396 1650 A.
415 1609 474 1659 X,
496 1612 588 1659 727,
609 1612 630 1650 7
637 1611 729 1665 28>ε
763 1610 864 1651 lauit
890 1610 1060 1665 inproba
1092 1617 1215 1650 taeter
1239 1609 1325 1651 Ora
1357 1623 1494 1658 cruor,
1527 1615 1567 1649 et
1597 1608 1699 1649 alibi
1730 1606 1806 1663 (G.
1823 1607 1904 1659 III,
1923 1609 2023 1650 430.

187 1683 313 1737 431);
343 1684 519 1739 piscihus
551 1692 683 1724 atram
715 1684 915 1744 [mprobus
945 1683 1177 1738 z'nqluue‘em,
1210 1690 1250 1724 et
1272 1682 1346 1738 (A.
1369 1681 1425 1733 II,
1448 1683 1543 1725 356.
1567 1683 1689 1738 357);
1722 1697 1819 1738 quos
1850 1683 2020 1738 ‘mproba

186 1758 339 1798 uentris
371 1758 516 1811 Eoeeqz't
547 1772 682 1798 caecos
714 1758 854 1798 rabies.

300 1832 364 1870 42.
398 1831 500 1871 olim.
532 1829 791 1885 Aliquando.

297 1905 363 1944 47.
397 1904 563 1959 Imperat
594 1912 666 1945 aut
695 1905 820 1945 seruit
852 1904 951 1944 conl.
975 1918 1066 1959 pec.
1099 1917 1162 1945 cu.
1235 1904 1399 1960 Imperat
1428 1903 1646 1959 pecuniae,
1694 1903 1766 1959 qui
1797 1917 1846 1945 ea
1877 1904 2018 1954 utitur,

185 1978 321 2026 seruit,
356 1977 427 2031 qui
459 1991 611 2031 parcus
643 1977 687 2017 in
718 1976 962 2032 amplianda
994 1991 1043 2018 ea
1073 1976 1249 2018 laborat.

298 2052 365 2091 48.
400 2052 533 2105 «liqna.
595 2049 767 2092 Scilicet
789 2050 981 2105 pecunia.
1047 2052 1082 2092 Τ
1081 2059 1214 2092 ortum
1235 2051 1359 2105 digna
1379 2053 1498 2106 sequi.
1559 2050 1656 2093 Hoc
1677 2057 1757 2093 est:
1791 2065 1899 2106 quae
1930 2066 2017 2092 ma-

186 2123 253 2179 gis
283 2123 398 2165 uinci
431 2123 552 2165 debet
585 2139 710 2179 quam
742 2124 926 2173 uincere,
958 2123 1081 2174 trahi,
1114 2139 1199 2165 non
1230 2124 1408 2166 trahere.

302 2319 333 2358 1)
361 2318 395 2349 Si
414 2328 495 2357 quae
523 2318 602 2357 (qua
621 2319 655 2358 v)
682 2322 817 2348 naturae
843 2323 917 2348 sunt
942 2319 1025 2348 bona
1050 2318 1138 2348 vafh.
1166 2318 1199 2348 Si
1225 2328 1305 2357 quae
1330 2323 1446 2349 natura
1465 2319 1522 2358 (ex
1542 2317 1583 2358 C)
1603 2322 1677 2349 sunt
1702 2317 1786 2349 bo‘na
1811 2318 1848 2355 Q.
1877 2317 1912 2349 Si
1937 2329 2017 2358 quae

185 2379 302 2405 natura
327 2377 411 2405 bona
437 2379 512 2406 sunt
538 2376 628 2418 ⁴sb,C.
655 2377 746 2414 quasi
772 2380 918 2406 naturam
944 2377 963 2405 b
981 2394 1021 2396 -ffi
1041 2377 1167 2406 abicere
1194 2386 1234 2406 ex
1259 2385 1309 2406 an.
1336 2377 1416 2406 uelis
1442 2376 1490 2417 Tb.
1518 2376 1586 2406 rell.
1614 2377 1696 2406 abic.
1724 2377 1803 2405 uelis
1829 2385 1871 2405 ex
1896 2376 2014 2406 animo.
2073 2370 2075 2417 J

184 2433 218 2470 2)
245 2437 447 2462 recuro-erent
474 2443 499 2474 γ.
536 2451 574 2453 Ὗ-
600 2437 701 2462 tamen
725 2433 773 2473 Tb.
800 2433 870 2462 rell.
907 2436 1033 2463 tantum.
1069 2433 1335 2472 frequentissima
1361 2432 1516 2463 confusio.
1547 2434 1636 2463 into-a
1660 2434 1709 2475 γΙ).
1736 2433 1806 2462 rell.
1840 2433 1931 2462 inter.
1981 2430 2016 2472 3)

184 2490 217 2518 in
256 2486 314 2519 hoc
350 2491 425 2528 quia
462 2501 520 2521 om.
556 2492 604 2531 γῖι.
642 2491 694 2528 qui
731 2490 763 2518 in
789 2499 866 2528 agro
891 2490 1050 2528 habitant,
1082 2492 1113 2520 in
1138 2491 1216 2520 urbe
1242 2501 1302 2521 om.
1328 2491 1375 2532 *sb.
1424 2490 1460 2529 5)
1489 2489 1581 2520 Cont.
1607 2508 1648 2511 m
1676 2491 1764 2520 dixit
1788 2490 1838 2532 γί).
1862 2489 1931 2519 rell.
1956 2498 2016 2519 om.
2072 2491 2073 2506 ¹

183 2545 223 2575 C:
249 2546 435 2577 contendere.
463 2555 659 2585 comparare,
686 2547 879 2576 discernere.
930 2548 964 2586 G)
990 2556 1142 2585 puerpere
1166 2557 1193 2589 γ.
1245 2547 1278 2586 7)
1306 2556 1381 2586 ergo
1405 2556 1431 2589 γ.
1458 2547 1527 2576 rell.
1554 2556 1614 2576 om.
1642 2547 1766 2585 (lampn.
1792 2556 1819 2588 γ.
1846 2564 1887 2567 —
1913 2545 2016 2575 noscit

183 2602 342 2632 dinoscere
367 2613 392 2645 γ.
442 2602 478 2641 8)
504 2604 641 2641 dampno
666 2613 692 2645 γ.
719 2603 750 2632 h.
778 2603 798 2632 l.
825 2602 908 2633 conf.
934 2602 975 2632 O:
1005 2603 1192 2642 ‘aquinatem
1220 2604 1308 2633 locus
1334 2604 1367 2632 in
1392 2604 1494 2641 italia,
1531 2603 1585 2632 ubi
1621 2603 1723 2632 falsae
1759 2611 1920 2641 purpurae
1956 2611 2016 2632 un·
2070 2643 2071 2647 Ἰ

183 2661 327 2698 guntur.'
381 2660 434 2698 10)
461 2660 637 2698 Prosperae
662 2670 689 2702 γ.
716 2660 786 2689 rell.
814 2670 874 2690 om.
926 2660 981 2699 11)
1010 2660 1140 2690 Scholia
1165 2670 1183 2689 a
1207 2670 1236 2689 u.
1257 2661 1309 2690 31.
1334 2660 1386 2689 32.
1412 2660 1465 2688 33.
1494 2668 1536 2688 ex
1560 2668 1587 2701 γ.
1614 2660 1683 2688 rell.
1710 2669 1770 2689 om.
1797 2660 1879 2689 conf.
1905 2662 2014 2688 tamen

182 2715 217 2747 C.
242 2720 381 2746 mutatae.
419 2718 582 2747 aduersae.
609 2735 650 2737 —v
678 2717 828 2754 Depones
854 2715 920 2758 ·s,C.
989 2717 1043 2755 12)
1072 2716 1147 2747 licet.
1174 2717 1298 2746 licitum
1325 2720 1374 2746 est
1398 2716 1460 2745 tibi
1487 2714 1522 2745 O.
1590 2715 1645 2753 14)
1671 2715 1763 2745 vinc.
1801 2724 1910 2754 praeu.
1947 2713 2014 2756 y,C.
2068 2707 2069 2710 ¹

185 2773 240 2811 17)
268 2773 347 2803 facit
374 2775 447 2803 adu.
473 2774 624 2809 uiolenter,
650 2782 735 2803 omn.
761 2774 846 2802 libri.
874 2772 916 2802 C:
943 2772 1065 2802 uiolens.
1092 2773 1257 2803 uiolentus.
1309 2772 1364 2811 17)
1390 2771 1514 2801 ueritus.
1540 2772 1638 2802 fuerit
1656 2770 1693 2801 C.
1718 2771 2015 2801 Deest—ueritus
2066 2785 2069 2814 j

181 2838 209 2870 γ.
237 2830 306 2858 rell.
333 2840 392 2859 om.
443 2831 500 2869 21)
529 2831 708 2868 inprobatew·
731 2839 757 2871 γ.
784 2833 854 2858 ceter
880 2828 916 2858 C.
943 2828 1025 2858 conf.
1055 2828 1090 2858 C.
1118 2829 1174 2865 ΙΙΙ,
1205 2830 1256 2867 12,
1275 2831 1303 2859 2.
1331 2829 1487 2858 Priscian.
1515 2829 1591 2858 861.
1617 2828 1800 2867 Eutychius
1825 2827 1868 2864 ΙΙ,
1893 2830 1925 2856 et
1949 2826 2014 2856 No·
2066 2819 2068 2848 l

183 2886 255 2913 nius
283 2887 356 2922 327,
385 2888 413 2917 8.
441 2888 519 2923 466,
547 2887 599 2916 ⁴24.
627 2887 703 2923 503,
731 2886 770 2915 25
798 2895 847 2923 ap.
873 2885 1027 2915 Ribbeck.
1057 2903 1097 2905 —
1129 2886 1208 2916 conf.
1235 2886 1360 2915 Nonius
1386 2886 1463 2921 327,
1490 2886 1507 2914 9
1535 2888 1566 2914 et
1592 2885 1667 2922 242,
1696 2884 1736 2913 22
1776 2893 1826 2922 ap.
1852 2882 1946 2912 Ribb.
1972 2900 2009 2903 —

183 2942 265 2970 conf.
291 2942 417 2971 Nonius
444 2943 519 2980 291,
549 2943 586 2972 12
613 2952 663 2980 ap.
689 2942 781 2971 Ribb.
808 2941 906 2972 schol.
935 2950 977 2970 ex
993 2940 1061 2983 γ,Ο.
1088 2942 1156 2971 rell.
1183 2951 1245 2971 om.
1297 2942 1353 2981 22)
1379 2941 1561 2980 Aliquando
1586 2950 1613 2982 γ.
1638 2941 1707 2970 rell.
1734 2949 1795 2970 om.
1847 2938 1906 2978 23)
1932 2939 2012 2977 Imp.

184 3006 252 3034 pec.
279 2999 331 3035 qui
357 3007 422 3027 eam
447 2996 549 3029 seruit?
573 3000 678 3028 utitur
703 2998 758 3036 qui
796 3007 881 3036 parc.
910 2998 1034 3028 laborat
1059 3007 1085 3039 γ.
1113 3016 1151 3019 —-
1180 2998 1243 3034 Qui
1265 3007 1302 3028 ea
1326 2999 1441 3028 utitur.
1466 3008 1496 3028 v.
1533 2998 1610 3036 Imp.
1636 3015 1678 3018 —-
1704 2997 1817 3036 cuique.
1868 2995 1952 3030 Quia
1977 3005 2013 3026 ea
2063 2999 2066 3008 ⁴

182 3054 298 3089 utitur,
326 3055 442 3083 seruit:
470 3056 525 3093 qui
551 3064 633 3092 parc.
660 3054 705 3091 fh,
732 3040 792 3084 orn.
829 3054 971 3093 Imperat
995 3055 1158 3092 pecuniae.
1218 3055 1276 3093 25)
1303 3054 1336 3085 S.
1362 3055 1498 3093 pecunia
1521 3063 1547 3096 γ.
1574 3053 1642 3083 rell.
1670 3063 1731 3083 om.
1750 3071 1790 3074 —
1806 3051 1862 3091 qui
1884 3061 1943 3082 vca
1966 3052 2012 3081 fh.
2062 3051 2065 3075 i

184 3109 290 3138 debet.
327 3110 474 3142 Quoniam
499 3111 585 3141 uinci
612 3114 661 3141 est
686 3111 773 3140 trahi
798 3119 858 3140 non
885 3115 925 3141 tr.
963 3110 1047 3140 cafh.
1085 3111 1234 3149 quoniam
1259 3113 1383 3142 uincere
1410 3111 1486 3151 (om.
1506 3110 1570 3150 est)
1595 3110 1682 3140 trahi
1706 3119 1766 3140 non
1790 3112 1833 3140 tr.
1860 3117 1890 3139 v.
1918 3109 2014 3140 debet
2062 3104 2064 3135 ἕ

182 3164 202 3203 ξ
227 3175 267 3195 va
293 3164 354 3203 (sic
384 3168 395 3195 1
416 3167 474 3206 m.)
502 3168 625 3197 uincere
641 3172 679 3198 tr.
697 3177 755 3197 non
773 3172 813 3197 tr.
839 3177 865 3210 γ.
915 3167 973 3206 26)
1000 3168 1085 3197 trahi
1111 3177 1199 3206 qnam
1216 3167 1287 3204 OQ.
