2148 3412
854 148 901 178 IN
928 148 1063 178 snum.
1090 147 1133 181 11,
1160 150 1190 177 e.
1858 135 1939 174 311

115 287 158 314 se
187 286 269 312 non
300 285 398 312 uere
429 271 531 311 dicit
563 271 819 312 continentia
851 285 1056 312 securum.
1117 268 1196 311 Est
1226 276 1362 310 autem
1401 270 1570 311 Libitina
1606 268 1722 310 locus
1752 269 1795 309 in
1826 268 1944 317 urbe,

114 360 195 400 quo
227 344 545 394 constituuntur,
591 344 662 398 qui
695 344 907 385 efferenda
939 359 1116 398 corpora
1153 343 1392 384 conducunt
1423 351 1461 384 et
1492 342 1695 398 praebent
1727 341 1946 385 funeribus

113 418 359 460 necessaria.
424 418 596 459 Libitina
627 417 781 459 dicitur
811 417 986 458 lectulus
1026 424 1297 458 mortuorum.
1373 416 1535 458 Tantus
1581 424 1655 467 est,
1703 416 1855 470 inquit,
1902 415 1945 456 in

113 492 215 534 urbe
246 491 416 532 morbus
447 499 660 541 autumno,
693 499 735 532 ut
767 498 986 545 quaestum
1018 490 1175 531 faciant
1204 490 1261 539 hi,
1295 491 1366 544 qui
1399 490 1608 532 cadauera
1640 490 1902 532 subuectant.

221 565 375 621 plumb.
406 565 522 606 Aust.
556 567 628 606 Au.
659 567 815 618 111-(111111.
876 564 925 604 In
958 564 1062 604 urbe
1093 564 1264 605 scilicet.

225 640 289 680 20.
322 639 518 681 Matutine
537 647 663 693 paler.
722 638 881 678 Iterum
912 637 1020 677 redit
1050 637 1103 677 ad
1135 652 1293 692 preces.
1354 639 1603 679 Jlatute'num
1638 638 1805 679 inuocat
1840 645 1946 678 tem-

114 728 204 769 pus,
244 727 325 767 quo
357 713 522 768 cogitur
550 712 743 766 uigilare,
791 711 862 765 qui
893 711 936 751 in
966 711 1069 751 urbe
1101 722 1172 752 est.
1247 710 1305 751 Et
1349 710 1548 764 quoniam
1596 711 1772 761 dixerat,
1819 725 1947 764 quam

115 794 280 843 gratum
315 785 374 841 [et
403 785 604 840 amabile]
639 785 719 826 sibi
750 792 857 826 esset
902 800 986 834 rus,
1018 800 1130 825 nunc
1168 799 1189 825 e
1228 784 1439 825 contrario
1485 784 1571 824 uult
1617 784 1771 834 dicere,
1821 799 1947 839 quam

115 860 284 915 plenum
305 859 433 900 taedii
456 859 520 909 sit,
543 859 586 899 in
607 858 710 899 urbe
732 859 889 899 uiuere.
949 857 1138 899 Aliter:
1174 859 1419 901 lilcttnlz'num
1435 867 1596 914 patrem
1618 857 1762 899 dieunt
1783 857 1946 907 Ianum,

115 933 212 989 quia
241 933 331 987 ipse
362 932 516 974 dicitur
546 947 740 987 praeesse
771 931 895 973 rebus
926 931 1194 986 incipiendis,
1241 938 1277 972 et
1323 931 1418 973 idco
1450 946 1607 981 omncs,
1655 931 1726 986 qui
1756 931 1946 986 incipere

116 1007 259 1048 uolunt
288 1006 462 1061 aliquid,
495 1006 632 1061 ipsum
666 1006 875 1047 inuocant.
946 1005 1066 1061 [Ant]
1114 1004 1241 1058 Quia,
1288 1006 1359 1060 qui
1404 1005 1491 1047 uult
1536 1005 1698 1060 aliquid
1743 1005 1947 1060 incipere,

116 1080 316 1121 matutino
349 1086 536 1135 tempore
567 1080 739 1135 incipit3
772 1087 839 1120 aut
872 1079 984 1133 quod
1019 1078 1098 1135 [eo,
1131 1079 1174 1119 id
1206 1079 1301 1135 est,]
1336 1079 1539 1120 matutino
1571 1086 1759 1133 tempore
1792 1093 1949 1121 conue-

116 1154 198 1196 niri
228 1154 495 1208 (conuenire)
528 1153 689 1195 soleret.
750 1153 825 1194 Vel
856 1153 951 1195 idco
982 1153 1144 1208 primus
1174 1153 1302 1194 Ianus
1337 1161 1397 1195 est
1441 1153 1717 1203 inuocandus,
1763 1162 1806 1194 ut
1852 1168 1950 1209 pre-

118 1228 235 1270 cibus
266 1227 421 1269 nostris
453 1227 507 1267 ad
537 1227 663 1268 deum
695 1227 855 1268 aditum
887 1234 1071 1282 praestet
1102 1234 1140 1268 et
1170 1229 1350 1268 ianuam.

228 1302 337 1343 Iane.
403 1301 549 1357 [lanus
581 1301 683 1342 deus
714 1308 950 1355 temporum
987 1300 1245 1356 etdie1·um].
1306 1301 1447 1342 Deum
1469 1309 1705 1357 temporum
1728 1308 1764 1342 ct
1787 1301 1950 1342 dierum

118 1390 241 1431 prece
263 1375 492 1417 confirmat.

230 1451 293 1490 21.
325 1451 391 1490 22.
423 1462 587 1506 operum
610 1452 766 1504 primos
801 1450 865 1490 m't.
900 1449 976 1489 [ab.
1011 1449 1240 1490 Instinctam.
1300 1448 1398 1490 Hoc
1437 1449 1548 1489 enim
1587 1456 1776 1504 tempore
1812 1455 1954 1489 aratur

119 1530 159 1565 ct
193 1523 355 1564 seritur.

230 1599 294 1638 22.
325 1598 379 1638 sic
417 1598 485 1638 Dis
510 1598 719 1653 placitum.
779 1596 838 1638 Ut
871 1603 915 1637 tu
945 1596 1001 1637 sis
1033 1601 1178 1637 auctor
1208 1595 1548 1651 incipiendarum
1580 1610 1732 1638 rerum.

231 1672 296 1712 23.
329 1671 475 1713 Romae
497 1685 727 1727 sponsorem
749 1685 808 1711 me
829 1672 954 1726 rapis.
1014 1669 1236 1719 Matutine,
1269 1676 1313 1710 ut
1335 1670 1558 1724 spondeas.
1621 1669 1844 1725 Spopondi
1864 1669 1953 1719 tibi,

119 1744 361 1794 Maecenas,
398 1754 442 1785 ut
462 1744 643 1786 Romam
674 1744 877 1785 uenirem.
935 1743 1032 1796 Quo
1055 1758 1148 1785 cum
1170 1758 1341 1793 uenero,
1378 1743 1483 1784 haec
1504 1743 1773 1785 incommoda
1804 1743 1954 1799 patior.

232 1819 412 1859 21—26.
446 1820 505 1860 eia
528 1845 571 1847 ᾈ
600 1833 756 1860 neeesse
787 1827 851 1859 est.
914 1816 1001 1870 Qui
1031 1831 1097 1858 me
1119 1817 1236 1872 petit,
1269 1816 1350 1858 sibi
1372 1832 1619 1872 sponsorem
1642 1824 1782 1873 rogat3
1824 1817 1957 1859 nescit

121 1892 236 1942 alter,
269 1906 334 1933 me
365 1892 659 1934 officiosiorem
690 1892 733 1932 in
765 1892 985 1946 promisso.

233 1968 298 2007 24.
329 1967 390 2010 Ne
403 1969 524 2023 prior
545 1967 688 2022 officio.
749 1965 814 2008 Ne
845 1966 952 2007 alius
983 1980 1160 2021 sponsor
1199 1972 1294 2006 ante
1325 1973 1365 2006 te
1395 1964 1479 2015 fiat,
1514 1972 1554 2006 et
1582 1972 1627 2006 tu
1661 1964 1846 2006 uidearis
1881 1979 1957 2006 no-

121 2039 246 2082 luisse
276 2041 413 2082 officio
444 2040 569 2082 amici
599 2041 732 2096 fungi.
793 2041 1045 2097 respondeat.
1078 2038 1333 2082 Satisfaeiat.
1393 2053 1505 2094 urye.
1534 2038 1735 2094 Propera.

124 2195 157 2226 C.
182 2197 222 2234 II,
250 2198 281 2236 5,
308 2199 345 2227 11
372 2197 470 2227 habet
494 2201 674 2236 autumpnus
701 2201 742 2235 et,
772 2203 808 2228 ut
834 2198 928 2227 Bern.
957 2197 992 2235 C,
1019 2202 1188 2227 autumnus.
1230 2196 1314 2232 Quia
1340 2214 1379 2216 ᾉ-
1407 2200 1627 2234 aggi-{tuantur
1652 2195 1791 2231 mvath
1819 2195 1956 2234 (adgn).

126 2255 314 2293 adgravatus
346 2256 476 2285 arbores
509 2255 547 2285 G.
580 2265 640 2285 om.
673 2265 700 2297 γ.
738 2254 823 2290 Quia
847 2264 902 2293 per
933 2258 1123 2283 autumnum
1142 2252 1294 2290 fructibus
1320 2254 1468 2282 arborum
1490 2252 1617 2292 grauati
1641 2253 1684 2290 pl.
1711 2253 1901 2288 moriuntur,
1940 2260 1958 2280 a

125 2320 186 2349 quo
212 2313 275 2341 sibi
300 2313 380 2342 dicit
405 2313 471 2341 ruri
497 2322 560 2342 non
587 2322 657 2342 esse
682 2312 857 2350 periculum
877 2310 910 2340 C.
937 2320 992 2349 per
1017 2320 1067 2340 au.
1088 2319 1139 2348 po.
1166 2310 1329 2350 aym-anati
1352 2312 1393 2348 pl.
1421 2320 1498 2339 mor.
1525 2319 1551 2350 γ.

218 2368 250 2405 1)
276 2370 364 2399 1αο115
391 2369 426 2399 C.
477 2370 512 2408 2)
540 2369 763 2400 constitunNT
788 2378 815 2410 γ.
840 2369 930 2397 lacus
957 2369 989 2397 in
1014 2368 1104 2403 urbe,
1130 2367 1212 2406 apud
1235 2377 1320 2405 quem
1344 2366 1487 2401 habitant,
1514 2367 1567 2404 qui
1595 2364 1631 2395 C.
1681 2365 1715 2403 3)
1742 2364 1891 2394 Libitina
1919 2381 1957 2385 —-

127 2426 315 2456 subuertant
339 2437 365 2468 γ.
392 2428 461 2456 rell.
488 2437 549 2457 om.
588 2427 733 2456 Libitina
760 2427 857 2455 etiam
883 2426 943 2454 dea
968 2428 1026 2460 est,
1065 2428 1096 2454 et
1125 2425 1264 2454 lectulus
1297 2423 1459 2453 cadaueris
1491 2422 1526 2452 C.
1592 2423 1626 2461 6)
1652 2422 1769 2451 Iterum
1803 2421 1888 2450 redit
1919 2421 1958 2450 ad

127 2491 234 2519 preces
258 2492 284 2524 γ.
310 2484 379 2513 rell.
407 2494 468 2513 om.
505 2483 633 2513 inuocat
658 2493 684 2525 γ.
713 2487 809 2512 reete.
836 2483 904 2512 rell.
932 2486 1025 2511 uocat.
1053 2481 1095 2511 C:
1128 2481 1285 2510 inuocatio.
1312 2481 1424 2510 Ianum
1450 2485 1556 2509 autem
1592 2478 1721 2515 inuocat,
1759 2478 1843 2516 quod
1880 2482 1960 2507 tem-

127 2548 236 2576 porum
262 2541 304 2569 sit
329 2530 417 2570 150115
444 2545 476 2570 et
501 2541 623 2579 praesit
647 2541 739 2569 rebus
765 2540 970 2578 incipiendis,
996 2548 1074 2576 quas
1100 2539 1258 2567 matutino
1283 2542 1428 2575 tempore
1446 2541 1531 2566 recte
1550 2536 1692 2573 incipere
1712 2535 1862 2571 solemus,
1890 2535 1960 2564 siue

129 2595 161 2624 in
184 2597 272 2634 urbe,
310 2597 378 2627 siue
403 2598 477 2626 ruri.
544 2598 578 2636 8)
606 2602 733 2635 gratum
759 2601 791 2626 et
816 2607 876 2626 om.
903 2605 985 2625 mva.
1020 2600 1050 2625 et
1076 2596 1212 2624 amabile
1239 2604 1298 2624 om.
1324 2604 1350 2636 γ.
1416 2594 1450 2632 9)
1478 2594 1585 2623 dicunt
1607 2602 1633 2634 γ.
1660 2592 1730 2621 rell.
1755 2595 1851 2620 uocat.
1905 2589 1960 2630 11)

129 2652 187 2681 Aac
210 2663 270 2683 om.
297 2663 324 2695 γ.
391 2655 446 2693 12)
473 2654 506 2683 id
533 2659 581 2684 est
605 2663 665 2683 om.
691 2663 717 2694 γ.
744 2654 840 2683 etiam
866 2662 897 2682 eo
923 2653 997 2682 11101.
1024 2653 1124 2681 uncis.
1157 2670 1196 2672 —--
1225 2652 1399 2681 conuenire
1423 2660 1517 2692 *finum
1543 2650 1614 2678 rell.
1646 2647 1823 2678 conuenirz'.
1849 2648 1964 2677 soleret

131 2717 211 2738 omn.
237 2710 322 2739 libri.
349 2711 425 2741 solet
448 2712 545 2740 tacite
571 2712 630 2740 inc.
658 2711 693 2746 Q.
731 2710 839 2739 soleret
861 2710 1030 2739 conuenire
1063 2709 1183 2738 dietum
1220 2710 1366 2746 possitne
1403 2706 1649 2745 inpersonaliter
1684 2705 1806 2734 dictum
1842 2705 1962 2743 accipe,

129 2766 250 2796 rariore
275 2767 401 2797 scilicet
426 2777 498 2803 usu,
525 2768 579 2805 qui
604 2768 662 2797 uix
689 2766 872 2796 defenditur
899 2766 965 2795 Cic.
993 2765 1122 2795 Cluent.
1151 2767 1209 2795 59:
1235 2769 1272 2794 ut
1297 2765 1380 2795 solet
1404 2762 1541 2801 (fie1·i·?).
1593 2762 1647 2800 15)
1673 2762 1746 2790 Iane
1774 2779 1811 2782 —-
1839 2762 1962 2791 dierum

131 2822 174 2851 sh.
201 2824 270 2853 rell.
297 2834 357 2854 om.
387 2842 425 2844 μ
452 2825 556 2854 Ι)011111
582 2829 676 2862 temp.
705 2828 735 2853 et
761 2823 860 2852 diebus
878 2832 1002 2861 precem
1027 2823 1197 2851 confirmat
1221 2832 1248 2862 γ.
1274 2822 1342 2851 rell.
1370 2831 1431 2851 0111.
1497 2821 1552 2858 17)
1578 2829 1701 2857 operum
1726 2836 1765 2839 —
1795 2819 1910 2848 seritur
1933 2828 1960 2860 γ.

133 2879 200 2907 rell.
226 2889 284 2909 om.
337 2881 391 2919 19)
416 2880 459 2910 sie
484 2881 530 2910 (ἷζε
548 2881 593 2919 pl.
618 2900 621 2901 ν
642 2899 654 2900 ἡ
674 2890 778 2910 reruni
805 2890 820 2921 γ
847 2884 877 2909 et
903 2880 927 2909 C
956 2879 1005 2917 (ut
1032 2883 1067 2908 tu
1093 2881 1136 2908 515
1163 2880 1223 2908 1110.
1250 2889 1273 2907 r.
1301 2878 1442 2916 auctor).
1490 2877 1548 2915 20)
1576 2876 1738 2905 Matutine
1763 2885 1790 2916 γ.
1810 2877 1880 2905 rell.
1901 2885 1961 2905 om.

133 2935 275 2965 Matutine
299 2947 361 2967 non
386 2938 575 2967 aduerbiuin
607 2938 763 2976 prisciani
790 2936 842 2975 (4)
869 2940 917 2966 est
942 2946 997 2974 pro
1022 2945 1108 2965 mane
1133 2937 1201 2965 siue
1227 2936 1383 2965 matutino
1408 2938 1560 2971 tempore,
1599 2933 1654 2962 sed
1691 2933 1870 2969 uocatiuus,
1908 2934 1962 2970 qui

133 2994 398 3023 constructionem
423 2994 518 3032 rapis,
545 2994 693 3038 flsatzctine
712 2997 803 3031 pater
827 2994 960 3024 indicat.
990 2996 1026 3022 ut
1051 2993 1212 3030 spondeas
1237 2991 1304 3033 1,(3.
1345 2990 1510 3029 spopondi
1538 3007 1576 3010 -ψ-
1604 2990 1709 3027 patior
1734 2998 1760 3030 γ.
1796 2990 1866 3018 rell.
1901 2999 1961 3018 om.

136 3047 191 3086 22)
217 3048 278 3084 Qui
304 3068 345 3070 —
371 3050 539 3080 officiosior·
565 3051 596 3080 in
622 3060 722 3088 prom.
757 3060 784 3090 γ.
813 3050 878 3078 reli.
906 3061 966 3079 0111.
1031 3050 1088 3088 24)
1108 3051 1157 3079 Ne
1178 3067 1205 3070 ν-
1234 3049 1327 3086 fungi
1353 3058 1378 3088 γ.
1405 3048 1473 3076 rell.
1500 3057 1560 3075 0111.
1598 3046 1642 3076 C:
1668 3056 1707 3075 ne
1739 3047 1782 3075 sit
1806 3047 1888 3075 alius
1915 3056 1963 3075 me

135 3104 317 3144 officiosior,
345 3117 384 3136 ne
408 3108 520 3136 uidear
537 3108 622 3137 nolle
639 3107 744 3137 officio
762 3107 856 3136 amici
876 3107 908 3136 111
928 3107 1114 3145 spondendo
1140 3106 1243 3144 fungi.
1294 3105 1350 3143 25)
1379 3103 1466 3134 Satis
1491 3103 1591 3134 faciat
1607 3102 1676 3145 *(‚C.
1702 3103 1771 3133 rell.
1798 3113 1859 3133 om.
1886 3103 1963 3132 Pro-

136 3169 208 3198 pera
233 3161 296 3204 ·5,C.
323 3163 391 3193 rell.
419 3173 480 3193 om.

1977 944 2015 974 10

1983 1313 2018 1343 15
