2148 3412
190 153 269 192 172
827 159 932 192 ΑΘΒ.
959 160 1018 192 ET
1044 158 1211 192 PORPH.
1238 159 1386 193 COMM.

298 286 410 339 soris.
471 282 594 324 Foris
624 283 767 338 petita,
799 282 842 323 id
872 290 947 333 est,
981 279 1161 324 Graeca.

299 360 364 399 30.
402 357 598 398 Canusini
623 370 732 397 more
764 357 960 410 &linquis
996 357 1012 409 ΙΙ
1053 356 1245 397 Canusini
1273 356 1384 396 enim
1415 371 1507 397 cum
1547 355 1629 397 sint
1658 355 1839 397 Latinae
1875 357 2011 412 gentis

187 439 225 472 et
246 446 270 471 a
292 429 500 471 Diomede
523 426 778 470 Graecitatis
808 436 969 483 partem
1000 428 1216 479 traxerint,
1249 428 1328 486 [et]
1351 443 1427 484 per
1457 429 1588 484 ipsius
1619 429 1804 485 regionis
1835 436 2012 473 tractum
2072 457 2074 461 ν
2100 457 2102 463 ν
2145 473 2148 481 ,

188 501 356 545 Graeca
386 502 531 557 lingua
562 501 604 541 in
635 516 712 542 usn
742 501 839 543 fuit:
885 501 995 542 unde
1027 515 1076 542 ea
1107 516 1205 556 pars
1235 500 1383 543 Italiae
1420 504 1594 544 Graecia
1624 517 1766 556 maqna
1795 501 1908 543 dicta
1937 509 2010 545 est.

121 582 140 614 5
187 576 200 632 Η
224 574 311 616 Aut
343 575 441 630 quia
476 575 692 617 Canusium
722 574 926 630 oppidum
959 581 1119 616 constat
1149 590 1200 616 ex
1233 572 1411 616 Graecis
1443 582 1482 616 et
1510 574 1628 616 Italis
1652 573 1873 632 [Latinis]‚
1910 576 2008 626 Qui-

188 650 279 690 dam
310 649 434 689 istum
464 647 771 689 Pitholeontcm
795 645 1055 689 Canusinum
1087 648 1214 689 fuisse
1245 648 1402 698 dicunt,
1434 655 1505 689 aut
1534 663 1611 703 pro
1643 663 1904 703 quocumque
1928 646 2012 690 Ca-

186 721 336 763 nusino
367 721 481 763 dicit.
543 718 760 777 [Aliter2
809 720 877 761 De
908 720 1173 762 Pitholeonte
1204 720 1346 778 dicit];
1392 736 1489 762 nam
1524 720 1602 777 [et]
1635 721 1712 763 iste
1743 721 1795 762 de
1827 720 2012 763 Canusio

186 794 276 836 fuit.
336 793 455 835 Dicit
485 802 623 835 autem
656 794 882 848 bilinquem,
913 794 1011 848 quia
1043 801 1080 835 et
1114 793 1271 835 Graeci
1303 801 1342 835 et
1362 793 1509 834 Latini
1539 794 1652 849 apud
1675 792 1907 836 Canusium
1937 794 2012 836 ha-

187 866 389 917 bitabant,
422 874 462 908 et
492 866 681 922 (hodie?)
712 873 883 908 utuntur
913 875 1090 921 utroque
1120 881 1323 909 sermone.

124 948 162 980 10
300 942 366 982 31.
401 943 525 996 Atque
556 956 624 995 eqo
656 955 746 982 cum
779 940 957 982 Graecos
986 942 1176 994 facerem.
1236 939 1346 983 Cum
1378 942 1515 982 facere
1545 940 1711 991 uellem,
1758 947 1802 981 ut
1832 940 1903 995 (B.
1934 939 2012 992 VI,

188 1015 255 1070 3):
296 1014 394 1056 Cum
426 1029 610 1056 canerem
639 1028 751 1068 reyes
782 1023 818 1055 et
843 1014 1012 1069 proelia.

299 1095 419 1129 natus
450 1102 561 1129 mare
593 1089 703 1128 citra.
762 1086 812 1127 In
833 1086 1140 1128 mediterranea
1170 1087 1343 1143 regione
1365 1094 1405 1128 et
1425 1102 1449 1128 a
1472 1085 1656 1129 Graecia
1686 1088 1812 1144 longe
1841 1087 2012 1143 positus.

301 1161 366 1202 33.
399 1162 495 1202 Post
525 1162 694 1201 mediam
724 1168 888 1202 noctem.
967 1160 1089 1201 Tunc
1119 1161 1230 1202 enim
1262 1160 1465 1216 digestior
1496 1160 1660 1202 animus
1690 1175 1790 1202 uera
1822 1161 2012 1213 somniat,

187 1233 271 1274 iam
301 1233 470 1288 quando
491 1234 660 1288 petuitis
680 1233 901 1276 caruimus.
961 1233 1090 1276 Unde
1110 1236 1248 1281 uetuit,
1279 1248 1361 1275 non
1394 1235 1559 1284 uelauit,
1592 1248 1846 1289 quamquam
1868 1249 2014 1289 possu-

122 1313 163 1345 15
188 1322 280 1348 mus
311 1306 435 1348 etiam
469 1306 585 1364 [hoc]
620 1307 681 1348 sic
711 1306 865 1348 dicere.

300 1381 366 1421 34.
400 1381 447 1421 [η
479 1381 624 1422 siluam
644 1395 734 1422 >non
766 1381 875 1435 liqna
904 1381 1016 1434 seras
1047 1381 1120 1421 ins.
1153 1395 1201 1421 ac
1237 1381 1273 1421 si
1299 1381 1431 1435 Maqn.
1469 1380 1612 1422 Graec.
1650 1382 1769 1423 malis
1806 1382 1902 1437 inpl.
1941 1390 2015 1423 cat.

187 1451 255 1495 Ac
286 1468 362 1508 per
391 1453 470 1495 hoc
499 1453 608 1494 inter
639 1451 828 1495 Graecos
859 1459 1061 1503 auctores,
1095 1452 1165 1508 qui
1196 1452 1367 1507 plurimi
1397 1453 1492 1502 sint,
1526 1453 1669 1511 [uelis]
1702 1454 1844 1496 inseri.

300 1528 367 1569 35.
401 1527 521 1569 Malis
551 1528 700 1582 inplere
732 1535 927 1568 cateruas.
989 1524 1103 1578 Quia
1134 1524 1290 1567 Graeci
1321 1525 1440 1567 multi
1470 1533 1565 1568 sunt
1595 1534 1755 1582 poetae.

301 1601 366 1642 36.
404 1601 620 1655 Turqidus.
680 1599 866 1641 Inflatus.

122 1682 165 1714 20
304 1674 370 1714 36.
405 1674 442 1714 T
439 1674 609 1728 urqia'us
637 1673 810 1729 Alpinus
839 1674 995 1727 iuqulat
1025 1673 1120 1714 dum
1161 1674 1387 1715 Memnona.
1447 1674 1620 1729 Alpinus
1664 1673 1733 1715 hic
1775 1673 2016 1716 Memnonis

189 1745 300 1787 bella
330 1746 552 1801 descripsit
583 1753 635 1796 et,
672 1745 771 1800 quia
801 1745 923 1796 male,
969 1745 1063 1787 ideo
1094 1745 1169 1786 ait:
1215 1746 1384 1800 iuyulat,
1431 1746 1551 1800 quasi
1597 1747 1718 1789 malis
1759 1747 2016 1790 carminibus

188 1819 325 1875 ipsum
346 1821 557 1863 Memnona
576 1827 709 1861 necat.
770 1818 890 1876 [Vel]
915 1820 1095 1876 Alpinus.
1118 1820 1135 1873 Η
1160 1819 1402 1861 Bibaculum
1422 1819 1633 1874 quendam
1654 1828 1820 1876 poetam
1843 1819 2016 1864 Gallum

308 2028 340 2065 l)
366 2026 442 2056 foris
470 2037 517 2064 pe.
545 2027 564 2055 i.
593 2036 707 2064 graeca
731 2036 757 2068 γ.
785 2026 854 2057 rell.
883 2036 941 2055 om.
994 2025 1027 2063 2)
1055 2025 1155 2063 gentis
1179 2034 1293 2064 *{‚mva.
1320 2029 1416 2055 recte.
1444 2025 1526 2055 conf.
1554 2027 1695 2057 ciusdem
1720 2029 1828 2065 gentis
1856 2026 1923 2057 Cic.
1950 2027 2014 2058 Off.

192 2082 216 2119 Ι,
246 2083 294 2111 17.
322 2092 397 2111 suae
423 2084 531 2121 gentis
558 2082 629 2112 Liu.
656 2083 709 2116 IV,
737 2084 788 2113 49.
815 2082 990 2120 Tirynthia
1015 2090 1094 2118 gens
1120 2081 1236 2110 Fabius
1263 2080 1318 2110 Sil.
1345 2081 1412 2118 VH,
1434 2083 1484 2111 35.
1518 2087 1549 2111 et
1565 2083 1726 2113 ablatiuus
1744 2083 1903 2122 Spartana
1921 2088 2016 2122 gente

190 2138 370 2177 Melampus
397 2139 494 2169 Ouid.
520 2139 562 2168 M.
588 2139 645 2176 111,
673 2140 747 2168 208.
774 2142 878 2176 gentes
902 2135 1060 2176 ffiQ(G·?).
1088 2141 1114 2166 et
1136 2148 1238 2179 ymva.
1266 2138 1334 2167 rell.
1363 2148 1422 2167 om.
1452 2139 1638 2169 Notandum
1664 2144 1722 2175 est,
1760 2144 1840 2170 uett.
1868 2141 1939 2169 edd.
1965 2150 2017 2169 mv

191 2200 264 2234 post
287 2201 314 2226 et
337 2207 356 2226 a
380 2196 510 2225 diomede
535 2196 717 2235 (diomedae
740 2196 775 2234 v)
802 2196 957 2224 abiecisse
982 2195 1081 2224 uerba
1110 2193 1290 2223 Graecitatis
1315 2211 1352 2214 —-
1381 2193 1462 2223 dicta
1486 2200 1536 2232 est,
1574 2196 1679 2233 spatio
1705 2206 1805 2226 uacuo
1830 2197 1871 2226 iis
1894 2197 2016 2226 relicto.

191 2252 252 2281 Ed.
278 2252 353 2282 Asc.
379 2257 486 2282 autem
512 2253 628 2282 habet:
654 2262 723 2281 cum
750 2252 815 2281 sint
841 2252 947 2289 gentis
973 2250 1118 2287 Latinae,
1146 2254 1176 2279 et
1203 2251 1278 2287 quia
1295 2260 1312 2278 a
1330 2250 1487 2280 Diomede
1512 2252 1643 2287 conditi,
1671 2262 1813 2290 graecae.
1841 2254 1934 2291 Atque
1950 2262 2014 2282 e.c.

191 2307 237 2345 (u.
266 2309 333 2347 31).
382 2308 417 2346 3)
443 2308 567 2338 trahant
588 2318 614 2350 γ.
644 2309 734 2346 posui
760 2307 922 2337 traxerint.
949 2310 1117 2336 traxerunt
1140 2305 1186 2334 fh.
1212 2306 1308 2343 ipsius
1333 2315 1359 2347 γ.
1385 2305 1470 2335 iscius
1497 2306 1655 2346 th(G?).
1698 2308 1848 2339 Scholion
1877 2307 2018 2338 Canusini

190 2364 267 2393 enim
292 2383 331 2385 —
358 2364 439 2394 dicta
463 2369 506 2394 est
527 2364 662 2407 *sG‚1nva
688 2367 933 2402 postposuerunt
959 2362 1083 2391 duobus
1109 2363 1329 2400 sequentibus.
1357 2362 1385 2397 Q
1411 2364 1564 2401 interpol.
1591 2364 1723 2394 iudicat.
1750 2366 1886 2395 alterum
1911 2369 1939 2394 et
1962 2365 2016 2394 de-

191 2420 322 2451 lendum
346 2431 472 2451 censeo.
537 2421 572 2459 5)
600 2420 682 2449 Italis
706 2420 797 2457 posui
823 2429 878 2457 pro
904 2419 976 2448 lect.
1002 2419 1090 2456 uulg.
1118 2418 1235 2447 Latinis
1260 2428 1330 2448 cuin
1355 2428 1381 2460 γ,
1408 2420 1483 2457 quia
1512 2421 1538 2448 1.
1556 2431 1596 2450 m.
1623 2421 1720 2451 habet
1746 2423 1857 2452 latinis
1875 2430 2015 2459 suprasc.

192 2477 291 2506 italis.
341 2477 374 2515 7)
401 2478 480 2506 dicit
504 2486 530 2518 γ.
558 2477 627 2505 rell.
655 2476 750 2504 dimit.
777 2474 882 2505 Aliter
907 2493 947 2496 —
974 2476 1055 2505 dicit
1079 2485 1139 2505 om.
1165 2484 1191 2516 γ,
1219 2476 1273 2514 qui
1298 2477 1418 2514 pergit:
1448 2477 1530 2506 Nam
1556 2478 1630 2514 iste⁷
1656 2488 1715 2507 om.
1742 2483 1773 2508 et
1799 2478 1957 2519 (mvath
1973 2493 2016 2500 -

193 2530 237 2562 G‘?
264 2533 333 2570 —-).
360 2533 444 2570 qnod
469 2532 595 2561 omnino
632 2531 826 2570 superfluum
863 2536 921 2561 est.
987 2532 1022 2570 9)
1048 2531 1228 2560 habitabant
1253 2536 1283 2561 et
1309 2532 1394 2569 (scil.
1422 2534 1485 2562 iam
1510 2534 1609 2572 nunc)
1636 2538 1767 2564 utuntur
1791 2539 1927 2573 utroque
1952 2543 2016 2564 ser-

193 2598 293 2618 mone.
319 2589 388 2618 rell.
414 2589 566 2624 habitant,
593 2589 654 2617 alio
680 2589 858 2617 intellectu.
884 2588 968 2617 conf.
995 2588 1121 2617 breuius
1147 2588 1289 2617 scholion
1314 2588 1386 2631 Βφι
1416 2588 1567 2620 Canusini.
1594 2590 1747 2621 Canusini
1774 2593 1858 2621 enim
1883 2595 2016 2629 utraque

190 2645 305 2682 lingua
330 2644 380 2673 usi
407 2648 481 2673 sunt
500 2645 520 2673 i.
539 2653 655 2682 graeca
673 2648 705 2674 et
722 2645 824 2673 latina
840 2645 924 2673 unde
942 2648 974 2673 et
992 2643 1136 2683 biliwzyues
1154 2645 1315 2675 dicuntur.
1370 2647 1424 2685 10)
1450 2647 1555 2685 Atque
1579 2658 1660 2677 omn.
1687 2649 1773 2678 libri.
1799 2648 1902 2687 Atqui
1925 2646 2015 2686 pauci

193 2701 284 2730 codd.
311 2701 400 2737 Hor.,
425 2706 461 2730 ut.
484 2701 600 2730 Bernn.
628 2700 724 2730 BCD.
751 2719 791 2722 —
818 2702 875 2730 loc.
902 2701 998 2739 Verg.
1024 2701 1087 2730 iam
1113 2710 1209 2739 supra
1235 2701 1271 2731 C.
1296 2702 1320 2739 1,
1348 2703 1399 2739 21,
1427 2703 1455 2732 2,
1481 2703 1536 2739 IV,
1566 2705 1614 2741 15,
1645 2706 1671 2733 1.
1723 2705 1778 2744 14)
1804 2705 1866 2734 iam
1889 2704 2016 2742 quando

192 2767 219 2799 γ.
244 2758 312 2786 rell.
340 2768 390 2795 qu.
418 2759 489 2787 iam.
519 2776 558 2778 —
586 2757 752 2787 caruimus.
779 2758 847 2787 rell.
875 2767 1027 2788 caremus,
1056 2775 1092 2778 —
1122 2767 1216 2796 quam
1243 2769 1293 2796 qu.
1319 2768 1404 2796 poss.
1430 2769 1457 2802 γ.
1484 2760 1554 2789 rell.
1580 2770 1705 2799 quamq.
1731 2761 1762 2791 h.
1789 2770 1815 2789 e.
1846 2768 2014 2799 possumus

195 2814 308 2843 dicere.
361 2813 416 2853 15)
444 2815 541 2844 etiam
565 2814 608 2844 sic
633 2824 658 2855 γ.
686 2814 739 2844 hoc
764 2814 852 2843 etiam
876 2814 963 2843 vafh.
993 2815 1060 2843 rell.
1087 2815 1183 2844 etiam
1209 2815 1271 2844 hoc.
1337 2815 1392 2854 17)
1418 2819 1565 2845 auctores
1582 2826 1695 2858 y,mva.
1724 2821 1845 2847 autores
1870 2817 1916 2847 fh.
1941 2814 2017 2845 scri-

189 2874 289 2907 ptores
315 2880 371 2899 sna
397 2875 512 2908 sponte
538 2871 655 2900 inculc.
682 2871 779 2900 tacite
805 2870 842 2905 Q.
869 2870 932 2900 sint
957 2880 982 2911 γ.
1010 2871 1079 2899 rell.
1106 2875 1189 2900 sant.
1209 2889 1251 2891 —*
1266 2872 1361 2900 inseri
1387 2881 1412 2913 γ.
1439 2872 1506 2901 rell.
1543 2872 1670 2902 misceri.
1697 2873 1798 2902 latina
1822 2873 1901 2901 uelis
1926 2873 2015 2901 misc.

194 2935 244 2955 va.
270 2927 350 2955 uelis
376 2937 437 2958 om.
462 2937 532 2968 mm.
557 2932 653 2957 recte.
682 2927 813 2956 Lemma
837 2928 873 2955 In
900 2926 1048 2966 —seras
1072 2928 1277 2965 amplificaui.
1346 2927 1400 2965 18)
1427 2927 1495 2958 hinc
1520 2927 1566 2957 fh.
1634 2929 1688 2968 19)
1713 2929 1776 2968 agit
1797 2938 1823 2969 γ,
1850 2933 1885 2957 ut
1910 2936 2014 2966 supra.

196 2982 254 3021 22)
281 2987 370 3012 necat
394 2993 476 3012 omn.
504 2985 588 3013 libri.
615 2988 710 3013 recte.
738 2983 861 3020 iugulat
883 3001 925 3004 --
950 2987 1048 3012 necat.
1074 2983 1102 3019 Q
1127 2993 1182 3012 suo
1207 2985 1338 3013 arbitrio
1364 2984 1475 3013 inculc.
1501 2988 1595 3013 necet.
1621 2985 1710 3022 quasi
1739 2986 1771 3014 h.
1809 2985 1830 3014 l.
1869 2994 1931 3014 non
1967 2986 2016 3013 est

194 3048 231 3068 ac
256 3039 292 3068 si.
325 3039 374 3068 Vel
397 3040 467 3069 lect.
493 3040 587 3078 Vulg.
614 3051 674 3069 om.
700 3050 727 3081 γ,
754 3041 807 3078 qni
832 3040 930 3069 habet
955 3039 1089 3077 Alpinas.
1115 3039 1241 3069 Viuala.
1266 3040 1424 3070 Viualium
1448 3041 1568 3070 mvafh.
1605 3040 1733 3070 riualem
1768 3040 1803 3070 C.
1840 3039 2016 3069 Bibaculum

195 3094 303 3124 Bentl.
333 3094 392 3133 (Q)
419 3096 500 3125 conf.
525 3095 597 3125 Aer.
625 3096 664 3125 ad
690 3096 720 3125 S.
747 3096 787 3133 ΙΙ,
815 3097 844 3133 5,
871 3096 923 3132 41,
961 3096 1015 3125 nbi
1041 3097 1200 3126 recentior
1225 3097 1318 3126 lectio
1342 3095 1459 3136 (ath)
1487 3100 1535 3126 est
1560 3096 1735 3135 Bibaculus,
1760 3101 1886 3127 ueteres
1910 3100 2015 3125 autem

195 3151 269 3181 libri
295 3150 342 3192 -5G
368 3155 399 3181 et
424 3161 475 3181 mv
499 3152 618 3183 babent
640 3152 808 3182 uiuacalus.
839 3155 946 3182 utrum
983 3152 1035 3182 hie
1070 3153 1181 3183 Furius
1225 3152 1383 3183 Viaaculus
1419 3162 1443 3182 s.
1480 3153 1654 3183 Bibaculus
1692 3152 1791 3191 (conf.
1836 3153 1949 3182 Varrus
1972 3167 2015 3173 --
