2148 3412
802 120 850 152 IN
876 120 1011 152 SERM.
1038 119 1064 157 1,
1093 123 1119 150 1.
1822 108 1871 148 21

54 245 165 299 cipes
195 244 376 286 ciuitatis
403 245 609 285 theatrum
640 243 852 299 ingressos
886 243 1066 298 populus
1097 242 1360 293 exsibilabat,
1396 242 1529 284 bonos
1559 248 1696 283 autem
1728 242 1878 297 plausu

54 317 298 372 excipiebat.

167 392 232 432 68.
271 393 372 432 Tam
403 406 439 431 a.
471 391 494 431 Ι.
525 407 555 432 s.
586 392 614 445 f.
649 406 679 432 c.
709 391 749 447 fl.
810 389 966 438 Paena,
1000 405 1124 444 quam
1156 389 1322 431 fabulae
1337 390 1517 430 Tantalo
1549 389 1876 443 adscripserunt,

54 479 203 505 auaros
234 464 377 519 urgeri
408 464 478 513 ait,
518 464 629 518 quia,
674 472 719 504 ut
748 463 818 503 ille
852 463 1083 520 [quamuis]
1116 463 1223 503 inter
1254 478 1383 517 aquas
1415 463 1539 512 sitiat,
1585 463 1645 503 sic
1676 462 1717 502 hi
1749 462 1878 502 absti-

54 544 198 578 nentes
229 552 253 577 a
283 537 475 591 pecunia,
522 552 646 590 quam
684 536 912 591 possident,
959 536 1179 591 egentibus
1217 536 1374 577 similes
1414 537 1508 578 sint.
1583 534 1667 577 Sed
1706 544 1880 576 venusta

55 611 393 665 pronuntiatione
425 610 700 665 exprimenda
730 617 803 651 est.

167 686 231 725 71.
266 686 330 725 72.
364 693 398 725 et
419 693 534 740 tamq.
553 699 593 739 p.
613 700 642 725 s.
667 699 698 725 c.
761 682 880 724 Ordo
911 690 994 724 est:
1028 691 1068 724 et
1087 689 1300 737 tamquam
1333 683 1462 724 sacris
1494 697 1667 738 parcere
1701 683 1878 737 cogeris.

168 767 239 799 aut
261 760 382 813 pectis
414 766 438 799 t.
467 773 503 811 y.
537 767 560 799 t.
635 756 868 813 Eleganter
897 756 1062 797 tabellis
1094 756 1251 797 similes
1282 771 1371 797 esse
1402 756 1571 798 diuitias
1612 772 1706 798 suas
1743 756 1881 797 auaris

56 831 126 881 ait,
157 846 251 872 cum
282 831 347 872 his
377 846 459 872 non
490 838 671 880 utantur,
704 845 752 872 ac
784 830 818 871 si
849 844 919 871 eas
949 829 1084 884 pictas
1113 829 1306 870 habeant.

172 906 237 946 75.
271 906 373 946 adde
405 907 491 960 quis
522 906 557 946 h.
590 922 620 946 s.
654 906 689 946 d.
721 919 758 945 71.
790 919 828 945 η.
888 902 1040 953 Adice,
1085 903 1235 958 inquit,
1283 903 1392 960 [illa]
1427 904 1578 958 quibus
1609 904 1772 960 negatis
1804 903 1884 944 sibi

55 977 271 1019 hominum
301 978 387 1019 uita
418 978 636 1020 crucietur.
709 977 804 1020 Non
836 985 972 1018 autem
1014 992 1062 1018 ea
1092 977 1181 1018 uult
1211 977 1413 1034 intellegi,
1461 992 1567 1032 quae
1612 978 1666 1018 ad
1711 977 1884 1018 delicias

56 1051 167 1092 uitae
198 1051 448 1106 pertineant,
480 1051 553 1092 sed
584 1065 690 1106 quae
722 1051 775 1092 ad
805 1051 1040 1101 utilitatem,
1071 1060 1116 1092 ut
1146 1065 1252 1106 quae
1283 1051 1432 1106 frigori
1464 1060 1534 1092 aut
1554 1052 1655 1093 fami
1677 1051 1884 1106 repellen-

58 1125 135 1165 dae
167 1132 207 1165 et
236 1125 509 1165 commodiori
541 1124 748 1166 mansioni
779 1132 874 1166 sunt.
903 1125 1154 1174 necessaria,
1186 1124 1351 1179 aliaque
1383 1124 1549 1166 similia.

174 1203 195 1238 7
203 1198 238 1238 6.
272 1212 324 1238 cm
355 1200 434 1252 my.
466 1213 514 1238 m.
547 1214 576 1239 e.
608 1213 646 1239 n.
678 1199 713 1239 cl.
773 1197 872 1240 Hoc
902 1197 1062 1239 scilicet
1092 1198 1305 1252 patiantur
1335 1198 1487 1239 diuites
1518 1199 1649 1239 auari.

172 1272 236 1311 79.
268 1271 411 1312 horum
442 1286 471 1311 s.
503 1287 531 1312 e.
564 1280 743 1327 optarem
766 1287 889 1327 paup.
922 1285 1001 1313 esse
1032 1271 1118 1312 bon.
1186 1271 1370 1312 Pulcher
1400 1280 1440 1312 et
1470 1272 1613 1328 grauis
1645 1287 1789 1313 sensus
1820 1287 1886 1313 re—

59 1343 242 1384 cusantis
273 1343 455 1394 diuitias,
489 1358 595 1398 quac
626 1344 855 1385 cruciatum
886 1344 998 1385 uitae
1029 1344 1199 1385 domino
1230 1345 1431 1386 adferant.

171 1418 236 1457 84.
268 1432 348 1458 non
378 1431 488 1458 uxor
517 1418 678 1458 saluum
710 1426 743 1459 te
772 1418 876 1467 uult,
908 1432 989 1459 non
1024 1417 1081 1473 fil.
1148 1416 1315 1469 Quibus
1356 1418 1515 1460 scilicet
1553 1434 1629 1474 per
1666 1419 1888 1460 auaritiam

4 1486 21 1492 ⁸*
58 1495 170 1530 tuam
202 1490 330 1531 durus
361 1497 402 1530 at
435 1505 486 1531 ue
516 1490 685 1545 iniquus
716 1505 771 1532 es.

172 1564 237 1604 86.
261 1566 681 1620 mirarz'scd.(1.p.0.p.
717 1562 909 1620 [Τμῆσις]
921 1561 1041 1605 Ordo
1051 1571 1130 1604 est:
1150 1564 1628 1620 cumtuomniaargento
1647 1575 1888 1621 postponas.

177 1638 242 1678 88.
276 1638 341 1678 An
372 1641 406 1678 si
435 1653 545 1692 coqu.
578 1653 616 1678 η.
648 1653 686 1678 n.
720 1638 743 1678 l.
775 1652 807 1692 q.
842 1646 865 1678 l.
898 1651 931 1677 r.
963 1652 1002 1678 u.
1026 1646 1060 1678 el
1081 1638 1247 1694 reliqua.
1311 1636 1469 1679 Sensus
1500 1646 1579 1680 est:
1613 1655 1665 1679 an
1697 1648 1735 1680 te
1768 1648 1888 1694 putas

60 1709 117 1751 ita
147 1725 319 1765 operam
351 1711 541 1765 perdere,
588 1711 622 1752 si
655 1718 868 1767 cognatos,
916 1725 1019 1765 quos
1049 1710 1126 1751 tibi
1157 1711 1246 1752 sine
1277 1712 1420 1753 labore
1451 1720 1521 1754 tuo
1552 1719 1701 1753 natura
1731 1713 1888 1762 tribuit,

60 1783 240 1825 retinere
270 1784 465 1835 uolueris,
499 1785 586 1825 siue
618 1785 776 1826 amicos
807 1798 989 1834 seruare,
1021 1791 1066 1825 ut.
1096 1784 1130 1825 si
1162 1785 1254 1839 quis
1270 1785 1371 1826 uelit
1392 1785 1555 1827 asinum
1577 1786 1706 1827 frenis
1727 1801 1889 1841 regere,

60 1865 105 1898 ut
135 1857 232 1911 equi
263 1858 461 1913 fungatur
491 1858 655 1899 officio?
685 1857 743 1898 Et
772 1858 851 1898 hoc
881 1857 1079 1898 uidelicet
1109 1857 1160 1898 de
1191 1858 1308 1899 asino
1330 1859 1601 1913 prouerbium
1623 1868 1694 1901 aut
1714 1875 1889 1915 prouer-

61 1931 171 1972 biale
203 1938 276 1979 est,
309 1930 407 1985 quia
438 1931 665 1972 infacetum
696 1938 820 1985 atque
851 1930 1105 1972 inurbanum
1137 1933 1227 1981 erit,
1260 1933 1293 1973 si
1326 1939 1532 1986 putemus,
1565 1933 1668 1974 illud
1690 1934 1743 1974 ad
1765 1949 1889 1988 prae-

63 2019 157 2046 sens
188 2019 212 2044 a
242 2010 365 2058 poeta
395 2004 536 2045 fictum
568 2018 669 2045 esse.

177 2079 241 2119 93.
275 2079 339 2118 94.
372 2087 407 2119 et
433 2078 551 2133 finire
583 2078 658 2119 lab.
678 2079 703 2118 i.
721 2093 761 2133 p.
783 2079 888 2133 quod
909 2078 1068 2119 tacebas.
1129 2077 1178 2118 Id
1211 2085 1284 2129 est,
1317 2080 1427 2133 quod
1460 2088 1683 2135 antequam
1715 2081 1892 2123 haberes

64 2151 247 2201 diuitias,
278 2152 415 2192 facere
447 2150 661 2206 cupiebas,
694 2151 729 2192 si
759 2166 829 2192 eas
860 2166 1064 2206 parasses.

206 2274 237 2311 1)
264 2273 321 2302 ciu.
348 2274 464 2302 theatr.
491 2273 594 2308 codd.,
624 2273 744 2302 theatr.
771 2274 833 2303 eiu.
861 2274 933 2303 edd.
962 2273 1163 2303 exhibilabat
1188 2273 1231 2303 M.
1256 2275 1443 2303 assibilabat
1473 2275 1501 2304 2.
1531 2274 1666 2304 exibilat
1689 2275 1723 2304 R.
1753 2275 1896 2305 exsibilat

67 2328 106 2359 G.
135 2326 163 2358 Sc
186 2330 341 2358 sibilabat
366 2339 395 2358 u.
423 2329 592 2358 eaeibilabat
620 2328 686 2358 afh.
736 2330 770 2368 3)
796 2329 900 2359 adscr.
926 2330 999 2360 MR.
1028 2331 1096 2359 rell.
1123 2340 1204 2359 aser.
1254 2331 1289 2369 4)
1318 2332 1464 2369 quamuis
1492 2331 1556 2360 afli.
1584 2350 1624 2352 ἡ
1650 2331 1692 2360 sic
1717 2331 1763 2360 hic
1791 2332 1893 2370 (hisi)

66 2385 100 2415 Μ
126 2386 277 2424 (Halm).
304 2386 346 2415 ila
371 2386 404 2414 hi
432 2386 539 2415 2vat'h.
567 2387 613 2414 ita
637 2385 660 2414 z'z'
683 2385 718 2415 P..
746 2395 855 2415 uocem
880 2386 912 2415 1ιί
937 2386 964 2421 Q
990 2387 1087 2416 tacite
1113 2388 1234 2424 omisit,
1260 2398 1337 2417 corr.
1366 2398 1393 2425 p.
1414 2388 1542 2417 XXXV.
1600 2390 1633 2426 5)
1660 2388 1721 2417 sint
1741 2388 1895 2427 MG(Q)1t

67 2442 114 2483 (u.
141 2443 245 2482 corr).
273 2446 345 2472 sunt
372 2444 397 2471 2.
415 2442 498 2480 fiant
523 2442 578 2471 afli
606 2442 699 2480 (sipat
723 2443 769 2482 v).
836 2444 869 2481 7)
897 2446 928 2471 et
953 2448 976 2472 t.
1005 2453 1029 2471 s.
1056 2453 1084 2480 p.
1112 2445 1235 2481 cogeris
1261 2444 1294 2472 M
1320 2445 1496 2483 (congeris)
1522 2444 1557 2473 R.
1585 2445 1670 2481 vulg.
1699 2445 1813 2474 lectio:
1853 2446 1895 2475 Et

68 2500 192 2537 cogeris
216 2508 344 2537 parcere
371 2503 522 2537 tanquam
548 2500 658 2528 sacris.
723 2500 757 2537 9)
786 2499 835 2528 his
860 2499 930 2528 MR.
957 2500 1020 2529 hiis
1048 2500 1077 2529 2.
1111 2501 1151 2529 iis
1185 2500 1272 2529 uafh.
1307 2501 1351 2529 eis
1384 2502 1443 2529 inc.
1479 2500 1516 2535 Q.
1584 2501 1638 2539 10)
1664 2501 1762 2530 Adice
1794 2502 1893 2545 Mssgo.

68 2556 181 2586 addice
207 2555 245 2585 G.
274 2555 374 2585 adiice
399 2556 486 2587 vasli.
513 2555 625 2594 inquid
648 2555 691 2584 M.
718 2574 759 2576 -—-
785 2555 840 2585 illa
865 2565 924 2585 om.
952 2555 1048 2598 ΜΒφ.
1118 2556 1171 2594 11)
1199 2557 1267 2585 Non
1295 2557 1366 2586 uult
1393 2567 1426 2585 ea
1455 2558 1598 2594 intelligi
1627 2559 1655 2586 2.
1725 2557 1779 2594 12)
1804 2563 1896 2596 atquc

69 2613 190 2650 frigora
216 2616 271 2641 aut
295 2612 375 2641 fame
401 2612 443 2641 M.
471 2616 503 2641 ut
532 2622 611 2650 quae
636 2611 749 2649 frigori
772 2616 828 2641 aut
856 2612 935 2641 fame
960 2611 1006 2641 fh.
1032 2630 1071 2632 >n
1099 2616 1133 2641 ut.
1157 2616 1222 2650 pote
1247 2612 1374 2651 frigoris
1398 2612 1489 2642 sann's
1513 2615 1718 2651 repellendae
1744 2615 1895 2644 alimmum-

71 2679 131 2707 que
151 2670 367 2707 similiumque
384 2673 457 2698 sunt.
476 2669 655 2698 necessaria
680 2669 773 2698 nobis
792 2668 853 2711 Βφ.
907 2669 961 2707 14)
989 2669 1156 2706 patiantur
1174 2669 1301 2704 MR‘2,v.
1329 2671 1496 2708 patiantur
1521 2669 1615 2705 ath.
1669 2672 1722 2709 15)
1749 2664 1895 2700 obtari'iiu

69 2725 102 2755 M
127 2726 190 2765 (sic
215 2726 320 2754 Halm.
348 2725 481 2754 obtarim
506 2726 551 2754 sic
577 2726 610 2754 111
636 2725 709 2753 lem.
737 2725 775 2759 Q.
803 2734 832 2762 p.
858 2724 1006 2763 XXXV).
1041 2725 1179 2754 ohtarem
1204 2727 1313 2755 Ambr.
1340 2726 1432 2756 Rern.
1458 2726 1496 2755 A.
1526 2730 1660 2763 optarem
1688 2735 1715 2756 a.
1749 2731 1782 2756 ut
1809 2727 1895 2755 I'arr.

70 2782 137 2824 γΙΜ
161 2783 291 2820 aliique.
319 2781 451 2819 optarim
477 2782 545 2818 vl‘h,
572 2786 606 2810 ut
632 2782 684 2810 Kb
711 2787 770 2811 etc.
830 2781 885 2821 16)
911 2782 1047 2812 afferunt
1076 2783 1121 2812 fh.
1190 2785 1245 2820 17)
1273 2788 1297 2811 le
1322 2783 1436 2812 saluam
1464 2783 1504 2810 M.
1575 2782 1627 2819 18)
1655 2792 1684 2811 es
1709 2781 1896 2820 Mle(‹÷·?‹‘g›),

71 2838 127 2868 uaf
152 2840 209 2877 (est
231 2840 280 2877 h).
307 2843 364 2867 stes
390 2840 419 2867 2.
474 2840 526 2877 19)
552 2835 675 2881 Τμῆσις
700 2839 744 2867 fh.
770 2839 838 2868 rell.
864 2849 924 2868 om.
950 2840 1062 2882 τμῆσις
1089 2841 1190 2876 ligura
1217 2839 1252 2868 C.
1283 2857 1313 2860 κ
1338 2849 1405 2876 arg.
1432 2839 1539 2867 omnia
1564 2839 1609 2867 111,
1639 2848 1706 2875 arg.
1734 2843 1803 2875 post
1832 2849 1896 2867 om*

72 2897 125 2925 nia
150 2905 200 2924 ua.
228 2896 332 2924 onmia
360 2899 428 2932 post
455 2900 591 2933 argento
617 2905 665 2933 po.
692 2895 736 2924 M.
769 2896 877 2924 onmia
901 2905 970 2933 arg.
998 2894 1169 2936 RQGPQ.
1196 2897 1277 2925 cons.
1306 2897 1379 2924 Aer.
1443 2895 1498 2932 ⁵20)
1525 2896 1571 2923 An
1599 2896 1624 2923 si
1650 2895 1753 2930 all-1112,
1783 2896 1896 2934 (corr.)

74 2956 108 2981 ut
133 2952 163 2980 K
189 2953 307 2990 aliique
333 2953 507 2989 pauciores.
535 2953 572 2980 A!
597 2953 622 2980 si
649 2952 735 2981 vafh.
762 2970 801 2972 ---
829 2962 868 2981 an
892 2958 923 2982 te
949 2952 1112 2987 MRQvfh.
1139 2957 1169 2980 al
1193 2956 1225 2981 te
1251 2957 1339 2989 putes
1358 2952 1428 2980 Asc.
1481 2953 1537 2990 21¹)
1564 2953 1684 2981 tribuat
1708 2952 1778 2981 MR.
1840 2954 1897 2991 22)

74 3009 100 3037 si
126 3008 180 3046 qua⁴
203 3008 246 3037 M.
272 3009 340 3037 rell.
367 3009 394 3037 si
421 3008 497 3046 quis.
548 3009 605 3046 23)
633 3012 674 3043 ct,
701 3017 759 3037 om.
787 3009 854 3044 hoc,
882 3009 919 3038 de
945 3010 1097 3038 uidelicet
1124 3010 1216 3038 asino
1244 3018 1330 3046 prsu.
1358 3008 1392 3036 11.
1413 3026 1452 3027 ἡ
1473 3017 1560 3045 prou.
1588 3018 1647 3037 csse
1673 3009 1742 3037 MP..
1771 3018 1899 3046 pruner-

74 3065 159 3094 bium
185 3069 239 3094 aut
263 3075 322 3094 om.
350 3064 393 3094 fh.
444 3065 500 3103 26)
527 3065 610 3103 quod
635 3064 762 3094 habebas
786 3065 830 3101 M,
855 3070 888 3094 ut
916 3065 942 3095 E
970 3064 1096 3103 (rasura
1123 3069 1153 3094 et
1181 3065 1287 3103 coria).
1316 3064 1351 3093 Id
1375 3068 1421 3093 est
1449 3066 1531 3101 quod
1550 3065 1592 3094 M.
1620 3066 1688 3093 rell.
1717 3065 1777 3093 Mae
1804 3070 1849 3094 est
1869 3077 1898 3103 q,

76 3138 113 3141 m
142 3125 184 3149 est
207 3131 266 3150 om.
292 3121 358 3151 afli.

1911 913 1950 944 10

1915 1283 1953 1313 15
