2148 3412
792 130 842 162 IN
869 129 1004 164 sERM.
1031 130 1058 168 1⁷
1084 132 1114 162 3.
1809 121 1861 162 63

40 254 191 310 dignus
222 259 282 295 est
311 253 514 303 maxima3
547 253 706 295 scilicet
735 268 829 295 cum
850 253 1041 308 aequatis
1061 252 1308 296 criminibus
1327 254 1488 297 nullum
1509 261 1594 296 tam
1614 255 1707 297 leue
1727 261 1861 311 putes,

40 326 152 382 quod
181 326 314 368 ferula
343 326 645 368 uindicandum
677 327 742 369 sit.

152 402 245 442 123.
271 401 379 454 falce
409 403 648 443 recisurwn.
708 399 989 456 Allegoricos,
1020 400 1228 455 supplicio
1259 407 1584 456 amputaturum.

152 475 243 514 124.
276 476 314 515 si
342 475 453 516 diues
484 489 516 530 q.
548 491 578 516 s.
613 490 640 515 e.
700 473 864 515 Dicunt
895 472 1041 524 Stoici,
1074 473 1306 529 sapientem
1337 475 1511 516 diuitem
1542 489 1646 525 esse,
1678 475 1714 517 si
1743 490 1861 517 men-

38 547 159 596 dicet,
205 553 245 587 et
282 546 465 588 nobilem
497 561 600 597 esse,
645 547 679 588 si
712 561 856 589 seruus
886 547 951 597 sit,
996 554 1036 588 et
1065 547 1393 602 pulcherrimum
1425 563 1527 599 esse,
1574 549 1700 591 etiam
1731 549 1766 590 si
1811 549 1863 590 sit

38 619 361 662 sordidissimus.
438 619 557 661 Ordo
588 620 664 662 iste
695 627 777 661 est:
826 618 874 661 Si
905 620 998 674 quis
1039 621 1206 676 sapiens
1243 628 1305 662 est
1343 629 1383 662 et
1421 622 1539 664 diues
1576 630 1638 665 est
1672 629 1713 664 et
1748 630 1862 665 sutor

36 693 169 735 bonus
200 699 239 734 et
267 693 475 734 formosus
506 699 545 734 et
575 707 647 734 rex
679 693 909 734 secundum
941 691 1128 735 Stoicam
1165 701 1332 736 sectam.
1391 694 1466 736 Ait
1501 711 1603 752 ergo
1633 696 1858 738 Horatius:

38 764 86 808 Si
116 766 343 808 secundum
374 773 426 816 te,
458 781 482 807 o
515 764 669 817 Stoice,
702 766 870 821 sapiens
900 766 1003 808 haec
1034 767 1175 809 omnia
1205 767 1343 818 habet,
1380 783 1456 810 cur
1485 769 1539 809 ad
1560 769 1861 812 correctionem

36 854 197 882 morum
226 854 404 895 regnum
434 840 555 895 petis,
588 840 700 894 quod
731 846 769 880 te
800 839 956 881 habere
987 840 1155 882 dixisti?

170 913 262 954 126.
296 928 370 954 cur
400 923 513 970 optas
545 930 578 970 q.
609 915 645 955 Ιι.
704 914 1032 964 Inconsiderate,
1078 914 1148 964 ait,
1190 914 1308 956 illum
1340 921 1485 970 optare
1530 930 1722 972 regnum,
1767 931 1861 958 cum

36 985 265 1041 sapientem
297 986 436 1036 etiam,
469 987 503 1028 si
535 994 650 1028 sutor
681 988 746 1037 sit,
782 1002 927 1043 regem
957 1002 1046 1030 esse
1078 988 1234 1029 dicunt.

144 1074 225 1101 non
254 1061 362 1101 nosti
388 1075 421 1116 q.
446 1076 489 1117 p.
551 1059 821 1116 Chrysippus
852 1061 1066 1104 restitutor
1083 1060 1251 1104 Stoicae
1283 1068 1420 1103 sectae
1451 1069 1491 1103 et
1520 1062 1708 1104 eruditus
1738 1077 1861 1118 prae-

36 1139 188 1188 ceptor.
249 1132 391 1174 Huius
422 1134 547 1175 etiam
580 1132 732 1176 Cicero
763 1135 964 1176 meminit.
1024 1134 1148 1177 Nunc
1178 1142 1318 1176 autem
1340 1150 1564 1190 personam
1586 1136 1667 1179 sibi
1696 1142 1861 1179 contra-

35 1206 211 1248 dicentis
242 1206 418 1257 inducit,
449 1214 494 1248 ut
526 1214 565 1248 et
597 1205 762 1249 Stoicos
793 1215 833 1249 et
863 1215 1049 1251 caeteros
1080 1209 1273 1250 inrideat.

147 1281 239 1322 128.
271 1281 409 1323 soleas.
470 1279 689 1337 Caligulas
722 1281 847 1338 [bene
878 1281 1066 1338 incisas]
1145 1282 1259 1333 Quo?
1291 1281 1529 1334 Quomodo,
1574 1282 1653 1324 hoc
1682 1283 1860 1326 interro-

35 1353 174 1410 gatiue
205 1354 385 1408 ponitur.

147 1427 240 1468 129.
273 1428 334 1478 Ut,
367 1429 550 1483 quamuis
582 1436 693 1478 tacet,
735 1428 1015 1483 Hervzoqenes.
1088 1427 1185 1470 Hoc
1229 1428 1351 1482 quasi
1384 1427 1565 1470 Stoicus.
1639 1428 1766 1471 Redit
1809 1429 1864 1470 ad

34 1500 309 1556 principiun13
341 1516 440 1542 nam
470 1502 522 1542 de
554 1501 796 1543 cantoribus
827 1508 1032 1555 coeperat.

0 1585 4 1634 Ι
149 1575 241 1615 130.
273 1583 318 1616 ut
350 1575 519 1630 Alfenus
549 1590 588 1617 u.
620 1591 653 1617 o.
684 1575 774 1617 Abi.
803 1576 916 1617 instr.
948 1576 1062 1617 artis.
1135 1574 1313 1617 Urbane
1344 1575 1444 1617 satis
1476 1577 1666 1631 Alfenum
1695 1575 1860 1617 Varum

0 1637 4 1671 Ι

36 1729 191 1772 cuerat,
236 1721 416 1763 Romam
451 1721 567 1762 uenit
596 1721 883 1777 magistroque
917 1737 1015 1764 usus
1048 1720 1241 1776 Sulpicio
1271 1722 1565 1765 iurisconsulto
1610 1723 1664 1764 ad
1706 1729 1864 1764 tantam

35 1795 227 1851 peruenit
257 1794 487 1845 scientiam,
531 1803 574 1836 ut
612 1802 652 1836 et
682 1795 941 1836 consulatum
981 1802 1146 1851 gereret
1181 1802 1221 1835 et
1248 1795 1418 1849 publico
1447 1796 1593 1837 funere
1632 1797 1862 1837 efferretur.

35 1867 225 1910 Aliter:
267 1867 459 1918 Alfenus,
507 1868 660 1910 sutoris
690 1869 812 1917 filius,
857 1868 930 1923 qui
961 1868 1016 1909 ita
1048 1868 1153 1910 iuris
1184 1869 1320 1911 studio
1351 1869 1542 1919 intendit,
1586 1877 1630 1911 ut
1661 1869 1864 1911 beneficio

3 2055 7 2083 l
149 2058 185 2097 4)
206 2059 316 2097 phisici
341 2069 368 2102 γ.
395 2059 462 2089 rell.
490 2060 592 2089 stoici.
618 2058 778 2088 mendicat
802 2058 887 2087 libri.
923 2059 1014 2095 posui
1046 2058 1201 2087 mendicet
1234 2062 1364 2096 propter
1397 2061 1576 2097 sequentia.
1611 2059 1654 2089 C:
1688 2060 1865 2098 ‘eleganter

37 2114 160 2146 Stoicos
185 2116 268 2146 ridet
293 2120 483 2154 argumento
509 2115 634 2145 Stoico:
662 2115 774 2145 dicunt
793 2116 877 2144 enim
904 2124 970 2152 sap.
990 2115 1137 2152 diuitem,
1164 2114 1473 2153 etiamsimendicetg
1500 2117 1653 2153 nobilem,
1678 2116 1734 2145 etsi
1750 2116 1867 2145 seruiat

38 2175 70 2202 et
94 2173 211 2210 pulch„
237 2172 291 2202 etsi
315 2171 544 2203 sordidissimus
570 2172 613 2201 sit
639 2172 712 2201 etc.⁷
777 2169 813 2210 6)
839 2171 883 2200 sit
909 2171 1152 2200 sordidissimus
1176 2181 1203 2213 γ.
1234 2171 1304 2200 rell.
1340 2172 1480 2201 sordidus
1505 2173 1558 2201 sit.
1626 2172 1680 2210 11)
1708 2173 1814 2202 dicunt
1837 2182 1864 2213 γ.

37 2229 107 2259 rell.
133 2230 223 2258 dicat.
291 2229 345 2267 13)
371 2229 420 2258 De
445 2228 626 2267 Chrysippo
652 2227 719 2258 Cic.
745 2228 843 2257 Acad.
871 2227 911 2264 ΙΙ,
939 2227 989 2255 23.
1018 2227 1104 2256 Orat.
1131 2227 1155 2264 Ι,
1187 2229 1236 2256 11.
1264 2228 1334 2257 Fat.
1363 2229 1392 2257 7.
1420 2229 1459 2257 N.
1485 2229 1526 2257 D.
1552 2228 1576 2264 Ι,
1608 2229 1656 2258 15.
1682 2229 1756 2257 Div.
1782 2228 1806 2265 Ι,
1835 2230 1863 2258 3.

38 2285 120 2315 conf.
145 2285 222 2315 Hor.
249 2285 280 2315 S.
305 2285 458 2323 11,3‚44.
487 2286 550 2314 287
577 2288 608 2314 et
626 2285 663 2313 E.
682 2285 706 2321 I⁷
722 2285 751 2321 2,
767 2285 796 2313 4.
823 2284 929 2314 Huius
954 2294 980 2326 γ.
1006 2285 1075 2313 rell.
1102 2284 1141 2313 de
1166 2293 1238 2322 quo.
1259 2302 1298 2304 ῳ
1318 2285 1378 2313 sibi
1406 2285 1546 2314 contrad.
1571 2295 1598 2327 γ.
1625 2286 1693 2314 rell.
1720 2285 1865 2314 contrad.

39 2342 109 2372 sibi.
160 2343 215 2381 14>
242 2342 367 2371 inducit
391 2351 452 2371 om.
478 2351 507 2383 γ.
537 2345 567 2370 et
592 2345 705 2370 ceteros
729 2351 755 2383 γ.
784 2341 852 2370 rell.
879 2346 910 2370 et
934 2341 1072 2379 reliquos.
1125 2342 1180 2379 15)
1203 2341 1280 2381 (salli
1300 2342 1386 2371 culus
1404 2342 1481 2380 (sic)
1500 2352 1526 2384 γ.
1554 2343 1610 2371 sed
1636 2342 1740 2379 caliga
1767 2347 1797 2371 et
1814 2351 1866 2371 ca-

37 2399 140 2437 ligula
164 2399 196 2428 in
222 2398 310 2428 Suet.
338 2397 405 2427 Col.
422 2399 439 2428 9
455 2401 487 2427 et
502 2399 554 2427 52.
580 2398 654 2426 Tac.
681 2397 758 2432 A.1‚
775 2398 813 2426 41
842 2402 873 2426 et
901 2399 953 2427 69.
983 2398 1049 2426 Cic.
1076 2397 1147 2427 Att.
1163 2398 1203 2435 ΙΙ,
1220 2399 1248 2434 3,
1277 2402 1307 2427 et
1332 2398 1505 2437 caligarius
1537 2399 1569 2428 in
1595 2398 1865 2436 Inscriptionibus

39 2456 124 2494 apud.
142 2454 235 2485 Grut.
262 2455 358 2493 Spon.
384 2454 426 2484 al.
442 2472 482 2474 —
498 2455 578 2483 bene
604 2454 723 2483 incisas
749 2464 809 2483 om.
834 2463 861 2496 γ.
888 2453 954 2489 Quo
978 2463 1012 2495 γε
1040 2453 1217 2492 quomodo?
1244 2455 1302 2485 hoc
1328 2456 1560 2493 interrogatiue
1581 2459 1680 2492 poeta.
1708 2455 1778 2484 rell.
1805 2464 1865 2484 0111.

39 2511 93 2542 hoc
117 2515 147 2542 et
168 2511 268 2550 posuit
291 2521 346 2550 pro
372 2515 465 2549 poeta
489 2511 617 2540 habent.
650 2510 716 2545 Quo
741 2511 870 2548 plurimi
895 2514 974 2539 uett.
1001 2511 1092 2540 codd.
1120 2510 1196 2540 Hor.
1223 2516 1257 2540 ut
1283 2511 1497 2554 BupEHFMT.
1530 2512 1623 2540 Baro.
1656 2511 1775 2540 Bernn.
1807 2510 1865 2540 AC

40 2567 125 2607 (eum
150 2570 192 2607 gl.
220 2568 392 2608 quomodo)
419 2572 451 2597 et.
475 2571 557 2598 uett.
582 2568 651 2597 edd.
681 2567 738 2600 Qui
763 2568 797 2596 in
822 2567 850 2596 D
876 2567 1014 2605 aliisque
1040 2568 1254 2604 paucioribus.
1309 2568 1363 2605 19)
1390 2567 1516 2606 alfenus
1546 2577 1660 2609 ·(,niva,
1692 2572 1727 2597 ut
1758 2576 1867 2597 omnes

40 2625 105 2656 fere
130 2629 210 2655 uett.
235 2626 327 2655 codd.
352 2625 432 2656 Hor.
459 2625 611 2663 alphenus
637 2624 683 2661 fh,
709 2628 742 2652 ut
769 2625 920 2661 perpauci
945 2634 1024 2653 recc.
1052 2625 1143 2653 codd.
1162 2624 1238 2654 Hor.
1256 2624 1349 2653 Bern.
1376 2624 1423 2660 F„
1453 2625 1493 2652 al.
1520 2625 1664 2653 alfemius
1682 2624 1705 2659 I,
1732 2623 1867 2653 alfienus

41 2682 82 2712 D.
106 2681 240 2721 Alfi'nz'us
267 2681 291 2711 C
318 2682 431 2721 (etiam
457 2682 488 2710 in
516 2691 572 2710 suo
598 2680 852 2718 commentario).
919 2680 975 2718 20)
999 2681 1119 2709 «ustrina
1142 2679 1268 2722 ·,¹G‚1nv.
1296 2681 1375 2709 haec
1401 2681 1497 2710 lcctio
1522 2680 1597 2710 ferri
1636 2681 1759 2718 nequit,
1798 2689 1867 2708 cum

42 2748 82 2768 ne
105 2739 262 2768 usto-icalae
287 2738 408 2778 (filcimr.
434 2739 563 2776 quidem
590 2738 609 2766 i.
637 2747 662 2765 c.
689 2738 833 2773 taberna,
860 2738 893 2765 iu
919 2746 980 2775 qua
1005 2737 1141 2774 capillus
1160 2738 1369 2775 crispabatur,
1397 2747 1412 2765 u
1432 2737 1567 2766 Tertull.
1594 2737 1631 2765 de
1650 2737 1726 2773 pall.
1745 2737 1763 2764 4
1782 2739 1868 2765 recte

43 2796 177 2825 dicatur.
203 2796 314 2834 Neque
338 2800 421 2824 ustum·
445 2795 633 2825 uocabulum
660 2795 718 2823 hoc
745 2794 913 2823 intellectu
932 2797 1047 2823 tutum.
1074 2793 1211 2822 Alfenus
1230 2804 1290 2823 non
1317 2798 1427 2830 tonsor,
1455 2794 1509 2821 sed
1526 2797 1608 2821 sutor
1626 2797 1704 2829 erat,
1729 2793 1868 2821 testibus

44 2861 124 2882 omn.
150 2852 277 2883 Horatii
301 2855 380 2881 uett.
407 2852 582 2881 codicibus.
609 2850 755 2880 tonstrina
781 2860 840 2880 rec.
868 2850 894 2886 Q
920 2860 961 2879 ex
999 2851 1067 2879 cod.
1107 2850 1220 2888 Regin.
1260 2851 1402 2890 (ilenti.)
1438 2851 1557 2879 ustrina
1593 2859 1657 2879 uox
1695 2849 1782 2879 facta
1819 2852 1868 2878 est

45 2909 226 2939 inuersione
251 2909 416 2939 literarum
443 2918 483 2938 ex
507 2909 636 2938 sutrina.
663 2909 745 2937 nihil
772 2909 909 2946 amplius
944 2909 990 2937 ibi
1024 2908 1249 2946 quaerendum.
1281 2907 1397 2936 sutrina.
1427 2907 1514 2944 uulg.
1548 2907 1643 2935 lectio
1676 2906 1867 2935 editionum.

45 2967 135 3004 posui
159 2971 264 2996 autem
290 2967 411 2996 sutrino
437 2966 521 3003 ideo,
548 2966 632 3003 quod
659 2975 672 3006 ‘5
700 2966 794 2994 habet
818 2965 897 3003 qaod
920 2975 976 3002 pro
1003 2965 1090 3003 uulg.
1117 2966 1191 2993 lect.
1216 2974 1313 3002 quam.
1340 2964 1494 2992 sutrinum
1521 2961 1869 3001 (artifieiu1n>diceba-

45 3026 94 3052 tur
128 3027 163 3052 ut
203 3024 326 3052 sutrina
363 3022 457 3061 (ars).
494 3022 612 3052 Seneca
639 3022 676 3050 Ε.
705 3024 756 3051 90.
796 3021 877 3051 conf.
915 3022 998 3051 Plin.
1023 3022 1093 3058 VII,
1121 3022 1173 3050 56.
1210 3021 1298 3049 Varr.
1337 3029 1385 3057 ap.
1423 3020 1506 3049 Non.
1535 3020 1552 3048 2
1580 3028 1609 3047 11.
1638 3020 1700 3049 760
1726 3024 1757 3048 et
1782 3019 1866 3048 Plin.

46 3077 172 3115 XXXV,
202 3081 256 3109 10:
284 3079 476 3109 Tonstrinas
503 3079 708 3116 sutrinasque
741 3079 858 3116 pinxit.
890 3078 1016 3115 publico
1049 3077 1149 3115 officio
1170 3076 1355 3116 fimyeretw‘
1386 3085 1467 3105 niva.
1503 3074 1710 3104 efferreretur.
1743 3074 1869 3114 Alfenus

47 3138 173 3165 astutus
197 3153 239 3156 —
265 3136 423 3165 dicebant.
450 3134 582 3165 Alfenus
608 3152 648 3155 β
674 3134 797 3171 fuisse,
815 3144 874 3164 om.
901 3134 1007 3164 Aliter
1023 3143 1049 3175 γ.
1099 3132 1156 3173 23)
1182 3133 1288 3163 Aliter
1380 3132 1557 3162 uindiceris
1582 3141 1644 3161 om.
1671 3141 1754 3161 iuva.

0 1683 5 1714 ,
38 1646 367 1690 Cremonensem
398 1648 572 1699 deridet,
619 1649 704 1702 qui,
740 1648 903 1690 abiecto
934 1649 1107 1699 sutrino,
1153 1649 1266 1703 quod
1296 1649 1340 1689 in
1370 1650 1604 1704 municipio
1635 1665 1711 1693 suo
1742 1664 1862 1692 exer-
1889 1667 1896 1675 ·

1910 560 1928 590 <ss

1890 926 1929 958 10

1889 1295 1928 1325 15
