2148 3412
795 160 842 191 IN
868 160 1004 191 0111111.
1030 160 1056 198 1,
1086 163 1136 191 ιο.
1800 150 1880 189 183

167 285 281 339 quiue
303 285 466 339 putetis.
526 284 586 325 Ne
618 282 841 332 adiectum,
873 290 917 322 ut
948 297 1080 337 eqone,
1113 291 1228 327 tune:
1272 282 1461 323 abundat
1490 298 1538 324 ue
1569 282 1744 338 syllaba.
1803 282 1881 324 Est

57 371 218 398 sensus:
252 355 291 397 Ο
310 356 393 397 seri
425 355 670 405 studiorum,
704 355 775 410 qui
806 355 959 410 putetis
991 355 1162 396 difficile
1193 362 1232 396 et
1263 356 1415 396 mirum
1446 371 1549 407 esse,
1582 356 1695 411 quod
1715 355 1882 397 Rhodio

55 429 307 472 Pitholeonti
339 429 532 485 contigit3
566 429 633 470 hic
664 437 801 470 autem
833 444 1036 483 perquam
1067 428 1247 470 ridicula
1271 427 1438 470 Graeca
1458 429 1626 471 Latinis
1647 429 1882 471 admiscuit.

168 505 231 544 23.
265 505 329 544 24.
360 512 407 544 ut
439 503 531 544 Clu‘o
561 511 653 543 uota
683 504 719 543 si
748 504 947 543 cowmioeta
964 503 1133 543 Falerni
1161 511 1225 544 est.
1286 502 1472 543 Ironiam
1504 503 1606 544 dicit
1617 520 1626 552 3
1658 518 1755 543 nam
1787 503 1883 544 licet

58 576 210 620 Chium
240 575 398 626 uinum,
445 576 557 630 quod
589 582 648 617 est
680 575 815 624 dulce,
862 576 1148 617 austerissimo
1178 575 1363 617 Falerno
1395 576 1569 617 mixtum
1602 592 1773 618 suauem
1805 592 1882 618 sa-

56 665 199 706 porem
243 649 383 699 faciat,
429 664 512 690 11011
543 655 682 690 tamen
714 649 903 705 intellegi
947 649 1049 699 uult,
1095 649 1226 690 uerba
1259 647 1427 691 Graeca
1472 665 1521 691 ac
1551 649 1708 691 Latina
1753 651 1885 691 mixta

57 724 201 765 eadem
230 723 391 764 ratione
423 723 673 764 concinnam
705 723 882 763 reddere
914 723 1160 764 orationem.

167 798 232 839 25.
269 797 366 839 Cum
387 811 532 838 uersus
552 799 697 851 facias.
726 799 777 838 Te
797 798 926 853 ipsum
942 805 1168 853 percontor.
1229 795 1354 846 Eum,
1378 796 1450 849 qui
1471 811 1617 838 uersus
1638 796 1885 839 Lucilianos

56 870 311 920 laudauerat‚
345 870 455 925 quod
489 869 657 912 Graeca
677 870 845 912 Latinis
867 870 1054 911 admixta
1075 869 1270 919 habeant,
1303 869 1617 924 reprehendens
1639 870 1884 926 interrogat,

56 950 194 985 utrum
223 944 303 986 hoc
333 944 424 999 ipse
447 951 544 986 tunc
565 951 726 986 tantum
748 945 933 986 facturus
955 943 1019 994 sit,
1053 958 1147 985 cum
1168 957 1319 998 poema
1337 942 1510 993 scribat,
1543 959 1596 984 an
1618 943 1757 995 etiam,
1790 959 1883 985 cum

57 1031 172 1059 reum
203 1017 411 1059 defendat.

168 1091 232 1132 25.
266 1092 331 1132 26.
365 1106 416 1132 au
449 1101 480 1132 el
512 1106 602 1132 cum
635 1092 754 1133 Dura
786 1093 856 1133 libi
876 1107 1018 1148 per-ay.
1050 1094 1111 1132 rei
1138 1093 1188 1133 sit
1219 1106 1343 1133 causa
1380 1092 1517 1133 Petilli.
1578 1091 1772 1148 Maligne
1803 1092 1886 1134 Pe-

57 1164 205 1205 tillium
237 1162 524 1219 Capitolinum
557 1164 705 1205 duram
742 1179 911 1205 causam
957 1164 1112 1206 habere
1158 1164 1277 1214 dixit,
1324 1165 1517 1219 quamuis
1563 1164 1776 1207 absolutus
1822 1166 1885 1207 sit.

57 1236 183 1279 Hunc
213 1244 351 1279 autem
372 1244 412 1279 et
433 1253 561 1292 supra
581 1237 816 1279 rettulimus
838 1252 955 1279 reum
975 1238 1102 1279 fuisse
1130 1238 1334 1279 furtorum
1359 1236 1575 1293 Capitolii,
1608 1239 1726 1280 cuius
1748 1247 1886 1282 custos

57 1312 202 1353 fuerat.

168 1386 233 1426 28.
267 1399 357 1426 cum
390 1385 536 1426 Pedius
569 1400 712 1426 causas
745 1386 912 1426 exsudet
946 1385 1166 1426 Publicola.
1232 1385 1378 1426 Pedius
1400 1386 1611 1427 Publicola
1643 1394 1680 1427 et
1703 1386 1889 1428 Messala

58 1458 160 1500 adeo
191 1472 358 1500 curasse
389 1458 598 1508 dicuntur,
644 1473 695 1499 ne
728 1457 896 1500 Graeca
927 1458 1095 1499 Latinis
1125 1458 1268 1499 uerbis
1298 1458 1582 1509 inmiscerent,
1628 1466 1670 1500 ut
1703 1459 1889 1501 Messala

57 1531 216 1588 primus
245 1532 508 1586 funambulus
538 1531 704 1582 dixerit,
752 1546 803 1572 ne
837 1532 1106 1587 σχοινοβάτην
1146 1531 1316 1572 diceret.
1392 1531 1493 1573 Post
1528 1533 1639 1574 hunc
1682 1535 1891 1575 Terentius

59 1604 181 1661 (Hec.
213 1605 318 1660 prol.
340 1606 393 1647 34
417 1606 534 1661 (25);
569 1607 813 1647 Funambuli
842 1607 973 1647 eodem
1005 1610 1173 1647 accessit
1204 1607 1431 1662 expectatio.

168 1681 233 1720 29.
266 1681 332 1721 30.
369 1680 565 1722 Canusini
590 1695 699 1721 more
730 1680 925 1734 biliuque's.
991 1680 1191 1733 Billuyuz's
1223 1678 1341 1728 dixit,
1379 1679 1578 1732 quoniam
1600 1688 1776 1735 utraque
1807 1681 1888 1722 lin-

59 1767 141 1808 gua
169 1752 233 1794 usi
264 1760 372 1803 sunt,
419 1753 526 1794 sicut
556 1767 632 1808 per
662 1768 829 1794 onmem
860 1760 1038 1794 tractum
1069 1752 1231 1801 Italiae,
1277 1752 1475 1806 quoniam
1508 1768 1558 1794 ex
1589 1754 1738 1796 maiori
1770 1763 1888 1810 parte

60 1824 214 1868 Graeci
245 1825 304 1868 ibi
339 1826 615 1876 incoluerunt,
662 1841 712 1867 ex
758 1842 839 1881 quo
886 1827 1061 1881 Maqnae
1111 1827 1308 1867 Graeciae
1352 1841 1504 1867 nomen
1552 1827 1726 1882 accepit.
1786 1828 1888 1870 Ideo

59 1914 158 1955 ergo
188 1907 228 1941 et
259 1900 416 1941 Ennius
447 1908 487 1941 et
521 1901 697 1942 Lucilius
734 1899 911 1955 (Annal.
943 1900 1093 1955 fragm.
1140 1901 1222 1941 488
1270 1898 1447 1941 Vahlen.
1494 1908 1532 1942 et
1577 1900 1736 1943 Lucilii
1784 1900 1888 1943 Satt.

59 1973 145 2014 rell.
178 1988 228 2014 ex
257 1973 337 2015 inc.
369 1972 489 2014 libris
522 1975 600 2014 109
635 1972 794 2028 Gerl.):
833 1975 1024 2015 Bruttace
1054 1974 1225 2028 bz'lv'uyuz'
1254 1973 1462 2015 dixerunt.

170 2048 348 2088 31-—33.
379 2049 504 2088 ‘uetuit
536 2062 584 2088 m.
618 2056 642 2088 t.
674 2062 713 2088 u.
750 2048 797 2098 Q.
822 2063 866 2103 p.
897 2062 946 2088 m.
978 2063 1016 2088 u.
1047 2061 1087 2088 u.
1120 2063 1151 2088 c.
1184 2063 1214 2088 s.
1249 2063 1284 2088 u.
1358 2046 1592 2103 Eleganter
1637 2064 1661 2089 a
1707 2048 1889 2101 Quirino
1916 2059 1953 2072 ·'

60 2134 102 2162 se
131 2119 388 2175 prohibitum
419 2120 477 2161 ait
508 2118 676 2162 Graeca
706 2120 887 2161 Latinae
917 2120 1090 2175 linguae
1121 2120 1367 2170 admiscere,
1399 2121 1598 2175 quoniam
1628 2122 1772 2177 utique
1803 2122 1890 2164 Ro-

60 2193 195 2236 mulus
223 2202 270 2235 ut
298 2193 480 2236 nominis
511 2194 569 2235 ita
599 2194 725 2235 etiam
755 2193 926 2249 linguae
947 2193 1165 2235 Romanae
1196 2201 1341 2235 auctor
1371 2194 1539 2235 uidetur
1569 2210 1671 2236 esse.
1731 2196 1892 2237 Ferunt

62 2273 197 2309 autem
226 2275 321 2324 post
350 2268 534 2309 mediam
564 2274 729 2310 noctem
760 2267 922 2309 somnia
952 2267 1118 2309 ueriora
1150 2281 1252 2318 esse,
1287 2267 1386 2322 quia
1416 2275 1515 2310 tunc
1546 2268 1673 2310 etiam
1703 2284 1821 2311 mens
1852 2277 1891 2311 et

63 2355 87 2382 a
116 2348 217 2397 potu
247 2349 286 2384 et
316 2357 342 2383 a
372 2341 466 2384 cibo
497 2341 643 2398 purior
674 2349 747 2383 est.

177 2487 211 2525 2)
237 2487 292 2525 qui
306 2487 427 2525 putetis
444 2486 488 2516 M.
513 2486 591 2526 quod
615 2487 733 2525 putetis
758 2487 795 2516 R.
822 2487 891 2516 rell.
918 2487 973 2525 qui
999 2487 1132 2524 putatis.
1152 2503 1184 2506 --
1206 2490 1237 2515 et
1263 2486 1409 2515 miserum
1435 2486 1559 2531 MRAG
1585 2497 1645 2516 om.
1672 2488 1759 2516 vafh.
1784 2487 1893 2517 mir-um

65 2540 126 2578 2‚Q
150 2550 218 2572 esse
243 2543 344 2579 vodio,
383 2553 442 2573 om.
468 2543 554 2582 quod,
581 2548 685 2582 poete.
713 2544 814 2573 leonti
840 2544 961 2581 coutig.
989 2543 1031 2571 Μ.
1058 2542 1173 2572 rhodio
1199 2543 1284 2580 quod
1310 2543 1423 2580 pithol.
1450 2547 1532 2572 cont.
1559 2543 1595 2572 R.
1661 2544 1696 2582 4)
1722 2545 1892 2575 Hironiam

64 2596 164 2627 MRG.
190 2600 326 2630 ironiam
354 2601 382 2629 2.
409 2601 480 2630 0(1(1.
507 2610 567 2630 om.
605 2600 742 2630 ironiam
769 2604 800 2629 et
826 2603 981 2638 pergunt:
1019 2599 1122 2628 Dulce
1148 2600 1286 2628 austeris
1313 2598 1477 2637 (misteriis
1501 2599 1559 2629 imo
1584 2600 1619 2638 v)
1657 2601 1732 2629 uino
1758 2601 1893 2631 Falerno

65 2652 179 2684 Chium
202 2657 342 2686 mixtum
368 2656 517 2696 (Falerno
543 2661 666 2686 uastum
692 2657 727 2695 v)
756 2666 903 2694 saporem
928 2655 1007 2685 facit
1031 2655 1120 2685 vafh.
1171 2656 1207 2694 5)
1233 2657 1358 2686 mistum
1383 2656 1441 2685 R2.
1468 2657 1537 2688 rell.
1563 2657 1709 2686 mixtum.
1760 2657 1793 2695 7)
1820 2667 1892 2687 eau-

66 2710 135 2741 dem
160 2713 296 2742 rectione
321 2713 430 2753 Mffl).
480 2715 514 2752 9)
541 2714 676 2743 admista
702 2715 730 2742 2.
758 2714 827 2742 rell.
856 2713 998 2742 admiscta
1024 2712 1184 2751 (admixto
1208 2713 1256 2751 v).
1274 2731 1311 2733 —
1332 2712 1487 2743 habebam
1503 2713 1536 2742 R.
1590 2711 1645 2750 10)
1671 2722 1742 2742 cum
1770 2724 1829 2743 om.
1848 2714 1895 2744 Μ.

69 2767 123 2807 14)
148 2770 248 2799 rettul.
266 2769 331 2799 ΜΖ).
357 2771 426 2800 rell.
454 2771 542 2800 retul.
571 2770 741 2800 Caeterum
767 2771 826 2800 hoc
853 2770 998 2799 scholion
1025 2769 1229 2807 praecedenti
1256 2770 1462 2808 postponitur
1482 2770 1635 2799 inlibris.
1689 2771 1743 2808 17)
1769 2771 1893 2800 immis-

67 2829 206 2855 ceremur
233 2827 261 2856 2.
315 2825 370 2866 18)
396 2827 519 2856 dixerit
545 2826 896 2856 NeCXYNOBATHN
922 2826 955 2855 M
981 2826 1037 2864 (H.
1066 2836 1125 2855 11011
1152 2825 1449 2855 NECXYBATHN
1474 2831 1509 2856 ut
1534 2826 1589 2855 ref.
1617 2826 1659 2864 Q)
1689 2826 1727 2855 G.
1756 2827 1826 2856 dix.
1853 2838 1893 2857 ne

67 2879 271 2924 σχοινοβατην
304 2882 364 2912 A2.
403 2884 471 2913 dix.
508 2893 547 2913 nc
586 2878 777 2925 Κρινοβάτην
804 2884 832 2912 2.
861 2883 927 2911 dix.
953 2881 1121 2925 χοινοβατν
1147 2893 1175 2911 ν.
1203 2883 1272 2914 dix.
1298 2880 1507 2924 σκοινοβατοῦ
1533 2891 1560 2911 a.
1587 2883 1656 2911 dix.
1683 2881 1894 2926 σχοινοβοίτην

68 2935 114 2966 fh.
141 2939 210 2967 edd.
236 2949 296 2968 om.
322 2949 357 2969 ue
383 2944 414 2969 et
440 2940 560 2969 ‹lices-et.
630 2939 684 2979 19)
710 2939 937 2969 fumambulwa
962 2949 988 2968 0.
1014 2949 1041 2968 a.
1069 2939 1225 2977 expeditio
1250 2949 1280 2968 v.
1344 2940 1402 2977 20)
1429 2939 1543 2968 dicitur
1567 2940 1635 2968 vfh.
1662 2940 1820 2978 bilingues
1845 2941 1894 2969 di-

68 2996 175 3023 cuntur
199 3004 225 3023 a.
252 2995 332 3024 dimit
355 2995 544 3033 MR2Gm).
594 2996 651 3033 24)
678 2997 813 3025 brutlace
835 2995 965 3024 MAQG.
992 2996 1109 3024 brutam
1135 2996 1169 3024 R.
1197 3005 1272 3034 ergo
1298 2995 1434 3025 Bruuius
1459 2995 1628 3025 Bre’clzacae
1653 2996 1740 3025 vafh.
1769 3006 1844 3034 ergo
1870 3001 1896 3025 el

70 3050 179 3079 ennius
204 3051 341 3090 (emulus
358 3052 399 3090 R)
427 3056 457 3081 ct
485 3053 611 3081 lucilius
637 3052 735 3080 MRA.
764 3062 837 3090 ergo
864 3053 977 3081 ennius
1004 3053 1048 3081 br.
1076 3054 1104 3080 ⁶2.
1155 3050 1212 3090 27)
1240 3053 1286 3080 ita
1311 3056 1337 3080 et
1363 3054 1413 3081 2.⁷
1444 3053 1501 3089 ⁶23)
1528 3056 1633 3082 autem
1660 3063 1719 3082 om.
1746 3053 1832 3082 vafh.
1854 3071 1891 3074 —

70 3107 172 3134 omnia
196 3107 370 3146 M<H)G‚v.
399 3110 521 3138 somnia
545 3108 682 3145 R‚ath.
710 3110 817 3138 omnia
843 3109 966 3138 somnia
993 3110 1021 3137 2.
1049 3127 1089 3128 ψ
1115 3108 1203 3137 eriam
1228 3108 1269 3136 M.
1297 3108 1367 3136 rell.
1394 3107 1455 3137 iam
1480 3117 1580 3138 mens.
1606 3119 1706 3139 mens.
1732 3113 1759 3139 et
1783 3109 1844 3140 cibo
1869 3119 1883 3138 e

68 3165 135 3199 potu
159 3173 178 3190 v
204 3163 308 3203 (nens
334 3170 365 3194 et
389 3165 420 3195 [n
444 3166 514 3196 cibo
540 3166 575 3204 v)
601 3165 667 3195 afh.
702 3166 770 3196 Hoc
795 3166 895 3196 schol.
921 3176 992 3195 011111
1018 3166 1230 3203 praecedente
1255 3165 1361 3194 sedem
1387 3165 1526 3195 mutauit
1552 3166 1584 3195 in
1610 3166 1711 3196 libris.

1914 954 1953 985 10
