2148 3412
752 130 803 162 IN
827 131 971 163 EPIST.
996 131 1042 169 11,
1067 133 1098 164 2.
1759 119 1841 160 565

16 253 223 304 tomimus,
255 254 326 309 qui
357 267 468 296 nunc
498 258 607 295 totus
639 251 782 310 Satyri
820 269 932 296 nunc
961 254 1213 311 Polyphemi
1248 251 1451 310 Cyclopis
1481 260 1656 297 conatur
1685 253 1854 296 imitari*

15 341 253 383 personam.

129 402 221 441 126.
257 401 522 442 Praetulerim
552 403 733 457 scriptor.
794 401 984 451 Mallem,
1022 402 1169 457 inquit,
1202 402 1349 444 stultus
1381 416 1471 444 esse
1503 409 1543 444 et
1563 402 1668 443 meis
1690 402 1843 444 carmi-

15 473 137 516 nibus
168 473 290 515 malis
320 473 533 522 delectari,
565 488 691 528 quam
721 474 902 529 legendo
934 475 1221 530 sapiendoque
1253 476 1448 518 cruciari.

129 548 221 589 128.
258 547 336 601 fuit
366 548 477 589 haud
506 548 688 602 iqnobilis
726 550 859 604 Arye's.
925 550 1045 604 Arqis
1080 555 1243 591 uetuste
1279 564 1356 604 pro
1397 551 1583 604 Aryu'uz's3
1628 556 1667 590 et
1711 550 1844 591 facete

16 620 138 663 simul
168 620 511 669 adconmodatur,
542 636 667 676 quam
698 621 749 662 sit
781 636 924 663 secura
954 622 1176 665 dementia.

129 695 222 735 129.
260 695 396 745 Ouise
414 695 601 736 credebat
620 696 743 736 miros
762 696 856 736 aud.
890 705 992 751 [ray.
1052 696 1170 738 Bene
1202 698 1411 744 credebat,⁸
1442 711 1524 738 non
1556 697 1666 738 enim
1699 697 1844 739 audie-

15 769 95 810 bat.
156 766 214 808 Et
249 767 423 823 pulchre
462 768 652 809 additum
690 770 825 816 miros,
866 775 909 809 ut
949 784 1032 810 non
1069 770 1113 810 in
1153 784 1202 812 eo
1241 776 1401 811 tantum
1433 784 1574 812 errore
1622 770 1685 820 sit,
1734 771 1845 825 quod

16 841 160 884 audire
192 855 235 882 se
267 841 477 890 credebat,
511 841 583 883 sed
615 842 740 883 etiam
772 842 885 897 quod
915 845 1050 885 miros.

1893 559 1910 588 01

129 916 221 956 131.
256 916 421 957 Caetera
452 917 522 971 qui
547 917 653 957 ‘uitae
685 925 869 958 seruaret
897 919 1049 959 munia.
1097 916 1195 959 Hoc
1225 917 1339 965 dicit,
1370 917 1414 958 in
1446 917 1540 959 aliis
1570 916 1698 959 rebus
1728 917 1845 959 illum
1901 954 1907 956 .

17 1005 99 1032 non
129 989 257 1031 fuisse
289 988 537 1030 dementem.

129 1064 222 1105 132.
254 1064 380 1105 bonus
421 1078 519 1105 sane
555 1065 727 1105 uicinus.
804 1062 1026 1106 Conmoda
1063 1065 1283 1107 occasione
1321 1065 1533 1120 percurrit
1570 1065 1709 1108 officia
1747 1065 1846 1106 boni

21 1137 153 1194 patris
182 1136 376 1178 familias.

132 1212 225 1253 134.
257 1212 312 1253 Et
340 1212 452 1267 siquo
484 1212 603 1253 laeso.
665 1209 870 1262 saturica
903 1218 1117 1267 tamquam
1148 1213 1228 1254 hoc
1258 1212 1377 1254 multi
1407 1212 1576 1254 faciant.

129 1285 223 1327 135.
259 1286 395 1327 Posset
424 1287 494 1341 qui
519 1300 660 1342 rupem
692 1294 727 1327 et
752 1296 928 1343 puteum.
990 1284 1197 1341 Superius
1234 1286 1354 1341 quasi
1386 1301 1533 1328 sanum
1570 1286 1846 1337 describebat,

17 1359 84 1402 hic
114 1374 216 1415 ergo
247 1359 368 1414 quasi
398 1359 549 1401 leuiter
578 1359 786 1401 insanum.

130 1434 223 1474 137.
254 1434 429 1490 Expulit
459 1433 631 1476 elleboro
661 1448 833 1476 meraco.
898 1433 1038 1476 Multo
1069 1440 1107 1475 et
1140 1448 1295 1485 crasso,
1341 1440 1485 1490 utpote
1516 1440 1661 1476 contra
1690 1440 1849 1476 tantam

17 1508 282 1549 dement-iam.

131 1583 224 1624 138.
257 1582 363 1624 redit
392 1583 446 1624 ad
475 1598 569 1624 sese.
632 1581 771 1623 Sanus
801 1582 936 1624 factus
967 1589 1040 1624 est.

131 1656 223 1697 138.
258 1656 350 1697 139.
378 1656 449 1712 pol
483 1670 544 1697 me
575 1656 788 1703 occidistis,
820 1657 956 1705 amici,
996 1657 1089 1699 Non
1119 1657 1327 1707 seruas-tis,
1367 1657 1436 1698 ait.
1498 1655 1623 1698 Adeo
1661 1656 1848 1698 securius

19 1735 93 1782 est,
121 1728 307 1771 insanire
338 1744 461 1785 quam
493 1744 652 1785 sapere.

132 1804 224 1845 139.
260 1804 334 1845 Cm?
362 1806 418 1846 sic
449 1813 607 1846 extorta
636 1804 837 1860 uoluptas.
896 1802 1010 1844 Mire
1040 1818 1125 1846 non
1155 1803 1326 1846 morbus
1357 1804 1431 1846 sed
1459 1803 1666 1859 uoluptas.

132 1879 225 1919 140.
257 1880 396 1919 mentis
434 1879 688 1933 yralc'ssimus
728 1892 857 1919 error.
916 1877 994 1918 Ille
1034 1877 1206 1928 scilicet,
1246 1892 1328 1933 quo
1369 1877 1492 1919 malis
1534 1877 1619 1919 suis
1660 1877 1850 1919 homines

20 1966 104 1993 non
141 1951 273 1993 solum
312 1966 396 1993 non
427 1951 582 1999 dolent,
625 1951 697 1992 sed
737 1951 862 1992 etiam
894 1950 1174 2000 delectantur3
1220 1951 1331 1993 unde
1373 1950 1479 1992 illud
1511 1950 1725 1993 Graecum
1768 1957 1848 1992 est:

19 2024 196 2080 Ἀμαθία
227 2025 391 2079 θράσος.

21 2173 84 2216 dis
113 2173 158 2215 in
187 2181 276 2215 arte
307 2173 473 2229 poetica
503 2172 748 2221 constitutis,
780 2172 886 2213 illud
918 2172 1142 2223 concludit,
1173 2173 1279 2213 nihil
1310 2187 1399 2214 esse
1430 2172 1581 2214 melius
1613 2172 1750 2214 studio
1781 2187 1850 2213 sa-

21 2247 213 2303 pientiae,
243 2247 287 2288 id
325 2254 398 2296 est,
440 2246 745 2302 philosophiae.
805 2245 864 2286 Et
901 2252 960 2288 est
992 2246 1114 2288 ordo:
1145 2245 1358 2287 Nimirum
1389 2246 1564 2288 abiectis
1594 2246 1719 2302 nugis
1749 2245 1850 2287 utile

22 2328 94 2372 est,
126 2335 275 2377 sapere
306 2328 346 2362 et
376 2320 607 2362 concedere
628 2320 771 2376 pueris
792 2320 1089 2375 tempestiuum
1109 2319 1270 2369 ludum,
1302 2319 1347 2361 id
1368 2327 1442 2371 est,
1474 2326 1606 2361 artem
1628 2319 1849 2375 poeticam.

138 2525 170 2564 1)
197 2534 282 2554 nunc
307 2527 380 2554 tot-us
404 2523 517 2553 MRA2
543 2523 623 2561 Arg.
652 2522 753 2561 G(Q).
779 2526 860 2551 tosus
884 2532 915 2552 v.
941 2526 1043 2551 tonsus
1070 2522 1135 2552 afh.
1162 2522 1271 2552 malem
1296 2532 1320 2552 r.
1348 2521 1451 2552 malim
1477 2521 1515 2556 Q.
1576 2521 1610 2559 3)
1638 2520 1755 2550 stultus
1782 2529 1850 2550 esse

23 2585 55 2610 ‘ut
77 2599 116 2603 —
144 2582 325 2611 delectarer
349 2581 484 2619 legendo
510 2580 744 2618 cruciandoque
770 2580 940 2611 cruciarer.
966 2578 1092 2609 MR2G.
1131 2580 1223 2609 stult.
1263 2582 1349 2608 esset
1375 2596 1416 2599 *—
1442 2579 1621 2608 delectarer
1646 2594 1685 2599 —
1713 2577 1849 2606 cruciari

25 2647 55 2668 v.
80 2638 149 2668 rell.
174 2642 201 2667 et
225 2656 265 2659 Δ-
292 2638 445 2667 delectari
470 2647 558 2676 quam
582 2636 719 2675 legendo
745 2635 963 2674 sapiendoque
989 2636 1130 2665 cruciari.
1195 2636 1229 2674 5)
1255 2639 1307 2665 aut
1331 2636 1397 2672 ign.
1422 2633 1527 2666 MRG.
1595 2635 1629 2672 8)
1657 2642 1775 2663 errores
1799 2632 1852 2662 sed

26 2695 106 2733 quod
130 2695 258 2724 audires
284 2695 433 2724 credebat
457 2694 540 2723 MR2
569 2693 723 2732 (audiret)
750 2692 788 2722 G.
827 2701 931 2722 errore
955 2692 992 2721 sit
1016 2693 1101 2731 quod
1125 2701 1155 2721 se
1179 2691 1287 2721 audire
1311 2692 1461 2721 credebat
1485 2689 1574 2720 vafh.
1601 2690 1697 2719 miros
1722 2688 1850 2719 MR2G.

25 2751 151 2781 miseros
175 2761 206 2781 v.
233 2751 288 2780 sed
315 2751 411 2779 etiam
437 2751 521 2788 quod
546 2749 650 2779 uidere
675 2759 703 2778 a.
730 2749 785 2778 sed
811 2749 908 2779 etiam
934 2748 1009 2787 quid
1031 2748 1133 2778 uidere
1157 2749 1203 2779 fh.
1272 2749 1326 2787 10)
1352 2749 1417 2777 uita
1443 2755 1567 2777 seruare
1591 2745 1665 2775 MG.
1692 2746 1758 2775 uita
1783 2755 1850 2775 ser-

26 2812 110 2837 naret
132 2808 168 2837 R.
195 2825 238 2829 ——
263 2808 349 2837 dicat
373 2807 416 2837 M.
476 2808 531 2846 12)
557 2807 679 2836 occasio
703 2805 829 2835 MRQG.
881 2806 935 2844 14)
963 2806 1095 2844 satyrice
1119 2805 1162 2834 M.
1189 2805 1327 2834 saturice
1353 2813 1458 2842 supra.
1512 2803 1567 2841 17)
1595 2802 1730 2831 Excullit
1757 2802 1849 2831 ellel).

28 2873 101 2894 mer.
126 2864 170 2893 M.
196 2865 276 2894 eleb.
302 2874 332 2894 v.
370 2864 485 2893 hellel).
512 2873 539 2892 a.
565 2863 696 2893 Lemma
719 2871 837 2892 meraco
862 2862 895 2891 in
918 2862 966 2892 fh.
1023 2862 1079 2901 24)
1106 2871 1234 2900 grecum
1260 2866 1309 2890 est
1333 2860 1428 2890 MR2.
1455 2859 1524 2889 rell.
1551 2868 1612 2888 0111.
1650 2863 1700 2888 est.
1727 2855 1851 2899 ἀμαθία

28 2916 143 2963 θράσος
166 2919 366 2959 MA2(G‘.>Q)
393 2921 472 2958 Arg.
498 2920 582 2949 conf.
607 2920 647 2949 H.
675 2919 787 2957 Steph.
813 2919 970 2948 Emendd.
995 2928 1025 2957 p.
1054 2919 1249 2948 160——1612
1282 2918 1326 2946 ‘iu
1351 2920 1416 2945 uet.
1443 2916 1542 2945 libro:
1570 2913 1709 2957 ἁμαρτία
1732 2910 1852 2956 θράσος

30 2993 69 2998 -—
87 2995 140 3006 —-.
164 2977 277 3015 Neque
301 2987 376 3007 uero
400 2978 453 3006 hic
476 2977 559 3006 alius
585 2976 744 3014 prouerbii
770 2985 834 3005 non
859 2976 1018 3012 recordor,
1044 2972 1168 3016 ἀμαθία
1192 2970 1321 3016 θράσος.
1348 2970 1491 3014 ἐμπειρία
1516 2968 1638 3002 δ’ὅκνον
1662 2969 1772 3008 τίκτει,
1798 2971 1850 3000 uel

29 3029 175 3075 λογισμός
191 3031 223 3064 ὃε
241 3029 334 3064 ὄκνον
350 3031 461 3071 τίκτει,
487 3037 523 3062 ut¹
541 3033 624 3071 apud
643 3032 798 3071 Thucyd.'
819 3036 878 3061 ete.
900 3036 981 3070 spat.
1000 3041 1069 3060 uae.
1088 3031 1198 3067 R‚vf11.
1225 3040 1285 3059 om.
1311 3039 1338 3058 a.
1389 3029 1445 3067 26)
1473 3029 1648 3058 commodis
1673 3026 1851 3069 MR2B<pG.

29 3089 96 3119 rell.
120 3090 232 3119 incom.
293 3090 349 3129 27)
376 3091 456 3120 nihil
483 3088 690 3127 ο111.ν(11ἰῖι(ε
706 3087 749 3117 at..
769 3087 899 3126 melius)
915 3088 980 3117 asli.
1008 3087 1130 3116 studere
1155 3087 1220 3116 afh.
1248 3086 1317 3115 rell.
1345 3085 1458 3115 studio.
1487 3085 1570 3114 nihil
1595 3084 1711 3114 melius
1735 3084 1850 3120 studio,

8 3167 9 3170 η
30 3154 88 3175 om.
115 3155 195 3183 esse,
222 3147 286 3190 Βφ.
335 3146 393 3185 28)
421 3146 465 3175 Et
491 3149 539 3175 est
565 3146 642 3175 ordo
668 3143 861 3183 MR2G(Q).
887 3144 963 3174 ordo
987 3153 1038 3174 va.
1068 3142 1155 3174 Ordo
1180 3146 1227 3172 est
1252 3142 1297 3172 fh.

11 3213 15 3231 l

134 2101 227 2141 141.
258 2101 460 2143 Nimirum
491 2113 630 2156 sapere
661 2108 717 2141 est
747 2099 921 2141 abiectis.
992 2096 1330 2141 Conmemoratis
1361 2098 1556 2140 omnibus
1589 2098 1850 2155 [in]conmo-
