2148 3412
163 923 198 955 10

221 126 303 167 378
859 135 965 168 Aca.
991 135 1052 167 ET
1077 134 1243 167 PORPH.
1270 133 1416 167 coMM.

334 261 401 301 34.
433 259 479 300 St·
494 259 604 300 noles
625 273 759 300 sanus.
820 256 1015 300 Currere.
1046 257 1098 299 Id
1119 263 1198 299 est:
1231 257 1266 298 si
1287 257 1471 299 nolueris
1491 262 1669 298 uentura
1689 256 1793 297 uitia
1813 255 2050 311 propellere

223 348 247 374 a
277 340 329 382 te,
362 347 456 373 cum
487 339 525 372 te
557 331 856 387 oppresserint,
903 338 1001 373 tunc
1032 331 1239 373 conabere
1269 331 1353 372 illis
1385 331 1579 372 resistere
1609 331 1776 380 frustra,
1822 345 1916 371 cum
1946 329 2051 370 nihil

221 406 428 461 proficies.
490 403 623 446 Stoici
655 404 800 447 stultos
830 420 953 446 sanos
988 404 1116 461 [esse]
1149 412 1317 461 negant.
1377 405 1455 446 Est
1485 419 1587 461 ergo
1619 419 1782 446 sensus:
1816 404 1850 445 si
1881 404 1959 445 hoc
1989 403 2051 444 la-

221 479 372 521 borare
403 478 525 529 nolis,
557 486 601 519 ut
632 478 688 520 sis
720 479 902 534 sapiens,
939 478 1054 520 aliud
1084 478 1323 520 necessario
1354 478 1579 520 laborabis.

336 567 477 595 curres
507 553 766 608 hydropicus.
846 554 1028 595 Vitiosus.
1079 551 1315 609 [Quoniam
1344 552 1568 607 hydropici
1598 551 1794 593 iubentur
1824 567 1848 593 a
1878 550 2053 592 medicis

225 640 410 675 currere3
447 626 506 667 ita
536 626 649 668 enim
678 625 851 668 morbus
882 641 1026 668 eorum
1057 626 1162 668 solet
1192 626 1409 668 extenuari
1440 625 1617 682 labore]

337 701 402 742 35.
434 701 579 742 Posces
615 708 705 741 ante
741 700 843 741 diem
878 701 970 742 libr.
1028 699 1080 741 Id
1111 706 1190 742 est:
1222 707 1344 742 nocte
1379 699 1589 742 lucubras.
1649 700 1807 741 librum.
1839 697 1925 752 Qui
1956 713 2055 740 con-

223 774 327 815 tinet
355 773 680 830 philosophiam.
742 788 834 815 cnm.
865 774 1027 815 lumine.
1089 771 1199 815 Cum
1230 774 1415 815 lucerna.

337 849 404 890 36.
436 849 555 891 rebus
585 849 769 890 honestis.
832 846 880 890 Si
910 863 1009 898 non,
1054 847 1203 902 inquit,
1248 854 1422 902 propter
1452 846 1765 902 philosophiam
1795 845 2056 902 uigilaueris,

224 929 398 978 propter
428 921 634 963 inuidiam
665 929 705 963 ct
735 936 921 963 amorem
952 921 1136 963 dormire
1167 936 1250 962 non
1281 920 1451 976 poteris.

337 998 404 1038 37.
435 997 608 1038 Inuidia.
642 994 870 1037 Sollicitus.
929 996 1170 1051 torquebere.
1208 994 1258 1035 Id
1290 1001 1370 1036 est:
1403 994 1572 1050 quando
1602 994 1796 1044 senseris,
1827 993 2058 1035 maximum

225 1084 316 1112 esse
347 1070 628 1126 dispendium,
661 1068 870 1124 sapientia
901 1068 1099 1110 caruisse.

338 1145 405 1186 37.
436 1145 501 1185 uel
530 1158 678 1185 amore.
736 1142 806 1183 Ex
836 1142 920 1184 otio
951 1142 1103 1184 incidis
1133 1142 1177 1182 in
1208 1156 1405 1183 amorem.

339 1219 405 1259 39.
438 1219 510 1259 Est
539 1219 658 1259 anim.
720 1215 954 1258 Consumit.
996 1217 1115 1267 Quod
1146 1216 1266 1257 laedit
1295 1215 1511 1266 subaudis,
1547 1222 1592 1256 ut
1625 1214 1719 1272 [(A.
1751 1214 1829 1266 IV,
1863 1216 1956 1270 66):
2003 1223 2060 1258 est

226 1292 354 1334 mollis
381 1292 546 1347 flamma
577 1290 809 1347 medullas]

338 1366 407 1407 40.
439 1365 662 1407 Dimidium
691 1366 800 1419 facti.
868 1363 920 1404 Id
950 1370 1029 1405 est:
1063 1362 1336 1418 (in->cepisse
1367 1362 1527 1418 aliquid
1560 1362 1673 1414 boni,
1705 1363 1827 1417 quasi
1856 1363 2060 1405 medietas

227 1446 287 1482 est
317 1439 430 1481 facti.

338 1528 478 1569 sapere
507 1513 623 1555 aude.
685 1510 820 1564 Quasi
851 1511 1053 1553 audaciae
1084 1511 1149 1561 sit,
1183 1517 1328 1552 contra
1358 1510 1462 1551 uitia
1491 1510 1568 1551 niti
1578 1526 1588 1559 ς
1620 1510 1728 1552 aude
1759 1511 2059 1553 continentiam

227 1587 360 1643 sequi,
405 1587 449 1628 id
494 1592 574 1628 est:
617 1586 725 1627 aude
756 1585 919 1627 discere
950 1584 1276 1641 philosophiam,
1312 1591 1356 1626 ut
1388 1585 1527 1640 (Verq.
1557 1583 1613 1626 A.
1644 1583 1767 1635 VIII,
1789 1585 1912 1640 364):
1944 1585 2060 1627 Ande

228 1662 367 1718 hospes
399 1669 675 1717 contempnere
704 1675 807 1716 opes.

339 1736 406 1776 41.
439 1736 510 1791 qui
537 1743 642 1776 reete
672 1736 756 1776 uin.
784 1741 978 1790 proroyat
1007 1734 1157 1775 horam.
1229 1731 1315 1785 Qui
1348 1739 1486 1774 autem
1517 1732 1752 1774 institutum
1782 1732 1919 1775 bonae
1949 1732 2061 1775 uitae

345 1846 378 1883 1)
405 1845 583 1884 propellere
607 1854 625 1873 a
651 1849 682 1874 te
706 1845 755 1886 γὶ).
782 1844 850 1873 rell.
877 1854 895 1873 a
920 1848 951 1873 te
977 1854 1063 1882 prop.
1131 1845 1165 1883 2)
1191 1847 1420 1882 oppresserant
1445 1845 1475 1873 b.
1508 1844 1663 1874 conabere
1687 1845 1724 1885 *sb
1750 1843 1844 1873 Laur.
1870 1845 1940 1874 rell.
1967 1854 2060 1875 cona-

228 1902 322 1932 beris
372 1902 407 1940 3)
434 1901 559 1940 proficis
585 1901 629 1931 fh.
657 1901 760 1931 Schol.
788 1901 825 1930 Id
847 1905 888 1930 est
906 1900 1094 1940 api-(ficies
1118 1901 1336 1940 Porphyrioni
1362 1901 1511 1930 tribuunt
1536 1900 1623 1930 vafh.
1651 1919 1690 1921 ——
1718 1900 1824 1930 Schol.
1852 1900 1948 1931 Stoici
1960 1919 2002 1922 ›—
2016 1901 2060 1931 la—

228 1959 346 1989 borabis
370 1967 386 2000 γ
411 1962 496 1988 recte
521 1959 551 1987 h.
579 1958 600 1987 l.
628 1958 736 1996 posuit
760 1957 881 1994 N‚vafh
907 1957 1058 1996 (Porph.)
1085 1961 1116 1987 et
1143 1957 1170 1993 Q
1197 1957 1303 1997 (Aer.)
1340 1962 1412 1996 post
1438 1968 1469 1987 u,
1496 1958 1633 1987 instituas
1658 1958 1697 1987 ad
1723 1967 1849 1987 uersum
1876 1958 1916 1987 33
1955 1958 2061 1988 conlo-

229 2020 312 2046 cant.
338 2016 436 2045 schol.
463 2025 523 2045 om.
548 2015 568 2043 b
594 2014 687 2044 Laur.
748 2014 786 2053 4)
814 2014 894 2043 nolis
920 2015 953 2043 in
978 2015 1098 2044 scholio
1124 2015 1244 2044 habent
1269 2024 1379 2044 omnes
1405 2015 1490 2044 libri.
1518 2015 1593 2044 inde
1619 2015 1750 2044 transiit
1776 2016 1809 2044 iu
1835 2015 1952 2044 lemma
1976 2015 2061 2053 apud

228 2071 344 2102 vath.
372 2072 457 2102 noles
479 2072 577 2101 lectio
602 2072 745 2102 omnium
769 2071 835 2101 fere
859 2075 927 2100 uett.
954 2071 1111 2101 codicum.
1137 2071 1233 2101 nolles
1256 2073 1349 2109 pauci
1374 2072 1505 2109 habeut,
1532 2072 1613 2101 nolis
1639 2073 1756 2110 plures.
1782 2071 1827 2101 ait
1849 2072 1894 2101 sis
1919 2082 1949 2101 v.
1975 2071 2063 2101 aliud

228 2139 246 2171 γ
270 2129 365 2159 Laur.
392 2129 485 2166 N,va.
511 2128 570 2158 alio
594 2126 755 2167 th(G‘.>).
782 2127 867 2157 alind
889 2131 986 2163 recte,
1023 2131 1058 2157 ut
1084 2127 1149 2157 Cic.
1175 2128 1216 2156 ad
1242 2128 1317 2157 Diu.
1343 2128 1427 2165 XVI,
1454 2129 1489 2158 4:
1526 2128 1603 2158 nihil
1624 2128 1744 2164 laboro,
1783 2129 1847 2158 nisi
1883 2132 1918 2157 ut
1955 2128 2062 2157 saluus

229 2187 286 2216 sis.
325 2185 408 2216 conf.
445 2185 513 2215 Cic.
552 2185 635 2216 Phil.
664 2185 750 2221 VIII,
778 2187 795 2214 9
823 2188 853 2214 et
879 2184 946 2214 Cic.
973 2184 1042 2213 Att.
1068 2184 1156 2221 XIII,
1183 2186 1220 2214 9:
1259 2185 1343 2214 idem
1369 2185 1479 2215 laboro
1505 2185 1589 2223 quod
1614 2190 1660 2215 tu.
1687 2184 1770 2215 Stat.
1798 2185 1899 2215 Theb.
1925 2185 1950 2221 I,
1977 2185 2059 2214 341:

230 2244 299 2273 uita
323 2243 478 2272 laborata.
528 2241 564 2282 5)
588 2252 693 2272 curo-es
718 2241 785 2283 mc.
812 2241 937 2282 (vath
963 2243 1023 2272 hoc
1048 2242 1146 2272 uerbo
1172 2242 1205 2271 in
1231 2242 1380 2272 lemmate
1405 2242 1543 2281 carent),
1569 2246 1605 2271 ut
1630 2242 1759 2280 plurimi
1777 2245 1857 2271 uett.
1876 2242 1968 2271 codd.
1995 2241 2062 2271 Ho-

230 2302 318 2331 ratii.
344 2309 429 2329 czares
453 2300 562 2335 lectio⁷
600 2300 699 2328 etiam
725 2299 756 2328 in
783 2299 876 2328 Barc.
902 2299 1023 2328 Bernn.
1050 2297 1227 2328 ABCDFG
1252 2299 1346 2328 Fran.
1374 2299 1520 2328 Riccard.
1551 2300 1645 2328 1224.
1683 2299 1798 2336 Regin.
1830 2298 1884 2327 M2
1924 2299 2062 2337 aliisque

231 2357 465 2387 recentioribus
491 2356 597 2393 obuia,
623 2356 751 2385 serioris
776 2356 914 2393 originis
941 2356 1112 2384 iudicanda
1137 2359 1197 2385 est.
1226 2355 1305 2385 Cod.
1332 2356 1433 2386 Notre
1458 2356 1560 2385 Dame
1585 2356 1698 2385 habet:
1725 2364 1851 2393 currere
1875 2355 1914 2385 al.
1941 2364 2060 2385 curare.

231 2424 272 2457 φτ
299 2423 384 2443 caves
409 2423 434 2442 s.
460 2417 493 2442 te
517 2413 610 2442 uelis.
640 2413 745 2441 7983:
781 2422 877 2441 eures.
904 2413 1032 2442 curabis
1058 2416 1089 2442 te
1115 2413 1238 2450 ipsum3
1270 2413 1303 2442 iu
1329 2413 1414 2448 aliis,
1451 2417 1487 2443 ut
1512 2412 1558 2442 St.
1587 2412 1707 2449 Germ..
1745 2412 1900 2442 correctio
1926 2416 1975 2442 est
2001 2416 2062 2442 etc.

231 2471 394 2508 Idropicus
420 2471 495 2508 quia
519 2469 654 2507 idropici
679 2468 830 2498 lubentur
856 2479 884 2498 v.
915 2469 992 2502 Quia
1022 2487 1059 2489 a
1086 2469 1187 2499 labore
1212 2479 1273 2499 om.
1300 2479 1326 2510 γ.
1356 2469 1502 2503 Quoniam
1519 2471 1549 2499 b.
1577 2469 1671 2499 Laur.
1700 2470 1768 2499 rell.
1795 2468 1877 2508 (licia.
1927 2468 1962 2507 6)
1989 2472 2062 2498 atte-

230 2528 321 2557 nuari
340 2536 399 2565 per
423 2527 565 2555 laborem
591 2526 621 2555 b.
671 2524 706 2562 7)
732 2526 752 2554 i.
779 2529 874 2555 nocte
899 2526 960 2554 lue.
986 2535 1012 2567 γ.
1039 2526 1107 2555 rell.
1135 2536 1195 2555 om.
1223 2527 1304 2556 conf.
1334 2526 1376 2556 C:
1403 2530 1439 2556 ut
1465 2527 1504 2556 de
1530 2530 1625 2556 nocte
1650 2527 1690 2555 ad
1715 2526 1875 2556 lucernam
1901 2526 2061 2555 lucubres.

231 2602 273 2605 -—-
289 2583 373 2619 Quia
396 2586 479 2613 cont.
507 2583 585 2621 phil.
610 2592 628 2624 γ
654 2582 762 2619 Laur.‚
790 2581 826 2611 C.
847 2582 914 2611 rell.
934 2592 994 2612 om.
1044 2583 1079 2621 8)
1105 2582 1183 2613 Cum
1203 2584 1333 2613 lucerna
1358 2593 1382 2624 γ,
1402 2584 1471 2612 rell.
1489 2593 1548 2613 om.
1601 2584 1656 2622 10)
1681 2592 1744 2612 non
1770 2583 1869 2612 dorm.
1896 2583 2016 2621 poteris
2034 2591 2066 2623 γ.

236 2640 291 2678 11)
319 2640 486 2670 Sollicitus
511 2649 538 2682 γ.
567 2639 634 2669 rell.
660 2648 720 2668 om.
786 2639 840 2677 13)
868 2639 971 2668 exitio
995 2649 1022 2680 γ.
1049 2648 1090 2668 ex
1115 2640 1178 2669 otio
1204 2640 1297 2669 Laur.
1324 2640 1391 2669 rell.
1419 2650 1478 2670 om.
1506 2640 1663 2670 scholion.
1726 2640 1782 2679 14)
1806 2649 1841 2682 γι
1868 2638 2060 2669 ‘Consumit.

233 2695 325 2732 Quod
342 2696 442 2726 laedit
467 2696 630 2726 subaudis.
657 2696 702 2726 Ut
727 2700 804 2733 puta
829 2705 916 2724 amor
941 2696 1018 2725 ledit
1047 2696 1194 2725 inuidia)
1225 2697 1340 2735 uulgo:
1368 2696 1407 2726 ‘si
1429 2696 1500 2735 quid
1525 2697 1578 2726 Est
1601 2696 1692 2726 anim.
1722 2697 1774 2725 Est
1791 2697 1810 2725 i.
1840 2706 1864 2725 e.
1891 2696 2060 2733 consumit,

233 2758 287 2782 ut:
325 2757 368 2782 est
380 2753 510 2792 flamma
533 2753 689 2783 medullas.
753 2754 810 2791 16)
836 2753 959 2789 cepisse
984 2753 1033 2793 Tb.
1061 2752 1096 2782 Id
1119 2757 1162 2782 est
1184 2763 1251 2790 cep.
1279 2753 1373 2782 Laur.
1401 2754 1494 2791 quasi
1519 2753 1661 2782 medietas
1684 2754 1733 2795 ⁴(b.
1772 2752 1860 2792 quasi
1894 2752 2062 2782 dimidietas

234 2809 328 2838 Laur.
356 2815 386 2840 et
410 2810 444 2839 C.
471 2810 648 2839 Dimidietas
672 2819 735 2839 non
761 2814 809 2839 est
833 2819 899 2839 uox
925 2809 1053 2845 Latina,
1079 2814 1114 2839 ut
1140 2810 1325 2839 dimidiatim
1351 2810 1466 2840 Plauto
1491 2810 1631 2847 Mil.III,
1652 2811 1676 2847 l⁷
1697 2811 1757 2839 167
1783 2809 1912 2839 obtrudi
1938 2809 2061 2847 nequit,

235 2875 337 2904 neque
363 2867 549 2903 dimidiatio,
582 2876 699 2897 nomen
724 2866 859 2895 Tei-tull.
885 2866 958 2896 adu.
984 2866 1138 2896 Marcion.
1166 2866 1190 2902 I,
1219 2867 1269 2896 24.
1308 2866 1455 2905 Pugnare
1480 2867 1610 2905 quidem
1634 2867 1764 2896 uidetur
1790 2876 1845 2904 pro
1871 2877 1901 2896 u.
1927 2865 2062 2896 dimidie·
2102 2875 2104 2878 ’

234 2926 280 2952 tas
316 2924 474 2960 particula
509 2923 604 2961 quasi,
642 2924 698 2953 sed
735 2923 832 2953 lectio
857 2922 997 2952 medietas
1022 2923 1232 2961 praeferenda
1258 2927 1308 2953 cst
1332 2933 1437 2960 sensu,
1475 2933 1536 2962 quo
1560 2923 1685 2953 Pallad.
1712 2924 1791 2953 dicit
1814 2923 1909 2952 Mart.
1934 2923 1974 2959 X,
2004 2923 2060 2952 10:

235 2988 371 3017 coquere
394 2990 495 3018 usque
520 2981 560 3009 ad
586 2981 803 3010 medietatem.
828 2980 905 3008 Mai.
932 2980 969 3009 3:
1008 2980 1093 3009 Sulci
1121 2990 1220 3018 usque
1246 2981 1285 3009 ad
1312 2981 1519 3010 medietatem
1545 2981 1720 3018 replentur.
1759 2979 1834 3009 Cod.
1860 2980 1980 3009 Theod.
2007 2978 2060 3015 IV,

240 3037 288 3071 19,
312 3038 345 3065 1:
372 3037 576 3066 medietatem
602 3037 702 3066 debiti
722 3036 852 3066 inferre.
905 3036 959 3075 18)
986 3037 1076 3074 quasi
1104 3055 1140 3057 ‡--
1172 3037 1228 3066 uiti
1254 3037 1319 3078 ΥΕ.
1346 3037 1414 3066 rell.
1440 3047 1501 3067 om.
1527 3037 1612 3066 Phil.
1639 3037 1762 3066 discere
1789 3036 1823 3065 C.
1851 3040 1886 3065 ut
1910 3046 1936 3077 γ.
1965 3036 2009 3065 sic
2026 3033 2060 3064 C.

236 3093 318 3121 aude
335 3110 369 3113 —
387 3102 462 3130 opes
480 3093 534 3134 γΟ.
554 3094 623 3123 rell.
643 3104 702 3122 om.
752 3094 810 3132 21)
837 3092 900 3128 Qui
917 3111 955 3113 Α
975 3093 1100 3130 lapsum
1126 3103 1152 3134 γ.
1179 3093 1262 3123 conf.
1283 3095 1318 3123 b:
1346 3093 1444 3128 Quasi
1471 3094 1524 3132 qui
1550 3094 1734 3123 institutum
1749 3111 1789 3114 —
1804 3092 1902 3122 refert
1927 3092 2062 3122 rusticos

234 3149 351 3179 similis
388 3166 404 3169 --
422 3149 546 3187 lapsum
572 3154 736 3188 tamquam
763 3151 856 3179 finem
883 3150 1058 3188 aliquando
1081 3149 1233 3184 factm-unz
1256 3150 1424 3188 sitflzcmen
1447 3150 1638 3180 decurrendi.
1664 3150 1733 3180 rell.
1751 3159 1811 3180 om.
