2148 3412
232 69 312 110 642
841 76 947 108 Aen.
997 76 1056 107 ET
1082 75 1251 108 Pouru.
1277 76 1425 108 eoum.

232 217 410 258 persona
440 201 608 243 illorum
640 199 759 250 dixit,
792 199 864 255 qui
896 199 1096 241 dicendo:
1131 200 1331 241 ‘carnu‘na
1361 201 1507 242 scamus
1537 200 1680 253 facere’
1712 199 1818 241 nihil
1840 199 1990 249 sciunt,
2023 207 2062 241 et

232 276 375 317 uolunt
400 282 539 315 tamen
561 288 605 315 se
628 272 860 315 existimari
883 279 1040 328 poetas.
1088 273 1251 315 scabies
1272 272 1395 314 ludus
1417 287 1643 327 puerorum
1666 279 1745 320 θεῖς
1767 271 1849 329 [ut]
1867 272 1998 314 habes
2020 272 2064 314 in

231 350 416 391 Suetonio
436 348 668 404 Tranquillo
687 347 746 401 (p.
759 347 840 388 346
857 346 1145 401 Reifferseh.):
1164 346 1266 387 milri
1281 354 1396 402 turpe
1412 347 1592 402 relinqui
1607 355 1675 394 est,
1693 346 1735 386 in
1753 360 1877 387 cursu
1893 345 2064 387 seilicet.

231 422 339 462 Mihi
362 430 483 476 turpe
505 429 578 470 est,
604 419 666 477 [ut
688 419 858 461 ultimus
876 420 1026 460 faciam
1050 418 1257 475 carmina]
1281 434 1363 461 non
1386 420 1532 461 referri
1555 419 1597 460 in
1620 433 1794 461 numero
1816 425 2046 474 poetarum.

165 509 182 537 5
342 496 438 536 418.
472 510 568 536 sane
598 495 751 535 nescire
776 495 910 548 fateri.
955 492 1075 533 Ordo
1098 500 1176 534 est:
1210 491 1319 533 Mihi
1342 508 1441 534 sane
1473 500 1594 548 turpe
1625 500 1699 543 est,
1731 500 1769 534 et
1800 492 1936 543 fateri,
1967 492 2067 546 quia

231 570 430 612 nesciam.

345 643 459 699 [419.
496 642 545 683 Ut
560 656 719 698 praeeo,
752 642 806 682 ml
829 655 990 682 merces.
1033 639 1402 692 Quemadmodum
1425 654 1578 695 praeeo
1601 653 1703 681 uoce
1725 640 1913 681 hortatur
1933 653 2066 695 popu-
2118 648 2120 654 ⁸

231 717 330 765 lum,
362 715 563 758 accedere
595 714 649 755 ad
680 714 879 755 emendas
910 727 1071 755 merces
1102 712 1374 768 proscriptas,
1407 713 1465 754 ita
1501 719 1539 754 et
1562 721 1686 768 pocta
1716 712 1835 754 diues
1866 713 2066 763 hortatur,

231 789 446 832 adsentari
479 789 559 830 sibi
592 788 633 829 in
666 788 852 829 carmine
884 802 960 842 per
991 787 1101 828 dona
1132 785 1317 842 multos]

171 877 206 907 lu
345 864 441 904 420.
474 863 773 904 Azlsentatores.
850 860 1049 911 Blaiidos,
1096 860 1223 901 falsos
1255 860 1478 901 auditores.
1539 861 1591 901 ad
1623 862 1796 902 lucrum.
1857 859 1928 900 Ad
1960 860 2070 901 dona

232 953 307 979 sua
338 937 609 986 laudandum,
648 935 759 976 unde
791 935 901 975 doua
934 934 1128 989 accipiat,
1174 934 1216 974 id
1254 942 1333 975 est:
1381 933 1440 975 sie
1477 942 1601 989 poeta
1647 934 1856 988 quomodo
1888 947 2065 989 praeeo3

233 1011 346 1067 cogit
377 1018 515 1052 autem
547 1009 744 1065 largitate
775 1023 862 1058 sua,
896 1008 1105 1062 quomodo
1137 1022 1213 1063 per
1244 1007 1486 1062 potentiam.

345 1086 440 1126 421.
476 1085 600 1125 Diues
633 1084 757 1138 ‹tq-rix,
790 1083 901 1124 diues
929 1084 1070 1138 positis
1102 1083 1143 1122 in
1172 1082 1336 1135 foenore
1366 1083 1510 1122 φηιηηῖς.
1571 1080 1659 1133 Qui
1691 1081 1843 1123 multos
1874 1095 1999 1136 agros
2030 1087 2071 1122 et

232 1158 384 1200 multos
415 1172 565 1198 numos
595 1156 722 1197 habet
752 1156 910 1211 positos
941 1155 983 1196 in
1015 1154 1218 1211 foenore]

168 1245 206 1275 15
346 1232 441 1272 422.
476 1232 522 1273 δι’
549 1246 646 1272 uero
678 1239 743 1278 est,
775 1238 943 1272 unctum
974 1231 1044 1285 qui
1072 1237 1175 1269 recle
1203 1242 1350 1284 ponere.
1375 1230 1514 1284 posset.
1563 1227 1611 1269 Id
1633 1238 1711 1270 est:
1744 1228 1815 1284 qui
1838 1228 1943 1270 bene
1974 1242 2071 1283 pas-

234 1312 311 1347 cat.
378 1305 548 1346 I'nczum
580 1310 718 1344 autem
750 1302 910 1344 lautum
943 1302 1184 1344 conuiuium
1217 1308 1254 1341 et
1286 1308 1456 1352 tersum,
1488 1308 1533 1343 ut
1563 1301 1664 1343 alibi
1699 1302 1829 1358 [unde
1855 1301 1938 1344 alio
1959 1301 2070 1358 loco]

235 1377 306 1433 (E.
340 1377 374 1427 1,
409 1379 474 1423 17,
509 1379 600 1431 12):
649 1377 815 1419 accedes
847 1378 980 1418 siccus
1016 1377 1068 1417 ced
1102 1385 1280 1417 mmmm.
1343 1376 1507 1417 Persius
1555 1375 1608 1431 (I,
1648 1377 1742 1431 53):
1790 1376 1964 1418 calidum
1994 1376 2073 1417 scis

227 1465 379 1508 ponere
411 1465 562 1492 sumen.
629 1450 799 1491 [finctum
845 1449 975 1505 igitur
1016 1448 1201 1504 adpellat
1233 1449 1559 1503 pulmentarium
1591 1449 1698 1491 bene
1729 1457 1906 1500 coctum,
1944 1456 1985 1491 et
2013 1456 2074 1492 est

235 1524 413 1566 saturiee
446 1524 616 1565 dictum.
677 1523 727 1563 Id
759 1530 838 1564 est:
888 1520 936 1564 Si
969 1536 1069 1564 uero
1101 1522 1153 1564 sit
1184 1531 1321 1578 poeta,
1363 1522 1435 1578 qui
1475 1523 1580 1564 bene
1618 1523 1767 1578 pascit,
1807 1523 1886 1565 hoe
1926 1530 2000 1573 est,
2038 1522 2073 1564 si

167 1612 208 1642 20
234 1597 390 1639 habeas
424 1597 567 1653 [habet
600 1597 730 1653 eum]‚
772 1597 843 1652 qui
881 1610 1054 1638 caenam
1093 1605 1330 1651 praeparet,
1378 1595 1483 1637 bene
1521 1596 1718 1646 mirabor.
1765 1597 1799 1638 si
1837 1595 2075 1639 istiusmodi

233 1671 357 1713 homo
390 1671 521 1726 possit
551 1671 702 1712 falsum
734 1671 916 1712 amicum
948 1685 971 1711 a
1003 1684 1103 1712 uero
1134 1670 1387 1712 discernere.
1460 1668 1590 1727 [Nam
1628 1684 1723 1712 eum
1754 1670 1885 1713 falsus
1915 1670 2074 1712 amicus

235 1745 382 1788 codem
413 1745 537 1787 modo
570 1744 687 1786 illum
719 1744 875 1791 laudat,
917 1752 955 1785 et
997 1758 1122 1786 uerus
1159 1758 1241 1786 non
1288 1744 1440 1799 poterit
1473 1752 1597 1799 poeta
1628 1744 1772 1799 largus
1803 1745 1912 1786 inter
1943 1744 2074 1786 bonos

234 1819 450 1873 malosque
482 1818 637 1860 habere
672 1818 908 1875 iudicium]

347 1894 442 1933 423.
465 1894 561 1932 424.
585 1893 680 1933 425.
712 1892 908 1948 spondere
930 1893 1021 1933 leui,
1061 1890 1111 1931 Id
1133 1899 1206 1939 θεῖ,
1229 1905 1304 1932 uas
1324 1890 1428 1941 fieri,
1452 1891 1695 1946 promittere
1717 1891 1953 1947 pecuniam,
1976 1891 2074 1947 quia

169 1979 209 2008 25
237 1965 359 2007 debet
391 1965 496 2006 leuis
537 1979 711 2019 pauper.
773 1964 1039 2006 Interuenire
1079 1972 1119 2006 et
1154 1964 1280 2006 fidem
1318 1964 1458 2006 dicere
1492 1964 1663 2021 [uadem
1693 1965 1798 2016 fieri,
1830 1966 2074 2021 promittere

237 2039 474 2095 pecuniam,
507 2039 606 2093 quia
639 2039 760 2080 debet
793 2039 899 2080 leuis
930 2038 1112 2095 pauper]
1147 2053 1224 2093 pro
1259 2037 1390 2095 [lecal]
1423 2038 1560 2080 Tenui
1592 2047 1631 2080 et
1664 2038 1805 2094 egenti
1837 2046 1878 2080 et
1910 2038 1998 2080 uili.

348 2113 443 2153 423.
475 2113 570 2153 424.
605 2114 701 2153 αἰνεῖς
735 2112 898 2153 Lilz'bus.
958 2111 1121 2161 Noxiis,
1166 2111 1243 2167 [et]
1286 2111 1485 2154 tristibus.
1545 2113 1777 2169 mple‘cz'tum.
1838 2112 2071 2154 Inretitum.

349 2187 444 2226 424.
477 2186 572 2227 425.
605 2187 642 2227 si
659 2187 754 2227 sciet
775 2186 949 2226 inter
968 2186 1150 2228 Noscere.
1185 2186 1311 2227 mend.
1342 2200 1563 2241 uerumque
1594 2187 1649 2227 be.
1682 2201 1758 2227 αηι.
1837 2185 1946 2228 Nam
1977 2202 2073 2228 cum

237 2259 366 2301 falsus
398 2260 558 2300 amicus
590 2259 737 2300 eodem
768 2258 893 2300 modo
925 2258 1040 2299 illum
1073 2259 1228 2309 laudat,
1261 2269 1299 2299 et
1332 2273 1456 2301 uerus
1487 2274 1569 2300 non
1602 2260 1754 2314 poterit
1786 2260 1928 2315 largus
1949 2268 2073 2316 poeta
2135 2285 2141 2299 t

355 2404 386 2441 1)
414 2409 445 2433 et,
469 2413 495 2445 γ,
515 2403 585 2433 rell.
605 2413 668 2433 om.
716 2402 752 2441 2)
779 2407 887 2432 tamen
914 2412 973 2432 om.
1000 2412 1025 2443 γ.
1071 2421 1082 2423 ⁷>
1101 2403 1254 2433 aestimari
1282 2412 1330 2432 ca.
1355 2404 1496 2433 estimari
1522 2414 1552 2434 v.
1580 2422 1621 2425 —-
1648 2409 1683 2434 ut.
1709 2414 1768 2435 om.
1795 2415 1821 2447 γ.
1872 2404 1907 2443 3)
1932 2405 2072 2444 sytlconio

237 2465 341 2499 tranq.
367 2470 393 2501 γ.
423 2478 457 2480 --
487 2470 507 2489 a
532 2469 627 2490 cursu
651 2470 677 2489 ε.
705 2468 731 2501 γ.
770 2459 869 2489 schol.
897 2469 957 2489 om.
996 2459 1081 2489 Med.
1108 2458 1268 2496 NG‚rvca.
1296 2478 1336 2481 ·—
1364 2460 1446 2489 Mihi
1484 2465 1577 2499 turpe
1617 2470 1642 2502 γ.
1670 2461 1739 2491 rell.
1777 2466 1871 2500 turpe
1907 2462 1998 2491 mihi.
2037 2465 2073 2491 ut.

240 2535 249 2536 ff
269 2536 277 2537 ff
304 2518 448 2547 carmina
472 2526 531 2546 oni.
559 2516 634 2557 ·s,fh.
663 2526 726 2547 non
750 2516 808 2546 ref.
837 2517 868 2545 iu
893 2525 1022 2546 numero
1056 2516 1234 2554 (numerum
1259 2517 1309 2556 fh)
1349 2527 1397 2555 po.
1435 2518 1513 2559 fifh.
1579 2517 1614 2556 5)
1641 2517 1723 2547 Mihi
1762 2522 1855 2556 turpe
1890 2519 1947 2548 fat.
1987 2528 2072 2549 nese.

238 2585 260 2603 r.
288 2577 320 2604 et
346 2584 407 2606 om.
434 2573 517 2603 Med.
544 2572 734 2611 NG,rveaQ.
770 2573 841 2611 quia
878 2574 1019 2603 nesciam
1044 2583 1070 2615 γ.
1108 2574 1192 2612 quod
1228 2583 1293 2603 nes.
1333 2574 1380 2603 fh.
1417 2574 1485 2603 rell.
1524 2576 1579 2604 fat.
1617 2583 1683 2604 nes.
1749 2575 1782 2613 7)
1808 2574 1853 2604 Ut
1878 2592 1919 2595 »-
1953 2575 2072 2606 multos

237 2642 295 2661 om.
322 2641 348 2673 γ.
415 2631 450 2669 8)
479 2631 629 2660 accedere
655 2641 715 2661 om.
741 2631 780 2660 N.
808 2648 819 2650 ε
837 2648 848 2651 -
878 2631 970 2659 diues
997 2641 1046 2669 po.
1072 2631 1112 2660 N.
1177 2631 1212 2670 9)
1239 2640 1294 2669 per
1319 2631 1403 2661 dona
1428 2641 1489 2661 om.
1515 2631 1553 2661 N.
1592 2640 1648 2668 per
1672 2632 1757 2660 dona
1781 2635 1811 2661 et
1832 2631 2001 2671 lar-(litatem
2023 2632 2070 2661 fh.

242 2688 296 2726 11)
325 2697 382 2718 sua
407 2697 434 2729 γ.
462 2688 503 2717 ad
527 2688 614 2717 laud.
642 2687 686 2716 fh.
714 2687 784 2719 rell.
802 2696 864 2717 oin.
899 2705 932 2707 m
960 2688 1100 2717 unde*
1117 2687 1294 2725 potentiam
1319 2697 1345 2729 γ.
1364 2688 1434 2717 rell.
1454 2697 1513 2717 om.
1579 2687 1634 2726 13)
1663 2687 1764 2717 Diues
1788 2705 1831 2708 ——
1857 2688 1984 2719 foenore
2010 2698 2070 2719 om.

237 2754 262 2785 γ.
317 2744 371 2783 14)
397 2745 516 2775 multos
542 2755 602 2775 om.
628 2745 674 2774 t'h.
729 2744 784 2783 16)
810 2747 845 2773 ut
871 2744 949 2773 alibi
975 2753 1001 2785 γ.
1029 2744 1098 2774 rell.
1137 2745 1222 2774 unde
1248 2745 1279 2774 in
1306 2744 1383 2783 (om.
1403 2744 1445 2783 Q)
1472 2744 1535 2774 alio
1562 2744 1639 2774 loco.
1694 2744 1748 2783 18)
1776 2746 1876 2783 igitur
1900 2744 1977 2786 fifh.
2003 2746 2071 2776 rell.

240 2808 333 2831 reete.
387 2802 440 2840 19)
467 2802 568 2840 pascit
591 2811 619 2843 γ.
638 2801 707 2831 rell.
734 2805 852 2839 pascat.
918 2799 977 2840 20)
1003 2802 1029 2830 si
1056 2800 1169 2831 habeas
1194 2802 1248 2839 qui
1275 2811 1300 2843 γ.
1329 2801 1478 2840 (Porph).
1506 2802 1532 2830 si
1559 2801 1677 2830 habeat
1704 2810 1776 2830 eum
1801 2801 1841 2830 N.
1869 2802 1937 2831 rell.
1962 2802 1989 2832 si
2015 2802 2071 2831 ha-

239 2859 286 2887 bet
311 2868 379 2887 eum
406 2859 471 2896 qui.
538 2858 594 2897 21)
623 2859 705 2887 Nam
733 2876 772 2878 a*
801 2858 955 2887 iudicium
981 2857 1065 2887 Med.
1092 2858 1220 2894 N7rvoa.
1248 2858 1318 2888 rell.
1346 2867 1406 2887 om.
1433 2858 1491 2887 hoc
1517 2858 1583 2887 loco
1609 2862 1641 2887 et
1666 2858 1801 2887 interius
1827 2858 1957 2888 habent.
1982 2858 2072 2888 illum

240 2914 309 2949 Nun
337 2915 443 2943 lauda!
469 2915 540 2951 ΚΝ.
568 2925 638 2945 eum
666 2914 769 2944 laudet
794 2923 856 2944 rea.
907 2914 963 2953 24)
990 2914 1025 2943 Id
1053 2918 1112 2950 est,
1138 2923 1196 2943 uas
1216 2932 1255 2935 -e
1276 2924 1396 2953 pauper
1420 2924 1446 2956 γ.
1472 2914 1543 2943 rell.
1570 2923 1630 2944 om.
1679 2914 1737 2953 25)
1765 2914 1935 2944 uadem—
1951 2924 2072 2953 pauper

239 2971 284 3000 sh.
313 2971 380 3000 rell.
408 2982 468 3001 om.
532 2972 588 3010 20)
617 2976 646 3001 et
671 2981 697 3013 γ.
724 2972 793 3000 rell.
832 2971 893 3000 uel.
960 2971 1017 3009 27)
1044 2975 1076 3000 et
1100 2980 1159 3000 om.
1186 2981 1212 3012 γ.
1238 2989 1279 2992 --
1306 2972 1396 3000 inret.
1423 2980 1448 3012 γ.
1487 2971 1607 3000 scholia
1632 2971 1671 2999 ad
1695 2969 1795 3000 litibus
1828 2975 1859 3000 et
1882 2970 1984 3009 iwplz'c.
2011 2981 2070 3002 om.

240 3027 326 3056 Med.
355 3026 511 3063 NG,rvca.
563 3029 619 3066 28)
647 3029 729 3058 Nam
757 3045 795 3048 —-
823 3028 976 3058 iudicium
1001 3027 1097 3069 ·(,th
1121 3028 1152 3057 h.
1180 3028 1199 3057 1.
1226 3028 1301 3057 uide
1326 3028 1426 3058 schol.
1452 3028 1492 3057 ad
1511 3036 1540 3057 u.
1559 3026 1634 3057 422.
1684 3027 1742 3066 29)
1768 3027 1879 3057 laudat
1903 3032 1932 3058 et
1951 3037 1977 3070 γ.
2004 3028 2071 3057 lau-

240 3083 291 3113 ‹Iac
316 3093 353 3114 ac
378 3084 454 3119 shQ.
484 3102 523 3105 -a
551 3095 613 3114 uon
638 3085 669 3115 in
694 3094 788 3114 usura
815 3090 881 3122 pot.
907 3084 953 3113 fh.

2119 575 2123 610 ¹.

2121 622 2123 650 ¹,
