2148 3412
145 967 181 998 10

148 1335 183 1365 15

141 1702 181 1733 20

209 164 290 204 486
847 171 952 203 Acii.
979 171 1037 203 ET
1064 171 1228 203 PORPH.
1255 171 1403 203 COMM.

321 298 385 337 35.
417 309 560 337 munos
591 295 738 336 alienos
772 302 915 351 puscet.
977 293 1285 336 Foenerabitur
1329 301 1369 336 et
1414 294 1539 336 faciet
1584 309 1654 336 aes
1684 294 1867 336 alienum
1896 294 2033 336 usuris

208 384 407 411 crescere.

320 444 373 484 ad
403 445 538 484 imum..
599 440 672 482 Ad
701 447 971 497 postremum.

319 517 385 557 36.
422 517 566 558 Tliruoe
598 517 681 557 ere‘I.
739 513 1083 571 Auctorabi[tur]
1117 528 1160 555 se
1191 515 1233 555 in
1265 513 1423 565 ludum,
1454 520 1499 555 ut
1528 514 1739 570 gladiator
1768 514 1831 556 sit.

320 598 390 631 aut
421 590 602 631 holitoris
639 597 738 644 (lyei.
817 587 1010 630 Saturice
1054 587 1215 629 inuenit
1260 587 1549 629 sordidissima
1592 588 1731 629 futuro
1775 587 2033 629 mercenario

208 671 299 718 post
330 662 498 704 beatum
529 662 738 704 incessum
769 662 1011 717 cultumque
1041 661 1288 710 laetantem3
1334 669 1375 702 et
1402 675 1550 703 uerum
1579 661 1661 703 tale
1707 671 1781 712 est,
1828 661 1939 716 quod
1984 661 2036 701 sit

208 736 424 792 speculum
456 736 624 791 populo.

319 812 386 852 :37.
418 812 629 853 Arcanum
658 824 781 866 neque
813 818 856 851 tu
887 809 1143 851 scrutaberis.
1203 807 1342 858 Bene3
1379 823 1484 866 *mox
1520 808 1632 849 enirn
1676 807 1800 858 dicet,
1845 807 2032 850 eiusdem

208 899 311 935 esse,
345 884 524 940 prodere
556 883 778 933 conmissa,
812 882 930 924 cuius
961 889 1001 923 et
1031 896 1188 923 arcana
1217 881 1463 937 perquirere
1494 896 1544 923 ac
1575 881 1682 923 scire
1711 881 1832 923 uelle.

322 959 388 1000 38.
422 967 457 999 et
488 959 581 999 uino
612 965 740 998 tortus
772 965 807 998 ec
835 957 911 998 ira.
987 954 1102 1008 Quia
1146 955 1292 997 uinum
1323 962 1364 996 et
1393 955 1456 997 ira
1486 962 1693 997 tormenta
1723 963 1830 1006 sunt,
1877 954 2030 1010 quibus

207 1031 327 1073 multi
358 1031 481 1072 inuiti
513 1037 672 1072 secreta
701 1029 910 1071 fuderunt.

319 1105 384 1146 39.
417 1119 489 1146 uee
522 1113 591 1146 tud
623 1103 810 1146 laudabis
842 1103 972 1144 studia
1003 1110 1074 1144 aut
1106 1102 1235 1144 aliena
1273 1103 1549 1158 reprehendes.
1627 1101 1792 1144 Vitium
1822 1101 2030 1145 obtrecta-

207 1177 309 1219 toris
341 1185 413 1220 est.

319 1252 385 1293 40.
419 1251 512 1301 Nee,
547 1265 637 1293 eum
668 1251 815 1292 uenari
840 1250 950 1291 uolet
977 1250 1057 1297 ille,
1082 1259 1270 1305 poematu-
1297 1263 1462 1305 pcmqes.
1523 1247 1732 1292 Odiosum
1777 1249 1889 1291 enim
1935 1249 2035 1292 facit

210 1325 488 1380 inportunitas
519 1324 746 1366 uoluntatis
776 1330 816 1365 et
846 1322 1069 1365 diuersitas
1100 1323 1348 1365 studiorum.

318 1400 386 1439 41.
418 1400 484 1439 42.
519 1398 663 1439 Gratia
695 1399 751 1439 sie
779 1398 961 1452 fratrum
989 1411 1088 1452 qem.
1120 1396 1262 1453 Amph.
1296 1405 1411 1452 atque
1442 1397 1504 1438 Ze.
1538 1376 1723 1439 dissiluit.
1785 1395 1904 1438 Dum
1933 1396 2038 1437 alter
2100 1460 2104 1463 .
2146 1407 2148 1429 1

208 1471 385 1513 alterum
416 1471 604 1526 sequitur
635 1470 831 1513 studium.
893 1468 1021 1523 Quod
1051 1470 1086 1512 si
1116 1470 1293 1512 fratrum
1325 1469 1591 1526 geminorum
1612 1470 1750 1526 gratia
1770 1470 1830 1513 sic
1853 1471 2036 1520 dissiluit,

208 1545 309 1600 quid
340 1546 527 1587 futurum
558 1551 619 1587 est
649 1544 986 1586 adsectatorum?

320 1621 387 1660 42.
421 1620 543 1661 donec
574 1626 758 1675 suspecta
791 1632 942 1660 seuero.
1017 1617 1196 1659 Zethum
1227 1617 1329 1660 dicit
1359 1632 1558 1669 seuerum,
1604 1618 1647 1659 in
1695 1618 1812 1660 cuius
1858 1617 2038 1673 gratiam

208 1691 426 1747 Amphion
456 1693 573 1748 lyrae
605 1692 789 1735 studium
820 1691 1009 1746 proiecit.

319 1768 385 1807 44.
417 1767 483 1808 45.
518 1776 560 1808 tu
592 1767 682 1808 cede
709 1771 878 1822 potentis
909 1766 1030 1807 cunici
1060 1765 1231 1807 Leuibus
1260 1766 1450 1821 imperiis.
1529 1764 1668 1807 Tanto
1699 1765 1836 1821 magis
1867 1772 1906 1806 te
1938 1779 2038 1807 con-

206 1839 335 1890 uenit,
353 1839 506 1894 potiori
527 1839 663 1881 amico
685 1839 933 1889 consentire,
952 1845 1076 1893 atque
1099 1837 1249 1893 belle*)
1274 1839 1446 1881 Leuibus
1465 1840 1640 1896 imperiis
1659 1838 1862 1895 [parere]
1896 1837 2038 1891 Quam

207 1911 376 1968 (Quod)
407 1913 686 1968 πειθανάγκην
728 1910 885 1955 Graeci
916 1918 1082 1964 uocant,
1114 1911 1227 1967 quia,
1265 1926 1359 1954 cum
1390 1918 1527 1968 potest
1555 1912 1779 1967 imperare,
1810 1911 2038 1954 blanditur.

348 2103 378 2141 1)
406 2102 517 2132 nuffios
543 2101 584 2132 M.
648 2102 682 2140 4)
711 2106 795 2132 trax.
822 2102 864 2131 M.
892 2103 1030 2141 satyrice
1055 2102 1098 2131 M.
1123 2102 1154 2131 h.
1182 2102 1201 2131 l.
1267 2099 1302 2142 5)
1330 2095 1545 2133 mercennario
1570 2106 1643 2140 post
1668 2102 1712 2132 M.
1738 2103 1963 2133 mercenarium
1988 2103 2036 2133 in-

208 2168 331 2188 cessum
357 2158 556 2196 cultrumque
581 2158 616 2187 R.
667 2158 702 2197 6)
729 2163 757 2188 et
779 2168 944 2197 uerumque
969 2159 1073 2188 MRA.
1099 2158 1168 2188 rell.
1197 2161 1227 2187 et
1254 2167 1374 2187 uerum.
1401 2159 1465 2188 tale
1491 2162 1549 2195 est,
1575 2159 1626 2198 qui
1649 2160 1692 2189 sit
1718 2164 1848 2198 propter
1873 2160 2037 2198 speculum

206 2225 265 2244 om.
292 2215 420 2252 populo.
438 2215 485 2244 fh.
501 2219 524 2244 t.
551 2218 597 2244 est
622 2215 676 2252 qui
702 2215 745 2244 sit
770 2216 934 2253 speculum
959 2219 1090 2253 propter
1113 2223 1164 2245 va.
1214 2215 1248 2253 8)
1275 2215 1354 2244 dioec
1370 2214 1538 2254 MRG(Q).
1568 2216 1637 2245 rell.
1664 2215 1746 2245 dicit.
1798 2216 1832 2254 9)
1859 2217 1950 2246 cuius
1977 2227 2035 2246 om.

204 2272 250 2299 fh.
279 2272 346 2300 eius
372 2281 421 2300 va.
447 2272 535 2300 cuius
553 2269 773 2309 MRA2G(Q).
790 2289 829 2291 ψ
845 2276 872 2300 et
896 2272 975 2301 scire
1001 2271 1037 2308 Q.
1065 2280 1102 2301 ac
1126 2280 1210 2301 omn.
1238 2271 1323 2300 libri.
1377 2272 1432 2310 12)
1459 2272 1700 2302 obtrectationis
1725 2272 1791 2302 afh.
1845 2272 1900 2313 15)
1923 2273 2037 2303 uolun-

206 2327 264 2356 tati
287 2327 483 2356 adum-santis
507 2328 591 2357 stud.
616 2327 660 2356 sh.
686 2328 867 2357 uoluntatis
892 2327 1084 2358 (ulzcersitalis
1109 2336 1158 2357 va.
1182 2327 1360 2357 uoluntatis
1385 2332 1413 2357 ec
1435 2328 1596 2359 diuersitas
1620 2327 1808 2369 MR2G(Q).
1876 2327 1930 2369 16)
1955 2329 2038 2359 alter

206 2384 341 2413 alterum
367 2384 443 2420 th.
470 2385 539 2414 rell.
566 2384 748 2414 alterutrum
775 2383 823 2423 (et
848 2383 925 2427 Βφ).
963 2385 1045 2415 alter
1070 2394 1130 2414 om.
1157 2384 1186 2413 2.
1254 2381 1310 2422 17)
1335 2384 1468 2414 fratrum
1494 2389 1519 2414 et
1543 2384 1722 2425 (geniorum
1747 2383 1796 2424 M)
1833 2394 1917 2423 gem.
1944 2385 2038 2415 MAR

205 2439 473 2477 (germanorum).
501 2440 637 2470 dissiluit
660 2441 694 2470 M
719 2439 830 2478 (Hor.)
856 2441 1006 2471 dissoluit
1034 2440 1072 2471 G.
1098 2441 1168 2470 rell.
1195 2439 1385 2470 dissoluitur.
1415 2441 1484 2484 Βφε
1522 2441 1658 2471 dissiluit.
1686 2442 1845 2472 dissoluta
1870 2445 1930 2472 est.
1982 2441 2037 2482 18)

206 2497 289 2534 quod
311 2501 343 2526 te
369 2498 512 2526 futurum
540 2507 572 2527 cs
598 2497 778 2526 adsectator
803 2495 883 2537 (sic)
908 2497 950 2527 M.
988 2499 1094 2536 gratia
1119 2498 1161 2526 sit
1187 2495 1337 2536 (lacuna)
1363 2502 1390 2527 et
1413 2502 1446 2528 te
1471 2498 1611 2527 futurum
1637 2507 1669 2527 es
1694 2502 1872 2528 assessator
1897 2496 1974 2537 (sic)
2000 2498 2035 2527 R.

206 2553 281 2591 quid
303 2553 448 2583 futurum
472 2563 533 2583 esse
560 2552 620 2583 2G.
647 2556 879 2583 assentatorum
905 2554 935 2584 2.
964 2555 1041 2593 quid
1066 2554 1125 2584 fut.
1153 2557 1200 2583 est
1224 2557 1455 2584 assectatorum
1481 2564 1501 2583 v
1521 2554 1577 2593 (ad
1603 2553 1696 2594 sect.)
1715 2554 1780 2584 afh.
1832 2554 1886 2594 19)
1911 2555 2036 2584 Beatum

206 2610 303 2638 dicito
327 2619 464 2639 sororum
489 2608 567 2649 (sic)
593 2610 681 2648 lyrae
708 2610 908 2648 studiumque
933 2611 1068 2648 proiecit
1093 2609 1155 2639 MR
1172 2610 1248 2647 (om.
1275 2609 1360 2648 lyrae
1384 2610 1500 2640 lacuna
1526 2611 1647 2650 posita)
1667 2610 1727 2640 2G.
1754 2611 1864 2641 Donec
1888 2615 2036 2649 suspecta

204 2675 221 2694 ο
245 2675 340 2695 sorem
364 2666 503 2696 Zechuni
529 2667 609 2696 dicit
633 2675 747 2695 osorem
773 2666 862 2705 lyrae
889 2666 1103 2705 studiumque
1136 2667 1272 2705 proiecit
1296 2676 1327 2695 v.
1378 2667 1434 2707 21)
1459 2668 1565 2705 magis
1590 2667 1677 2696 etiam
1703 2677 1793 2697 conu.
1818 2667 1907 2698 vafh.
1932 2668 2036 2706 magis

206 2732 296 2752 conu.
323 2727 348 2752 te
375 2724 402 2751 2
428 2723 498 2752 rell.
526 2723 630 2760 magis
657 2726 682 2751 te
707 2731 798 2751 conu.
865 2723 922 2762 22)
947 2724 1062 2762 potior-
1076 2722 1118 2752 M.
1147 2740 1187 2743 —-
1213 2726 1244 2751 at
1267 2722 1351 2753 uelle
1374 2723 1422 2753 fh.
1447 2723 1517 2753 rell.
1543 2727 1628 2763 atque
1663 2724 1758 2754 uelle.
1796 2724 1904 2762 posui:
1941 2728 2036 2763 atque

2073 2558 2096 2661 ὄπ

2073 2665 2094 2714 μ’
2137 2686 2146 2690 *v

2073 2719 2091 2758 {fl
2136 2757 2139 2759 ,

2072 2760 2075 2774 ι

207 2778 289 2815 belle.
317 2789 398 2817 quae
423 2789 486 2809 uox
513 2779 728 2819 Porphyrioni
755 2780 971 2809 usitatissima
996 2784 1044 2809 est
1070 2778 1124 2819 (C.
1142 2780 1166 2816 Ι,
1187 2780 1216 2817 2,
1243 2780 1295 2809 37.
1323 2780 1351 2816 6,
1381 2780 1430 2809 12.
1460 2781 1511 2816 10,
1540 2781 1590 2809 11.
1620 2781 1671 2817 16,
1700 2781 1751 2812 15.
1776 2780 1817 2818 ΙΙ,
1845 2781 1874 2817 2,
1905 2780 1953 2811 15.
1982 2781 2035 2817 11,
2072 2779 2075 2792 ¹

210 2837 260 2864 19.
283 2837 333 2865 21.
360 2836 418 2873 ΙΙΙ,
435 2837 488 2872 20,
517 2836 555 2865 21
577 2836 653 2875 etc.)
681 2839 712 2865 et
739 2836 773 2865 in
798 2836 866 2865 cod.
893 2836 925 2865 M
952 2837 1080 2874 saepius
1107 2835 1160 2871 (C.
1188 2836 1213 2873 Ι,
1230 2837 1281 2872 37,
1297 2837 1325 2866 5.
1352 2837 1393 2873 ΙΙ,
1412 2837 1528 2873 18‚38.
1554 2835 1611 2874 ΙΙΙ,
1633 2837 1683 2874 16,
1709 2837 1738 2865 4.
1764 2836 1816 2873 lv,
1838 2837 1889 2873 13,
1916 2837 1934 2865 3
1960 2835 2036 2876 etc.)

208 2893 359 2922 scribitur
384 2893 467 2923 uelle.
502 2892 554 2922 Sic
579 2892 665 2922 facili
691 2893 822 2931 negotio
847 2893 1038 2922 emendatus
1064 2896 1095 2923 et
1121 2893 1312 2922 constitutus
1338 2896 1386 2922 est
1411 2893 1509 2929 loeus,
1550 2901 1643 2930 quem
1668 2892 1809 2922 editores
1833 2891 1942 2927 vath
1968 2902 2035 2922 cor-

210 2954 336 2985 ruptum
365 2954 394 2978 vt
421 2950 631 2987 deprauatum
658 2949 855 2987 reliquerant
884 2950 1079 2979 scribentes:
1118 2954 1215 2987 atque
1239 2949 1322 2978 uelle
1358 2949 1485 2978 lenibus
1522 2949 1665 2986 imperiis
1694 2958 1818 2987 parere,
1856 2958 1950 2987 quam
1974 2951 2034 2978 etc.

211 3004 340 3033 Leuibus
366 3005 434 3042 imp.
462 3006 560 3034 uerba
585 3005 746 3034 lemmatis
771 3008 858 3034 sunt.
874 3022 914 3025 V
931 3014 1041 3043 parere
1066 3015 1126 3035 om.
1153 3005 1280 3037 MR2G.
1306 3015 1396 3044 qucun
1412 3004 1537 3033 MR2G.
1564 3005 1645 3043 quod
1668 3005 1755 3034 vafh.
1773 2999 2034 3035 ΠΙΘΑΝΑΟΚΗΝ

208 3059 304 3089 Μ2ῦ.
331 3058 534 3091 πιθανάσκειν
560 3062 599 3091 Α.
627 3066 708 3099 spat.
735 3070 804 3090 uac.
832 3061 924 3099 reliq.
949 3061 1041 3099 R,va.
1068 3058 1250 3105 πειθαρχεῖν
1274 3061 1320 3091 fh.
1345 3058 1559 3102 πειῦανοίγκην
1584 3061 1783 3098 scripseram,
1808 3064 1844 3090 ut
1870 3064 1901 3090 et
1926 3059 1953 3096 Q
1979 3069 2034 3099 po-

211 3117 282 3144 ·uit.
334 3118 390 3151 23)
414 3117 482 3154 quia
510 3118 601 3154 posui
630 3126 684 3154 pro
709 3117 770 3155 qui,
797 3117 881 3155 quod
907 3127 988 3148 omn.
1016 3117 1105 3148 codd.
1134 3122 1165 3147 et
1192 3118 1262 3148 edd.
1289 3121 1430 3148 tuentur.
1455 3126 1534 3155 quae
1547 3117 1584 3152 Q.

324 3178 353 3210 v)
380 3177 478 3210 atque
504 3174 616 3203 cedere
643 3171 680 3202 C.
707 3173 884 3203 Hermann.

2069 2899 2074 2982 1

2100 2167 2109 2190 5
2138 2150 2148 2174 L

2103 2227 2109 2244 Ι

2098 2282 2109 2299 ul
2139 2299 2148 2314 ι,

2094 2444 2101 2470 l
2137 2447 2148 2472 ῑ

2088 2498 2094 2510 Ι

2086 2519 2091 2528 .

2066 3153 2071 3295 ,

2062 3337 2067 3388 ‘t
