2148 3412
171 876 211 907 lO

176 1244 211 1275 15

178 1981 219 2012 25

230 69 312 109 660
869 71 974 104 Aen.
1000 71 1059 101 ET
1085 69 1252 101 rom’n.
1279 68 1428 100 comm.

344 202 439 242 302.
476 200 560 250 Qui
584 210 742 254 puryor
774 195 887 236 bilem
919 193 992 235 sub
1015 193 1135 234 uerm'
1162 196 1350 248 temporis
1381 191 1535 233 horam.
1596 190 1759 233 Omnes
1789 189 1901 231 enim
1930 203 2062 232 uerno

230 284 417 330 tempore
450 271 744 328 purgationem
775 274 956 318 sumunt,
989 266 1101 322 quod
1131 271 1305 307 uocatur
1337 263 1597 320 καθαρτικόν.

343 349 437 388 309.
472 345 684 389 Scribendz’
724 351 828 385 recte
873 355 1013 398 sapere
1044 348 1166 382 estet
1208 339 1454 395 principiwn
1500 346 1535 379 et
1561 337 1663 391 sons.
1737 336 1788 377 Id
1829 342 1908 379 est:
1941 336 2062 386 scire,

232 421 334 476 quid
364 420 544 469 scribas3
577 419 657 461 hoc
688 417 801 459 enim
831 430 973 472 sapere
1004 421 1077 455 est.

344 495 439 536 310.
472 495 571 535 Rem
609 493 682 534 tibi
709 491 940 533 Socraticae
982 495 1172 545 poterunt
1218 486 1422 528 ostendere
1461 485 1634 527 chartae.
1709 483 1868 526 Poema
1905 489 2065 526 constat

233 583 284 610 ex
315 583 360 610 re
391 574 431 610 et
462 567 672 609 oratione:
706 579 772 606 res
804 578 855 605 ex
885 561 1154 618 philosophia
1189 560 1398 616 originem
1428 559 1569 609 trahit,
1600 558 1736 608 idest,
1767 565 1810 599 ut
1840 563 2068 613 praecepta

233 642 454 684 contineat.
526 640 618 682 Has
648 638 750 680 dicit
783 637 974 679 Socratas
1007 636 1169 677 chartas
1201 648 1302 675 esse.
1372 632 1544 674 Deinde
1584 631 1895 674 comitabuntur
1924 630 2068 672 uerba.

346 717 440 757 311.
482 715 682 769 Verbaque
717 713 931 769 prouisam
971 724 1056 751 rem
1085 723 1162 751 non
1194 709 1323 749 inuita
1354 714 1580 763 sequentur.
1639 705 1737 747 Hoc
1766 705 1849 747 tale
1879 711 1959 747 est:
1992 704 2068 746 di-

235 804 342 840 cere,
382 788 531 843 inquit,
578 794 678 828 tunc
721 784 891 841 poteris,
940 798 1035 825 cum
1066 781 1277 831 habueris,
1323 781 1437 835 quod
1468 780 1596 821 dicas.
1657 778 1714 820 Et
1743 779 1909 821 Asinius
1943 778 2069 820 Pollio

237 863 351 905 idem
382 861 510 903 dixit:
543 862 654 904 Male
685 860 843 902 hercule
875 858 1033 900 eueniat
1060 856 1207 904 uerbis,
1238 856 1319 897 w'sz'
1344 869 1429 895 rem
1459 860 1688 909 sequantur.

350 937 444 977 319.
478 936 572 976 320.
606 934 815 976 Interdum
859 936 1038 988 speciosa
1084 930 1180 972 locis
1225 936 1456 984 morataque
1500 935 1601 968 recte
1638 926 1810 968 Fabula.
1877 923 2069 982 Colligit,

238 1024 364 1065 saepe
396 1008 533 1065 magis
564 1007 772 1064 placuisse
802 1005 1005 1055 tabulam,
1038 1017 1145 1059 quae
1175 1002 1302 1043 nudis
1322 1007 1566 1042 narraretur
1586 999 1742 1050 uerbis,
1774 998 1974 1055 quoniam
2004 1014 2072 1041 res

239 1090 517 1140 spectatorem
564 1081 835 1130 delectarent,
882 1093 1008 1134 quam
1052 1091 1160 1131 quae
1205 1075 1309 1117 locis
1341 1073 1621 1116 conmunibus
1666 1073 1960 1129 explicaretur.
2023 1071 2071 1114 Si

236 1157 359 1199 uerbi
391 1156 529 1213 gratia
560 1154 830 1197 circumlator
860 1153 1015 1194 referat
1051 1151 1104 1192 de
1134 1149 1313 1205 Regulo,
1355 1162 1438 1202 quo
1470 1147 1595 1189 modo
1627 1154 1774 1202 captus
1804 1147 1858 1189 sit
1887 1153 1959 1188 aut
1988 1162 2070 1202 pu-

237 1231 362 1279 nitus,
408 1229 539 1271 uerba
584 1227 756 1270 sordida
787 1227 822 1268 si
853 1241 938 1268 non
969 1224 1191 1271 delectant,
1237 1229 1422 1263 attamen
1453 1235 1519 1262 res
1559 1229 1710 1262 auocat
1755 1220 1900 1262 auditu
1930 1220 2074 1276 digna.

238 1313 468 1360 morataque
505 1311 610 1344 recte
645 1301 814 1343 Fabula.
876 1299 994 1340 Bene
1027 1295 1271 1354 [instructa]
1303 1294 1506 1344 instituta,
1548 1294 1660 1336 unde
1698 1294 1743 1335 in
1774 1294 2076 1336 consuetudine

238 1379 378 1420 dicere
409 1377 590 1419 solemus
621 1376 713 1417 bene
742 1382 943 1416 moratum
975 1387 1083 1421 eum,
1130 1371 1201 1426 qui
1232 1376 1368 1410 rectos
1404 1382 1541 1409 mores
1573 1367 1764 1409 ediderit.
1805 1368 1965 1410 nullius
1994 1383 2074 1410 ue—

239 1453 362 1494 neris.
422 1450 590 1491 Nullius
621 1448 849 1503 uoluptatis
879 1461 957 1488 nec
988 1445 1165 1487 decoris.

353 1525 447 1566 323.
480 1525 576 1565 324.
614 1523 738 1566 Grais
768 1522 985 1577 inqem‘um,
1022 1520 1146 1562 Grais
1170 1519 1275 1560 dedit
1306 1531 1373 1559 ore
1405 1516 1579 1558 rotundo
1609 1517 1732 1560 Musa
1764 1517 1885 1573 loqui,
1913 1524 2078 1574 praeter

242 1599 400 1641 laudem
430 1598 583 1639 nullius
615 1597 765 1638 (attaris.
825 1594 876 1635 In
906 1594 986 1635 hac
1016 1593 1106 1635 sola
1137 1591 1366 1647 cupiditate
1398 1597 1718 1646 promereantur
1747 1590 1928 1641 laudem,
1960 1598 2078 1632 tam-

242 1688 368 1728 quam
398 1671 661 1728 Protogenes
707 1669 793 1719 ille,
842 1667 914 1723 qui
954 1667 1087 1709 lutum
1131 1666 1252 1707 finxit
1296 1665 1442 1706 decem
1488 1664 1623 1715 annis,
1669 1664 1737 1706 uel
1774 1664 1962 1720 Apelles,
2007 1664 2080 1720 qui

241 1746 415 1789 totidem
446 1745 583 1801 pinxit
614 1744 757 1793 annis3
798 1757 881 1785 non
912 1741 1037 1791 enim,
1069 1747 1114 1781 ut
1144 1739 1399 1795 acciperent,
1438 1737 1706 1789 festinabant,
1744 1738 1831 1790 sed,
1863 1745 1908 1780 ut
1937 1738 2080 1794 place-

243 1828 349 1871 rent,
383 1819 670 1861 morabantur.

357 1894 452 1935 332.
485 1901 519 1934 et
550 1894 634 1934 leui
661 1891 867 1934 seruanda
885 1893 1102 1946 cupresso?
1157 1887 1283 1929 Libri
1313 1886 1438 1935 enim,
1470 1886 1543 1941 qui
1575 1892 1645 1927 aut
1674 1886 1801 1928 cedro
1831 1886 2079 1938 inlinuntur,

246 1974 317 2010 aut
338 1982 436 2009 arca
458 1980 656 2021 cupresso
693 1964 980 2020 (cupressina)
1011 1963 1163 2005 inclusi
1194 1968 1303 2012 sunt,
1335 1976 1360 2001 a
1389 1960 1514 2002 tineis
1544 1974 1629 2002 non
1659 1967 1877 2002 uexantur.

360 2043 455 2083 340.
487 2042 576 2084 Neu
593 2055 769 2096 pransae
804 2039 961 2080 Lamiae
993 2040 1135 2079 m'uum
1163 2049 1338 2092 puerum
1370 2034 1560 2076 eoetrakat
1589 2034 1695 2076 aluo.
1765 2033 1887 2076 Haec
1918 2034 1972 2076 ad
2002 2035 2078 2076 in—

245 2118 379 2157 fantes
410 2114 628 2156 terrendos
666 2113 768 2155 solet
798 2111 1022 2154 nominari.
1100 2109 1179 2151 Est
1210 2124 1311 2165 ergo
1349 2108 1553 2163 poeticae,
1592 2107 1705 2162 quod
1735 2114 1897 2151 tantum
1932 2108 2080 2164 fingat,

246 2196 293 2231 ut
324 2189 450 2231 etiam
481 2188 729 2230 deuoratum
760 2186 938 2228 Lamiae
970 2199 1147 2241 puerum
1178 2190 1297 2224 utero
1329 2182 1492 2224 educat.

248 2352 353 2381 telleb.
380 2361 411 2380 v.
447 2350 555 2380 hellib.
593 2360 617 2379 r.
654 2349 743 2379 elleh.
783 2348 826 2385 M,
864 2350 900 2378 ut
926 2357 995 2386 sup.
1024 2350 1055 2377 et
1083 2346 1177 2376 infra.
1206 2363 1246 2366 ——
1273 2344 1463 2375 sanabantur
1489 2345 1518 2374 2.
1545 2344 1642 2375 etiam
1668 2343 1812 2381 MR2‚1·v.
1877 2344 1934 2383 28)
1962 2348 1994 2375 et
2019 2354 2080 2375 om.

253 2408 360 2438 rvafh.
386 2407 455 2437 Hoc
480 2410 609 2445 sumpto
634 2405 722 2435 etiam
747 2402 862 2435 dolor‘?

347 2464 381 2502 2)
409 2459 605 2504 καθαρτικὸν
631 2462 703 2492 MA.
729 2459 884 2503 κάθαρσις
903 2459 953 2490 2G
972 2460 1049 2498 (rec.
1076 2458 1250 2499 manu),ra.
1276 2457 1427 2501 κάταρσις
1452 2457 1496 2487 fh.
1523 2458 1592 2488 rell.
1619 2458 1739 2488 habent
1757 2462 1813 2488 aut
1830 2461 1913 2496 spat.
1932 2466 2000 2487 uac.
2020 2456 2084 2497 (v),

250 2525 306 2552 aut
326 2531 397 2557 01n.,
417 2524 452 2551 ut
470 2518 550 2550 Rssb.
568 2521 619 2562 Βφ
637 2521 739 2549 adscr.
759 2519 792 2548 in
810 2527 910 2556 marg.
933 2512 1205 2549 KA'I'AR'I'IKON.
1266 2517 1302 2555 4)
1329 2520 1378 2545 est
1397 2525 1458 2547 oin.
1477 2514 1523 2544 fh.
1589 2515 1624 2554 6)
1643 2524 1694 2545 roe
1711 2528 1754 2542 z
1773 2516 1897 2545 ratione
1915 2516 1944 2543 2.
1962 2515 2086 2545 ratione

249 2588 301 2608 va.
329 2596 369 2599 —
389 2580 544 2616 percepta
569 2574 615 2606 fh.
666 2577 699 2615 7)
726 2576 825 2605 uerba
849 2584 909 2605 om.
936 2574 980 2606 fh.
1047 2574 1082 2612 9)
1111 2574 1196 2603 dicat
1218 2569 1335 2602 MRBD.
1363 2589 1404 2593 —-
1430 2573 1517 2610 polio
1544 2572 1641 2610 (corr.
1668 2581 1709 2601 ex
1727 2571 1851 2610 pollio).
1876 2571 2085 2602 Hochederus

251 2636 348 2665 refert
365 2645 395 2672 p.
414 2635 493 2664 183:
514 2634 618 2663 asinus
635 2632 713 2673 (sie)
726 2631 830 2671 pollio.
883 2632 938 2669 10)
959 2634 1127 2670 sequuntur
1144 2629 1186 2659 M.
1243 2629 1294 2668 ll)
1315 2629 1449 2667 spetiosa
1467 2629 1500 2658 M
1517 2639 1557 2658 ni.
1578 2638 1601 2658 s.
1653 2628 1709 2667 12)
1738 2632 1838 2658 narret
1855 2629 1884 2658 2.
1904 2632 2086 2658 narraretur

253 2693 290 2728 Q.
310 2692 378 2722 rell.
396 2696 546 2721 narretur.
600 2690 654 2728 13)
683 2690 734 2719 Sic
758 2689 805 2718 fh.
833 2688 895 2718 Sed
918 2698 947 2717 v.
974 2688 1045 2717 rell.
1073 2687 1117 2717 Ξῖ.
1187 2687 1240 2725 14)
1268 2686 1468 2716 circumlator
1484 2682 1589 2714 ΜΗΒυ
1608 2685 1804 2724 (uerbiyena,
1823 2686 1895 2715 circ.
1922 2682 2085 2724 utsupra)

253 2748 333 2785 2G‚r
360 2749 466 2786 (uerbi
491 2757 609 2786 genera
627 2745 718 2785 cire.)
746 2746 783 2781 Q.
811 2745 980 2775 circulator
1005 2744 1093 2774 vafh.
1146 2745 1200 2781 15)
1226 2744 1323 2773 uerba
1350 2743 1477 2773 sordida
1495 2742 1521 2772 si
1538 2752 1622 2772 omn.
1642 2741 1708 2772 fere
1726 2742 1808 2771 libri.
1826 2742 1879 2772 fh:
1898 2742 2003 2772 uerbis
2019 2752 2086 2772 sor-

253 2804 332 2834 didis
355 2815 429 2843 quae
455 2805 491 2834 si.
521 2822 557 2824 ·--
584 2807 695 2834 euocat
721 2803 786 2839 afh,
814 2811 876 2831 non
903 2812 934 2838 v,
959 2806 995 2831 ut
1020 2802 1077 2830 ref.
1106 2800 1145 2835 Q.
1172 2799 1306 2829 aduocat
1332 2810 1355 2829 r.
1383 2800 1475 2830 codd.
1502 2803 1617 2829 auocat
1642 2800 1691 2838 (et
1708 2798 1766 2837 A).
1818 2797 1874 2837 16)
1899 2799 2036 2829 instituta
2052 2798 2086 2828 M

253 2865 356 2902 (recte
375 2866 406 2891 et
423 2861 603 2890 Hoc-heder.
623 2860 709 2899 negl.
729 2859 772 2898 Q)
789 2856 897 2889 AB1'2.
924 2855 1048 2888 Pscituta
1074 2867 1097 2886 r.
1136 2858 1295 2887 instructa
1320 2856 1440 2892 vath.
1468 2857 1498 2886 in
1525 2866 1584 2886 om.
1611 2853 1662 2886 Bb.
1713 2856 1768 2896 19)
1794 2855 1840 2886 fh.
1865 2856 1938 2885 hab.
1956 2856 2086 2886 breuius

253 2919 384 2947 lemma:
423 2919 550 2947 Praete]-
575 2918 657 2947 laud.
682 2917 754 2947 moll.
792 2916 894 2946 (cerari.
954 2916 1011 2954 21)
1039 2918 1228 2953 protegenes
1251 2914 1374 2953 =(seueris
1398 2914 1454 2943 ille
1480 2913 1555 2952 quia
1578 2910 1683 2943 MRB¹·
1707 2912 1806 2952 (qui).
1846 2916 2035 2952 protegenes
2059 2921 2085 2941 r.

255 2993 298 2995 ——-
312 2974 449 3012 appelles
469 2984 514 3003 rv.
565 2974 622 3012 24)
651 2974 704 3003 inl.
723 2973 767 3003 M.
786 2974 853 3003 rell.
879 2972 922 3002 ill.
971 2972 1028 3010 25)
1056 2971 1244 3009 cupressina
1269 2971 1313 3001 fh.
1333 2970 1475 3009 (Colum.
1503 2974 1534 3000 et
1559 2970 1671 3007 Plin.).
1690 2969 1832 3008 cupressi
1847 2968 1918 2999 incl.
1936 2978 1985 2998 va.
2012 2969 2086 3007 quia

257 3035 292 3060 ut
317 3031 384 3060 ced.
411 3031 457 3060 ill.
484 3036 540 3060 aut
564 3040 636 3060 arca
659 3039 809 3068 cupi-essa
835 3030 908 3059 incl.
935 3039 959 3058 r.
986 3027 1080 3057 archa
1098 3027 1157 3065 (z
1174 3028 1216 3066 R)
1249 3037 1407 3066 cupressu.
1434 3024 1486 3056 Bb.
1527 3036 1675 3066 cupresso
1707 3026 1778 3055 MR.
1812 3034 1980 3064 cupressea
2013 3025 2084 3063 2‚Q.

259 3088 317 3127 26)
343 3088 490 3117 extrahet
514 3087 586 3116 ΜΘ.
613 3087 680 3116 nae
704 3087 768 3116 afli.
806 3087 873 3116 Nec
898 3096 927 3115 v.
955 3086 1023 3115 rell.
1050 3085 1133 3115 Ilaec
1158 3084 1267 3123 (sab).
1333 3085 1391 3123 27)
1417 3084 1513 3114 solent
1536 3084 1603 3114 afh.
1638 3083 1742 3114 solent
1767 3079 1809 3111 Bb
1833 3091 1929 3121 expu.
1955 3091 1975 3117 n
2003 3083 2016 3111 1
2044 3090 2084 3110 m.
