2148 3412
807 111 858 143 IN
881 112 1026 145 Erisr.
1050 113 1095 153 11,
1124 117 1151 146 1.
1812 108 1893 149 513

181 232 246 273 57.
278 231 433 286 Afrani
457 241 558 288 toqa.
618 233 798 276 Latinus
829 235 1037 290 antiquus.
1098 237 1300 292 Afranius
1333 247 1488 294 τομίας
1520 241 1757 283 comoedias
1790 242 1893 284 scri-

66 304 162 361 psit,
206 304 285 346 hoc
329 311 402 353 est,
447 305 637 357 Latinas,
683 322 781 348 nam
815 306 1007 350 Graecae
1036 312 1233 365 palliatae
1265 312 1525 354 dicebantur.
1589 314 1696 370 [Qui
1728 322 1767 356 et
1797 315 1891 356 Me-

0 426 2 434 ,
66 377 216 419 nandri
247 377 386 419 stilum
417 386 581 421 secutus
612 388 685 430 est,
728 388 767 421 et
796 381 891 422 ideo
922 388 1021 437 toga
1052 383 1165 425 illius
1197 384 1351 426 dicitur
1382 386 1419 426 ci
1451 388 1710 438 conuenisse,
1742 388 1786 428 id
1817 396 1890 438 est,

0 440 3 529 1
66 450 214 508 stilus]
274 449 480 494 Afranius
510 452 553 493 in
584 452 704 495 libris
744 454 829 495 suis
858 454 1088 497 Menandri
1136 457 1276 498 stilum
1322 465 1486 501 secutus
1532 467 1605 511 est,
1651 461 1746 503 ideo
1791 470 1892 517 toga

0 531 3 588 ξ
63 524 175 566 111111ε
207 524 427 580 (dicitur-P)
459 525 497 566 ei
529 526 774 568 conuenisse
807 528 837 582 (,
868 542 916 568 ac
947 543 1023 583 per
1052 529 1132 571 hoc
1163 531 1313 587 stilus).
1938 548 1956 577 5

0 596 1 601 ’
175 599 240 640 58.
266 612 503 654 properare.
563 597 927 654 Adpropinquare
965 601 1092 643 laudi.
1156 605 1401 660 Epicharrml
1464 605 1634 648 Graeci.
1679 607 1890 662 Epichar-

62 687 153 714 mus
183 671 379 726 antiquus
410 671 595 714 comicus
626 671 925 715 Siciliensium.

175 745 260 801 [59.
299 745 462 786 Wncere
499 745 696 787 Caecilius
729 761 846 801 qrau.
925 749 1123 791 Caecilius
1167 750 1299 793 libros
1343 752 1446 793 uicit
1489 753 1760 808 antiquiores,
1806 754 1890 796 alta

60 818 191 861 uerba
221 819 264 858 in
296 833 369 860 suo
402 818 587 859 carmine
619 826 659 859 et
690 834 843 861 sonora
873 835 1030 876 ponere
1064 823 1243 880 solitus]
1307 824 1542 880 [Terentius
1574 836 1672 868 arte.
1731 827 1781 868 Id
1814 836 1887 879 est,

59 892 317 949 proprietate
347 891 573 933 uerborum
604 898 644 933 et
675 892 775 934 artis
805 895 1121 949 grammaticae,
1154 897 1266 938 unde
1297 898 1581 953 principatum
1614 900 1723 941 inter
1744 916 1888 943 omnes
1916 913 1954 944 10

60 965 240 1008 comicos
270 964 425 1006 habere
457 965 643 1021 dicitur.]

171 1040 235 1080 60.
267 1039 352 1080 Hos
385 1039 531 1080 ediscit.
592 1037 879 1094 Antiquiores.
912 1039 1120 1083 Naeuium
1155 1041 1443 1099 [Sophoclem‚
1480 1044 1767 1104 Euripidem]
1800 1047 1884 1089 Pa-

57 1113 236 1163 cuuium,
268 1111 461 1161 Accium,
493 1111 732 1163 Afranium,
772 1113 1115 1171 [Epicharmum]
1150 1116 1272 1157 discit
1293 1116 1430 1159 Roma
1451 1118 1493 1158 in
1517 1119 1669 1162 scholis
1691 1128 1731 1162 et
1751 1122 1886 1163 admi-

55 1193 170 1228 ratur
199 1186 243 1227 in
273 1186 459 1234 theatris,
491 1186 729 1241 despiciens
759 1186 956 1237 iuniores,
987 1187 1086 1229 licet
1116 1189 1199 1230 illis
1229 1190 1500 1244 praecellant.

171 1261 235 1301 62.
267 1260 334 1301 Ad
363 1267 554 1301 nostrum.
614 1257 686 1300 Ab
717 1259 790 1300 illo
819 1275 951 1314 usque
984 1261 1037 1302 ad
1067 1269 1255 1304 nostrum
1288 1270 1463 1319 tempus.
1528 1266 1629 1307 Liui.
1688 1266 1774 1309 Pro
1805 1267 1884 1309 Li·
1911 1280 1952 1310 15

54 1333 123 1376 uii.
179 1335 325 1375 *Liuius
356 1332 672 1388 antiquissimus
713 1340 838 1388 poeta
882 1334 961 1375 fuit
990 1332 1277 1387 Andronicus,
1326 1337 1397 1392 qui
1441 1338 1603 1393 primus
1649 1342 1887 1384 comoedias

54 1407 231 1463 scripsit.

107 1497 111 1500 ·
165 1482 229 1522 63.
261 1481 332 1522 ubi
357 1488 509 1536 peccat.
571 1478 793 1531 Qua-edam
823 1487 949 1530 recte,
981 1481 1191 1535 quaedam
1222 1497 1353 1538 praue
1385 1484 1545 1526 iudicat
1574 1487 1768 1541 populus,
1814 1489 1886 1543 qui

52 1555 235 1609 praefert
263 1560 426 1595 ueteres
457 1552 635 1594 nouellis
666 1552 812 1608 poetis.

164 1630 228 1669 67.
260 1629 426 1682 fatetur.
487 1625 628 1669 Ordo:
662 1634 701 1668 et
733 1627 767 1668 si
798 1627 963 1677 fatetur,
995 1627 1126 1669 multa
1159 1644 1230 1671 eos
1260 1630 1415 1685 ignaue
1447 1630 1599 1673 dicere.
1909 1647 1950 1678 20

163 1703 228 1744 68.
259 1703 365 1756 facit.
413 1699 646 1743 Consentit.
705 1701 802 1743 Ioue
833 1702 915 1742 iud.
949 1715 1084 1756 aequo.
1147 1702 1292 1744 Iouem
1323 1704 1510 1745 imitatur
1546 1705 1590 1746 in
1621 1721 1695 1747 suo
1725 1707 1883 1751 iudicio

50 1781 160 1816 recte
181 1775 373 1817 iudicans
394 1774 743 1830 reprehendendo
765 1781 941 1824 ueteres,
971 1775 1042 1830 qui
1063 1776 1194 1817 multa
1215 1778 1395 1832 turpiter
1416 1785 1456 1818 et.
1477 1778 1652 1821 obscure
1674 1780 1881 1823 dixerunt.

163 1851 227 1891 69.
259 1850 351 1892 Non
382 1850 559 1905 equidem
588 1851 772 1890 insector.
832 1847 1022 1890 Excusat
1052 1864 1108 1899 se,
1142 1849 1299 1901 dicens,
1347 1852 1460 1906 quod
1498 1868 1582 1894 non
1613 1861 1787 1909 propter
1816 1856 1881 1896 in-

49 1922 206 1964 uidiam
226 1923 327 1964 talia
347 1922 542 1978 loquatur
563 1922 614 1963 de
642 1921 855 1963 ueteribus
876 1922 1023 1977 poetis.
1083 1922 1180 1964 Non
1212 1939 1374 1975 censeo,
1407 1925 1555 1980 inquit,
1588 1927 1767 1968 delenda
1789 1944 1880 1969 car-

48 1996 162 2037 mina
192 1996 322 2047 Liuii,
369 2011 475 2051 quae
507 1995 719 2051 quondam
749 1995 853 2036 mihi
898 1995 1085 2037 dictabat
1129 2012 1278 2040 saeuus
1311 1998 1504 2041 Orbilius
1548 2001 1762 2057 magister,
1808 2002 1880 2043 sed
1907 2014 1947 2044 25

50 2069 249 2126 indignor
280 2076 320 2111 et
349 2070 492 2119 miror,
533 2069 739 2124 praeferri
770 2069 842 2109 illa
873 2070 994 2124 quasi
1025 2071 1247 2112 emendata
1276 2072 1466 2127 nihilque
1497 2073 1695 2116 distantia
1727 2090 1750 2116 a
1780 2090 1878 2131 per-

49 2143 167 2186 fectis
199 2143 468 2193 carminibus,
501 2157 595 2184 cum
626 2142 709 2184 sint
739 2142 878 2184 adhuc
907 2143 1120 2185 mendosa.

165 2265 197 2304 1)
226 2275 244 2294 a
261 2265 341 2295 remi.
369 2265 505 2295 Latinus
531 2265 683 2303 antiquus
709 2274 735 2306 γ.
769 2265 837 2294 rell.
871 2275 931 2295 om.
998 2266 1032 2305 2)
1058 2266 1118 2295 hoc
1144 2270 1193 2296 est
1217 2276 1244 2308 γ.
1270 2268 1340 2297 rell.
1368 2278 1428 2298 om.
1456 2287 1494 2289 —-
1523 2270 1705 2300 dicebantur
1729 2272 1778 2312 «sb.
1804 2272 1876 2300 rell.

49 2322 204 2353 dicuntur.
232 2322 295 2358 Qui
320 2340 362 2343 -ἡ
390 2323 482 2352 stilus
509 2331 568 2351 om.
594 2331 620 2363 γ,
654 2322 708 2360 qui
733 2322 832 2351 habet
855 2321 1011 2352 Afranius
1028 2340 1070 2342 —
1089 2325 1288 2353 conuenisse.
1338 2325 1371 2363 5)
1398 2326 1515 2355 dicitur
1539 2336 1598 2355 om.
1623 2337 1649 2368 γ.
1676 2337 1712 2356 ac
1738 2337 1793 2365 per
1818 2328 1879 2357 hoc

48 2380 140 2410 stilus
157 2381 219 2424 Βφ.
269 2380 302 2418 6)
328 2379 444 2418 Adrop.
470 2380 512 2408 la.
538 2380 575 2421 γ1)
603 2378 734 2418 (appr),
755 2378 799 2408 C:
829 2379 965 2417 (appr),
984 2378 1019 2416 C⁷
1038 2381 1093 2418 qui
1110 2381 1227 2411 habet:
1247 2381 1333 2410 laudi
1351 2382 1546 2420 Epicharmi,
1573 2384 1627 2421 qui
1644 2383 1705 2412 fuit
1724 2385 1877 2422 antiquus

49 2435 196 2467 Comicus
214 2437 406 2467 Siciliensis.
424 2454 459 2457 —
479 2436 602 2466 Graeci.
630 2436 842 2474 Epicharmus
861 2454 901 2457 ——
921 2435 1133 2467 Siciliensium
1157 2448 1183 2480 γ.
1210 2439 1278 2467 reli.
1305 2448 1363 2467 0111.
1393 2456 1432 2459 —-
1459 2449 1547 2477 appr.
1574 2440 1660 2468 laudi
1686 2440 1735 2477 {gei
1762 2441 1791 2469 b.
1843 2442 1877 2479 8)

47 2492 204 2524 Caecilius
218 2512 258 2515 -—
275 2494 388 2524 solitus
407 2503 466 2523 om.
484 2492 570 2535 γ1),Ο.
620 2493 654 2531 9)
672 2491 709 2521 Id
727 2495 775 2522 est
791 2510 829 2513 —
846 2493 965 2522 dicitur
982 2503 1040 2523 om.
1059 2504 1085 2536 γ.
1106 2494 1145 2524 cf.
1164 2495 1232 2537 Bep:
1261 2495 1444 2525 ‘Terentius
1462 2499 1569 2525 autem
1584 2497 1662 2526 uicit
1680 2498 1878 2535 antiquiores

47 2554 114 2580 arte
138 2552 158 2581 i.
184 2551 381 2589 proprietate
406 2551 574 2579 uerborum
601 2554 632 2579 et
656 2550 734 2579 artis
761 2551 978 2587 grammatice.
1004 2552 1089 2581 unde
1114 2552 1333 2590 principatum
1359 2553 1443 2582 inter
1468 2562 1574 2582 omnes
1611 2555 1748 2584 comicos
1785 2556 1877 2584 tenet.⁷

50 2607 103 2645 10)
130 2608 246 2646 ‘propia
272 2608 360 2637 uerb.
380 2611 410 2636 et
427 2606 626 2645 disposicione,
653 2606 747 2635 unde'
769 2610 825 2636 etc.
845 2606 881 2636 C.
933 2607 989 2645 11)
1017 2609 1099 2637 conf.
1127 2609 1164 2638 b:
1193 2609 1275 2638 ‘Ten
1302 2614 1376 2638 arte.
1404 2610 1484 2639 alios
1510 2614 1631 2648 poetas.
1658 2621 1763 2649 propr.
1791 2613 1877 2641 uerb.

47 2666 78 2692 et
103 2664 179 2693 artis
203 2664 418 2702 grammatice.
448 2664 587 2692 undevv
605 2663 738 2692 comicos
765 2664 859 2692 tenet.7
920 2664 973 2702 12)
1001 2662 1147 2694 sofoclem
1171 2666 1232 2708 Βφ.
1259 2665 1372 2704 Eurip.
1402 2666 1543 2708 0111.Βφ.
1569 2667 1739 2704 Naeuium,
1778 2668 1877 2698 Pacu-

46 2719 135 2757 uium,
160 2720 287 2758 Actium,
314 2719 486 2750 Afranium
514 2723 574 2749 etc.
600 2720 752 2749 memoria
777 2723 890 2749 tenent
915 2720 1052 2751 Romani
1078 2726 1110 2751 et
1136 2723 1339 2752 admirantur
1364 2724 1396 2752 in
1421 2724 1571 2760 theatris,
1598 2724 1688 2761 desp.
1717 2742 1754 2745 --—
1785 2734 1877 2762 prae-

46 2777 176 2806 cellant’
203 2776 238 2806 C.
288 2775 344 2815 13)
371 2777 469 2806 discit
494 2776 594 2806 Roma
618 2777 650 2805 in
675 2776 766 2806 scolis
790 2786 816 2817 γ.
842 2777 912 2806 rell.
939 2778 1054 2807 ediscit
1073 2778 1184 2817 (Hor.)
1210 2778 1328 2808 Romae
1353 2780 1385 2808 in
1411 2779 1579 2808 5011οῖα.ἶ
1601 2779 1713 2817 dispic.
1741 2789 1766 2821 γ.
1820 2781 1875 2819 15)

45 2832 96 2862 Ab
114 2851 155 2854 ---
172 2836 299 2871 tempus
323 2834 371 2874 γὶ).
398 2833 467 2862 rell.
494 2842 554 2863 om.
580 2850 622 2853 ee
649 2832 709 2861 Pro
734 2832 879 2861 Ι111111--ν
901 2834 1032 2871 scripsit
1056 2834 1148 2875 ·sb,C‚
1175 2836 1228 2873 qui
1253 2834 1398 2873 0111.-ῥῶ
1421 2834 1610 2865 Andronicus
1634 2836 1693 2874 qui.
1720 2837 1789 2866 rell.
1816 2847 1876 2867 om.

48 2889 102 2928 18)
129 2889 293 2925 Quaedam
318 2907 359 2910 ——
384 2890 485 2927 poetis
510 2899 536 2931 γ.
563 2889 633 2918 rell.
659 2899 719 2919 om.
783 2890 839 2928 20)
867 2890 953 2919 Ordo
979 2909 1019 2911 ψ-
1047 2891 1152 2920 dicere
1176 2893 1225 2933 γ1).
1252 2891 1321 2921 1·θ11.
1348 2902 1408 2921 0111.
1472 2892 1527 2930 21)
1558 2891 1728 2922 consentit
1752 2903 1778 2935 γ.
1806 2895 1876 2923 rell.

48 2955 108 2976 om.
135 2964 175 2968 —-
200 2947 307 2976 Iouem
332 2965 373 2967 —›—
401 2947 555 2976 dixerunt
579 2957 606 2988 γ.
632 2947 700 2976 rell.
728 2956 788 2976 om.
851 2948 908 2985 23)
933 2948 1068 2977 Eaecusal
1092 2958 1124 2977 se
1151 2949 1255 2977 dicens
1280 2957 1304 2989 γ.
1331 2948 1498 2987 Expuryat
1522 2958 1554 2977 se
1581 2949 1691 2979 dicens
1716 2950 1778 2993 Βφ.
1805 2952 1875 2980 1·θ11.

45 3001 235 3042 Expurqans
260 3013 293 3033 se
320 3003 410 3033 dicic—
458 3003 515 3041 25)
543 3004 622 3033 mihi
647 3003 728 3046 γΒφ.
756 3004 827 3034 rell.
855 3014 916 3034 om.
942 3014 1034 3035 senus
1059 3005 1139 3048 γΒφ.
1167 3006 1334 3044 plagosum
1359 3005 1436 3035 Hor.
1463 3005 1575 3036 Seruus
1592 3017 1621 3036 v.
1641 3007 1711 3036 rell.
1731 3007 1876 3037 Seruius.

48 3058 187 3089 Orbilius
213 3070 273 3090 om.
298 3070 324 3102 γ.
389 3060 447 3098 26)
474 3059 562 3098 quasi
584 3060 664 3102 γΒφ.
693 3069 752 3099 que
776 3070 806 3091 v.
834 3062 902 3091 rell.
939 3066 1090 3101 tanquam
1118 3062 1228 3101 (tamq.
1257 3062 1310 3100 Q).
1350 3072 1369 3091 a
1393 3063 1472 3100 perf.
1499 3072 1525 3104 γ.
1552 3063 1622 3093 rell.
1650 3073 1711 3093 om.
1737 3073 1765 3093 a.
1816 3064 1873 3103 27)
1897 3054 1905 3063 ⁸

48 3115 113 3146 sint
134 3116 209 3146 adh.
234 3116 317 3159 γΒφ.
343 3116 413 3146 1·θ11.
439 3117 513 3145 adh.
540 3117 616 3145 sint.

179 3187 339 3214 HAUTHAL,
356 3187 424 3209 ACR.
439 3188 480 3208 ET
495 3188 607 3209 PORPH.
624 3188 653 3209 ΙΙ.
1571 3185 1602 3209 33
