2148 3412
854 125 903 157 IN
928 125 1073 158 EPIST.
1099 125 1126 165 1,
1155 129 1183 157 1.
1859 118 1940 158 369

218 247 283 289 93.
315 247 507 291 Nauseat.
566 246 651 290 Pro
672 250 847 304 nauz'qat.
907 250 1114 293 Nauseare
1135 250 1308 306 proprie
1330 251 1540 302 dicuntur,
1574 251 1727 308 quibus
1750 251 1939 310 [eadem]

107 321 284 376 undae*)
305 320 522 363 fastidium
544 321 752 373 adferunt,
775 330 815 364 et
835 323 904 365 hic
924 324 1097 379 proprie
1117 333 1297 375 nauseat,
1320 324 1420 380 quia
1441 325 1562 368 nauis
1583 326 1741 368 fecerat
1761 327 1940 368 mentio-

105 410 212 438 nem.
272 409 321 436 (ιο
347 395 535 452 locuples.
595 394 646 436 Id
677 403 760 437 est:
793 396 943 439 similis
973 397 1281 440 inconstantiae
1313 406 1387 441 est.
1447 402 1487 451 9ιέ)
1520 415 1559 456 q.
1592 407 1729 444 aestus
1760 401 1941 443 marini?

215 482 329 524 quem
360 469 471 510 ducit
493 471 621 525 priua
659 471 744 511 tre'r.
823 469 876 511 Id
921 477 1000 512 est:
1046 471 1240 513 similiter
1283 487 1446 529 pauper
1490 473 1675 516 alienum
1720 475 1941 531 nauigium

104 541 262 585 fastidit
291 548 330 583 et
361 542 477 597 cupit
506 549 681 593 mutare,
714 544 1069 598 quemadmodum
1100 560 1234 596 suum,
1267 561 1316 588 ac
1336 561 1413 602 per
1434 547 1513 590 hoc
1534 549 1726 599 ostendit,
1760 549 1803 590 in
1824 549 1940 591 nulla

104 629 148 658 re
177 615 367 658 homines
396 615 553 658 habere
586 617 876 668 constantiam,
910 618 983 659 sed
1006 632 1096 660 esse
1117 618 1354 662 mutabiles.
1408 623 1550 677 priua.
1580 621 1774 678 Propria.
1826 621 1939 664 Alii

100 691 264 748 prz'uam
297 688 393 746 [ita]
426 689 689 746 intellegunt,
736 705 843 746 quae
873 706 957 733 una
1002 692 1075 733 uni
1120 693 1381 750 adsignatur,
1428 708 1536 749 quae
1581 695 1650 737 hic
1695 704 1735 737 et
1772 699 1939 753 priuata

103 763 235 820 possit
264 762 466 820 intellegi.

215 838 281 878 94.
314 847 490 879 curatus.
522 837 702 880 Tonsus.
761 838 1156 894 inaequalitonsore.
1216 839 1418 895 Inperito,
1451 841 1524 896 qui
1545 841 1823 896 inaequaliter
1844 849 1936 885 ton-

103 911 183 962 det,
215 917 254 952 et
285 917 346 953 est
375 911 617 967 hypallage.

213 985 276 1025 95.
309 985 520 1027 subucula.
578 984 759 1041 Proprie
790 985 944 1027 dicitur
974 1000 1139 1041 pannus
1171 986 1410 1039 additicius,
1443 1003 1467 1029 a
1495 988 1741 1031 subiciendo
1771 990 1841 1031 uel
1871 990 1934 1048 [a]

102 1056 354 1101 subsuendo.

208 1146 350 1188 peoeae.
411 1133 525 1174 Peoea
555 1133 691 1174 tunica
722 1139 796 1183 est,
828 1147 936 1188 quae
957 1133 1140 1176 demissa
1161 1141 1222 1176 est
1243 1149 1375 1189 usque
1397 1135 1452 1176 ad
1473 1135 1591 1186 talos,
1626 1137 1748 1178 sicuti
1771 1138 1934 1192 (quen.

101 1203 183 1255 XI,
203 1206 295 1246 149.
315 1205 434 1261 150):
462 1207 567 1262 pexi
583 1231 636 1236 ——
659 1206 802 1261 capilli,
833 1206 1019 1258 demissi,
1041 1207 1110 1249 uel
1126 1223 1271 1264 pexae,
1294 1208 1600 1252 minutissimae
1622 1225 1754 1266 rugae
1778 1211 1935 1265 (minu—

101 1278 270 1321 tissimis
300 1279 477 1335 rugis?).

213 1352 278 1393 96.
311 1360 401 1408 toqa
434 1352 596 1394 dissidet
624 1354 758 1409 inpar.
827 1351 924 1394 Non
954 1353 1143 1409 aequalis
1174 1355 1292 1397 sedet
1324 1355 1407 1413 [in]
1441 1357 1608 1399 umeris.
1669 1357 1833 1400 Vitium
1865 1365 1935 1401 est.

99 1423 304 1468 Bassaris.

211 1501 276 1542 98.
314 1500 434 1551 Quod
455 1501 583 1557 pectit.
656 1499 744 1542 Hic
775 1507 837 1543 est.
866 1515 1031 1544 sensus:
1079 1516 1154 1544 cur
1184 1502 1322 1545 aliena
1352 1503 1397 1544 in
1427 1518 1495 1546 me
1525 1503 1629 1546 uitia
1665 1504 1793 1556 rides,
1840 1520 1934 1547 cum

99 1587 192 1616 mea
221 1573 311 1616 sine
342 1573 431 1616 risu
461 1575 728 1629 praetereas?

212 1775 244 1814 1)
272 1775 334 1806 Pro
356 1776 482 1817 nauiqat
504 1786 531 1819 γ.
557 1777 628 1806 rell.
655 1785 715 1806 om.
742 1776 847 1806 undae
865 1785 924 1806 em.
945 1774 981 1806 C.
995 1775 1169 1806 Hermann.
1219 1777 1255 1816 2)
1283 1776 1343 1810 fec.
1370 1779 1569 1809 mentionem
1586 1780 1635 1822 rb.
1654 1779 1722 1810 rell.
1750 1784 1848 1811 ment.
1875 1782 1932 1811 fec.

99 1832 133 1873 3)
159 1833 299 1864 i.—est
316 1843 342 1876 γ.
360 1834 429 1863 rell.
448 1843 507 1863 om.
534 1834 571 1863 b:
596 1832 734 1862 similiter
758 1837 789 1863 ut
814 1833 915 1863 diues.
943 1833 1020 1863 uide
1046 1834 1147 1863 schol.
1168 1842 1235 1872 seq.
1257 1833 1299 1864 C:
1326 1835 1359 1864 id
1386 1839 1446 1873 est,
1473 1846 1562 1874 quam
1586 1837 1738 1874 locuples.
1786 1838 1822 1876 4)
1849 1839 1934 1868 simi-

98 1888 169 1920 liter
191 1890 240 1932 rb.
258 1890 326 1920 rell.
354 1890 546 1929 simpliciter.
566 1894 625 1920 tam
642 1899 763 1928 pauper
789 1889 825 1919 C.
875 1888 910 1929 5)
935 1899 1023 1929 quam
1048 1889 1132 1920 diues
1165 1900 1255 1920 suum
1284 1890 1318 1921 C.
1345 1891 1430 1921 diues
1454 1901 1517 1921 rec.
1545 1892 1584 1928 Q.
1602 1910 1640 1913 —
1656 1903 1693 1923 ccc
1718 1895 1767 1935 γὶ).
1796 1895 1864 1924 rell.
1893 1899 1934 1925 et.

99 1946 134 1985 ὃ)
159 1946 294 1985 Propria
310 1956 337 1989 γ.
357 1951 454 1977 recte.
474 1956 535 1977 om.
556 1947 584 1977 b.
604 1950 633 1977 et
651 1947 723 1976 edd.
750 1945 832 1976 conf.
862 1945 898 1976 C.
925 1948 971 1977 ita
995 1956 1056 1976 om.
1082 1956 1108 1989 γ.
1134 1947 1176 1976 εἰσ
1203 1946 1239 1977 C.
1272 1948 1361 1978 schol
1388 1957 1448 1978 om.
1475 1949 1506 1978 b.
1558 1950 1591 1989 7)
1618 1950 1671 1979 hic
1697 1954 1728 1980 et
1753 1960 1779 1991 γ.
1806 1952 1876 1981 rell.
1904 1957 1935 1982 et

98 2002 158 2033 hic.
185 2002 227 2033 C:
252 2003 305 2033 sed
327 2005 380 2034 hic
401 2004 528 2043 priuata
552 2007 648 2043 potest
672 2004 814 2042 intelligi
841 2008 872 2033 et
891 2003 1036 2042 propria.
1086 2004 1120 2043 9)
1146 2009 1287 2036 curtatus
1316 2005 1350 2035 C.
1378 2006 1507 2036 Tonsus
1532 2005 1624 2049 ybs).
1651 2007 1720 2036 rell.
1746 2017 1806 2038 om.
1833 2010 1852 2038 b
1879 2010 1934 2039 ad-

99 2060 241 2098 scripsit:
267 2071 324 2099 pro
349 2062 409 2091 hiis
435 2062 495 2102 (z
520 2061 668 2101 habens).
693 2060 846 2099 Imperito
872 2061 938 2097 b,v.
963 2061 1109 2098 imperite
1133 2071 1158 2104 γ.
1186 2063 1255 2092 rell.
1282 2072 1342 2092 om.
1378 2062 1462 2093 conf.
1488 2062 1530 2093 C:
1558 2064 1744 2103 hypallage,
1770 2065 1932 2104 inaequali,

99 2116 171 2155 quia
195 2118 299 2156 inaeq.
325 2119 451 2149 tondet.
478 2119 546 2149 rell.
573 2118 636 2157 qui.
663 2118 765 2148 tondit
789 2118 818 2147 b.
846 2121 877 2147 et
903 2121 952 2148 est
976 2119 1130 2158 ypallage
1147 2119 1184 2160 *sb
1202 2118 1308 2159 (ipall.
1328 2119 1387 2158 b.).
1407 2120 1476 2149 rell.
1495 2129 1555 2149 om.
1581 2120 1707 2156 vath:
1736 2120 1798 2157 Qui
1824 2124 1931 2161 inaeq.

98 2173 220 2204 tondet.
272 2175 326 2215 ll)
354 2175 508 2206 Sabaeum
532 2185 562 2205 u.
588 2175 620 2204 in
644 2174 736 2205 schol.
764 2175 896 2205 iterauit
923 2174 959 2210 Q.
987 2174 1140 2205 Subucala
1165 2180 1271 2206 autem
1299 2180 1346 2206 est
1372 2178 1481 2207 tunica
1506 2177 1666 2207 adherens
1685 2179 1849 2216 proximus
1867 2181 1933 2209 cuti

98 2229 161 2273 Βφ.
189 2230 321 2261 additius
345 2241 376 2261 v.
403 2250 445 2253 ——
471 2233 521 2262 uel
547 2233 648 2269 subs.⁷
675 2242 733 2263 om.
759 2241 786 2268 a,
812 2232 860 2274 ‘a'b-
918 2232 972 2270 13)
999 2232 1115 2262 lemma
1133 2241 1232 2271 pefecte
1258 2242 1318 2262 om.
1344 2242 1395 2263 va.
1421 2232 1523 2272 Peaea]
1552 2233 1675 2263 Tunica
1711 2238 1759 2264 est
1797 2236 1843 2264 fh.
1882 2236 1932 2265 de-

98 2287 195 2317 missa
218 2287 332 2330 y‚an.
358 2288 490 2319 dimissa
515 2288 594 2327 b,fh.
642 2289 824 2319 quenalis:
864 2287 940 2318 tonsi
962 2288 1093 2327 rectique
1117 2289 1231 2327 capilli,
1269 2290 1363 2328 Atque
1387 2290 1473 2319 hodie
1497 2294 1608 2320 tantum
1626 2295 1755 2329 propter
1792 2292 1932 2322 conuiuia

94 2343 174 2382 pexi.
203 2343 298 2375 Ouid.
324 2345 400 2375 Her.
426 2346 513 2384 XIII,
542 2347 600 2376 31:
639 2346 815 2384 pectendos
841 2345 985 2383 capillos.
1025 2344 1109 2377 conf.
1138 2346 1257 2375 ibidem
1283 2357 1314 2376 u.
1343 2347 1383 2375 39
1412 2351 1443 2376 et
1468 2346 1544 2377 Hor.
1573 2346 1608 2375 C.
1634 2347 1658 2383 I,
1690 2348 1741 2384 15,
1771 2349 1821 2377 14.
1874 2350 1929 2388 14)

98 2399 226 2430 demissi
250 2402 392 2443 “(b‚vaf11·
419 2402 553 2433 dimissa
580 2401 617 2438 Q.
643 2403 695 2432 uel
720 2411 825 2441 pexae
850 2402 1082 2432 minutissimae
1105 2411 1203 2440 rugae
1220 2403 1249 2433 b.
1268 2403 1336 2432 rell.
1356 2412 1415 2432 om.
1442 2404 1492 2432 uel
1519 2412 1611 2441 pexe.
1639 2403 1703 2433 tissi
1726 2403 1850 2433 vzirucz's
1876 2405 1931 2443 (li-

98 2460 185 2487 terae
209 2457 275 2488 fere
300 2460 529 2499 euanuerunt).
557 2460 709 2498 proposui
736 2460 880 2489 ducibus.
905 2459 972 2502 sz:
999 2458 1203 2488 minutissimis
1226 2459 1320 2499 rnyis.
1347 2460 1429 2489 conf.
1458 2459 1526 2490 Cic.
1553 2460 1645 2489 Verr.
1674 2460 1711 2497 V,
1730 2462 1784 2489 11;
1813 2462 1931 2491 reticu-

97 2513 163 2543 lum
185 2514 305 2545 minutis
328 2517 490 2546 masculis.
520 2516 605 2546 Plin.
630 2516 759 2551 XXXV,
786 2517 822 2545 8:
849 2516 953 2553 pictor
986 2533 1017 2536 Α
1044 2516 1074 2545 in
1100 2519 1192 2545 ueste
1218 2520 1247 2546 et
1273 2527 1367 2557 ruffus
1392 2520 1423 2546 et
1462 2517 1551 2546 sinus
1588 2517 1726 2546 inuenit.
1769 2517 1929 2548 Orellius:

99 2571 217 2601 ‘recens
244 2576 275 2602 et
301 2573 418 2610 spissa,
456 2574 544 2603 uillis
570 2572 677 2611 planis
703 2576 735 2602 et
761 2573 873 2611 politis
898 2575 1062 2603 texturam
1092 2574 1297 2611 tegentibus.'
1337 2577 1384 2604 et:
1424 2573 1547 2602 ‘tunica
1582 2574 1720 2603 interior
1756 2574 1843 2604 linea
1879 2576 1930 2605 uel

97 2627 251 2666 byssina.'
278 2629 362 2660 conf.
388 2630 486 2669 Apul.
504 2630 547 2659 M.
565 2630 609 2659 XI
635 2640 665 2668 p.
693 2630 755 2659 258
782 2630 885 2659 Elm.:
913 2630 1026 2659 ‘uestis
1052 2630 1150 2669 bysso
1175 2631 1264 2660 tenui
1291 2629 1466 2668 pertexta.’
1492 2629 1579 2659 Hinc
1596 2630 1712 2667 aliquis
1730 2631 1854 2661 incidet
1879 2633 1928 2662 in:

98 2683 223 2724 byssinis
244 2686 339 2727 ruyz's.
378 2687 479 2717 uestis
504 2696 590 2725 pexa
615 2687 698 2716 Plin.
724 2686 809 2725 VIII,
837 2686 891 2718 48.
917 2689 994 2725 toga
1019 2686 1161 2716 Martial.
1187 2687 1228 2723 ΙΙ,
1255 2687 1308 2724 44,
1340 2688 1366 2716 1.
1391 2689 1523 2725 pexacas
1547 2686 1642 2716 Mart.
1667 2685 1779 2723 11‚5s‚
1802 2690 1829 2718 1.
1856 2686 1930 2718 Seu.

99 2741 137 2772 de
159 2743 198 2772 V.
223 2743 259 2773 B.
287 2744 337 2773 25.
367 2743 408 2774 C:
437 2745 550 2783 ‘pezae
571 2753 655 2782 pexa
680 2744 790 2780 lemica,
819 2744 849 2773 id
877 2748 937 2782 est,
975 2747 1125 2783 purgata,
1162 2747 1292 2783 propter
1316 2743 1424 2773 lanam
1449 2743 1642 2781 longiorem,
1674 2743 1708 2772 in
1734 2753 1795 2781 qua
1822 2746 1930 2775 sordes

98 2798 222 2830 facilius
247 2801 383 2831 haerent
408 2810 501 2840 quam
528 2802 560 2831 in
587 2801 741 2831 subucula
766 2801 866 2830 trita!
893 2800 973 2831 trita.
1000 2804 1199 2840 conpurgata
1215 2801 1276 2844 Βφ.
1307 2800 1448 2831 subucula
1468 2808 1575 2838 peme.
1603 2799 1819 2831 sacerdotalis
1846 2802 1931 2832 linea

100 2854 178 2896 (sio)
202 2857 221 2886 b
245 2858 361 2896 glossa.
414 2858 470 2897 16)
497 2858 529 2887 in
555 2867 614 2888 om.
640 2867 668 2899 γ.
693 2861 790 2887 recte.
817 2855 900 2887 conf.
927 2856 1065 2893 Quintil.
1080 2858 1136 2896 XI,
1153 2860 1183 2895 3,
1202 2859 1282 2887 161:
1309 2862 1385 2895 toga
1409 2867 1517 2888 umero
1544 2857 1670 2887 sedens.
1696 2857 1780 2886 Plin.
1807 2858 1928 2896 Paneg.

103 2912 156 2941 10:
182 2914 263 2943 bene
287 2914 404 2944 umeris
429 2915 496 2944 tuis
524 2915 650 2944 sederet
676 2915 854 2952 imperium.
895 2913 1020 2944 Vitium
1047 2918 1096 2944 est
1120 2913 1259 2944 bassaris
1285 2924 1312 2955 γ.
1338 2915 1458 2944 uicium
1484 2918 1529 2944 est
1559 2914 1687 2943 hissaris
1712 2915 1742 2944 b.
1772 2915 1841 2944 rell.
1869 2925 1928 2945 om.

101 2968 184 3005 Quid
208 2973 268 3001 sihi
292 2973 373 3002 uelit
398 2973 428 3002 h.
456 2973 476 3002 1.
503 2970 652 3015 βασσαρὶς
688 2972 793 3010 (Pers.
819 2972 844 3009 I,
874 2972 965 3010 100),
1003 2975 1092 3010 patet
1119 2981 1160 3001 ex
1185 2971 1309 3001 Acrone
1334 2972 1374 3000 ad
1402 2971 1437 3001 C.
1464 2971 1488 3008 l,
1518 2972 1569 3007 18,
1599 2972 1655 3000 11;
1695 2972 1808 3001 ‘uestis
1847 2973 1929 3002 enim

100 3031 150 3058 est
172 3037 272 3068 usque
297 3030 338 3059 ad.
362 3030 460 3067 pedes
486 3030 649 3060 demissa.'
675 3028 825 3059 Scholion
850 3029 1044 3066 praecedens
1069 3029 1229 3058 adsumas.
1256 3029 1274 3057 b
1301 3030 1432 3066 insuper
1458 3028 1571 3057 habet:
1604 3027 1688 3057 Trita
1712 3027 1822 3058 subest:
1850 3028 1929 3059 Sen-

101 3093 154 3114 sus
168 3088 231 3116 est:
256 3087 464 3125 reprehendis
482 3087 622 3125 corporis
639 3086 723 3116 uicia
741 3090 772 3116 et
790 3086 894 3116 uestis
912 3089 943 3116 et
961 3086 1000 3116 ab
1020 3085 1092 3124 (sic.
1108 3086 1127 3114 1.
1144 3086 1198 3124 ob)
1227 3085 1323 3114 animi
1345 3085 1595 3115 inconstantiam
1622 3085 1818 3114 dissimulas.
1872 3086 1927 3123 18)

100 3141 160 3172 Hic
184 3152 210 3184 γ.
236 3143 306 3173 rell.
332 3153 392 3175 om.
417 3143 516 3174 aliena
540 3153 601 3185 Ὧν.
628 3143 706 3173 leuia
724 3142 822 3179 ath.
875 3144 929 3184 19)
947 3152 1012 3173 mea
1036 3153 1063 3185 γ.
1087 3152 1197 3183 maqna
1222 3141 1318 3178 ath.
1337 3151 1357 3172 v
1374 3142 1473 3172 habet
1499 3142 1664 3180 compend.
1684 3152 1723 3171 m.
1743 3142 1841 3172 schol.
1867 3151 1926 3172 oni.

232 3209 389 3236 HAUTHAL,
405 3209 474 3231 Aen.
490 3209 530 3230 ΕΤ
546 3209 661 3231 PORPH.
677 3208 708 3229 11.
1622 3208 1653 3231 ‘24

1967 927 2005 957 10

1962 1296 2001 1326 15
