<?xml version="1.0" encoding="UTF-8"?>
<!DOCTYPE html PUBLIC "-//W3C//DTD XHTML 1.0 Transitional//EN"
    "http://www.w3.org/TR/xhtml1/DTD/xhtml1-transitional.dtd">
<html xmlns="http://www.w3.org/1999/xhtml" xml:lang="en" lang="en">
 <head>
  <title>
</title>
<meta http-equiv="Content-Type" content="text/html;charset=utf-8" />
  <meta name='ocr-system' content='tesseract 3.04.00' />
  <meta name='ocr-capabilities' content='ocr_page ocr_carea ocr_par ocr_line ocrx_word'/>
</head>
<body>
  <div class='ocr_page' id='page_1' title='image "acronisetporphyr02pseuuoft_0505.png"; bbox 0 0 2148 3412; ppageno 0'>
   <div class='ocr_carea' id='block_1_1' title="bbox 793 85 1878 132">
    <p class='ocr_par' dir='ltr' id='par_1_1' title="bbox 793 85 1878 132">
     <span class='ocr_line' id='line_1_1' title="bbox 793 85 1878 132; baseline 0.002 -9"><span class='ocrx_word' id='word_1_1' title='bbox 793 91 844 123; x_wconf 87' lang='lat' dir='ltr'>IN</span> <span class='ocrx_word' id='word_1_2' title='bbox 868 92 1014 124; x_wconf 82' lang='lat' dir='ltr'>EPIST.</span> <span class='ocrx_word' id='word_1_3' title='bbox 1040 93 1066 132; x_wconf 88' lang='grc' dir='ltr'>Ι,</span> <span class='ocrx_word' id='word_1_4' title='bbox 1095 95 1146 127; x_wconf 84' lang='lat'>19.</span> <span class='ocrx_word' id='word_1_5' title='bbox 1796 85 1878 125; x_wconf 81' lang='grc'>497</span> 
     </span>
    </p>
   </div>
   <div class='ocr_carea' id='block_1_2' title="bbox 51 212 1882 565">
    <p class='ocr_par' dir='ltr' id='par_1_2' title="bbox 51 212 1882 488">
     <span class='ocr_line' id='line_1_2' title="bbox 164 212 1881 274; baseline 0.003 -20"><span class='ocrx_word' id='word_1_6' title='bbox 164 212 318 254; x_wconf 68' lang='lat' dir='ltr'>diludia</span> <span class='ocrx_word' id='word_1_7' title='bbox 344 228 478 267; x_wconf 81' lang='lat' dir='ltr'>posco.</span> <span class='ocrx_word' id='word_1_8' title='bbox 554 214 722 255; x_wconf 76' lang='lat' dir='ltr'>Dz&#39;ludz&#39;a</span> <span class='ocrx_word' id='word_1_9' title='bbox 752 214 948 256; x_wconf 87' lang='lat' dir='ltr'>dicuntur</span> <span class='ocrx_word' id='word_1_10' title='bbox 978 223 1180 272; x_wconf 83' lang='lat' dir='ltr'>tempora,</span> <span class='ocrx_word' id='word_1_11' title='bbox 1228 232 1333 272; x_wconf 86' lang='lat' dir='ltr'>quae</span> <span class='ocrx_word' id='word_1_12' title='bbox 1380 218 1687 274; x_wconf 82' lang='lat' dir='ltr'>gladiatoribus</span> <span class='ocrx_word' id='word_1_13' title='bbox 1731 233 1881 260; x_wconf 89' lang='lat' dir='ltr'>conce-</span> 
     </span>
     <span class='ocr_line' id='line_1_3' title="bbox 52 285 1882 348; baseline 0.004 -21"><span class='ocrx_word' id='word_1_14' title='bbox 52 287 205 327; x_wconf 90' lang='lat' dir='ltr'>duntur</span> <span class='ocrx_word' id='word_1_15' title='bbox 234 285 344 326; x_wconf 86' lang='lat' dir='ltr'>inter</span> <span class='ocrx_word' id='word_1_16' title='bbox 375 286 464 328; x_wconf 87' lang='lat' dir='ltr'>dies</span> <span class='ocrx_word' id='word_1_17' title='bbox 495 302 728 337; x_wconf 86' lang='lat' dir='ltr'>munerum,</span> <span class='ocrx_word' id='word_1_18' title='bbox 766 288 918 342; x_wconf 84' lang='lat' dir='ltr'>quibus</span> <span class='ocrx_word' id='word_1_19' title='bbox 949 297 1152 344; x_wconf 82' lang='lat' dir='ltr'>pugnant.</span> <span class='ocrx_word' id='word_1_20' title='bbox 1212 290 1270 331; x_wconf 89' lang='lat' dir='ltr'>Et</span> <span class='ocrx_word' id='word_1_21' title='bbox 1301 291 1517 347; x_wconf 79' lang='lat' dir='ltr'>subiungit</span> <span class='ocrx_word' id='word_1_22' title='bbox 1551 292 1775 348; x_wconf 82' lang='lat' dir='ltr'>(causam),</span> <span class='ocrx_word' id='word_1_23' title='bbox 1808 308 1882 334; x_wconf 87' lang='lat' dir='ltr'>cur</span> 
     </span>
     <span class='ocr_line' id='line_1_4' title="bbox 51 358 1879 422; baseline 0.004 -22"><span class='ocrx_word' id='word_1_24' title='bbox 51 359 228 415; x_wconf 79' lang='lat' dir='ltr'>postulet</span> <span class='ocrx_word' id='word_1_25' title='bbox 250 358 423 410; x_wconf 82' lang='lat' dir='ltr'>diludia,</span> <span class='ocrx_word' id='word_1_26' title='bbox 457 360 657 415; x_wconf 87' lang='lat' dir='ltr'>quoniam</span> <span class='ocrx_word' id='word_1_27' title='bbox 678 375 729 402; x_wconf 85' lang='lat' dir='ltr'>ex</span> <span class='ocrx_word' id='word_1_28' title='bbox 750 361 849 403; x_wconf 86' lang='lat' dir='ltr'>ludo</span> <span class='ocrx_word' id='word_1_29' title='bbox 870 362 945 412; x_wconf 83' lang='lat' dir='ltr'>ira,</span> <span class='ocrx_word' id='word_1_30' title='bbox 989 377 1040 404; x_wconf 82' lang='lat' dir='ltr'>ex</span> <span class='ocrx_word' id='word_1_31' title='bbox 1082 363 1145 404; x_wconf 86' lang='lat' dir='ltr'>ira</span> <span class='ocrx_word' id='word_1_32' title='bbox 1185 364 1432 406; x_wconf 80' lang='lat' dir='ltr'>inimicitiae</span> <span class='ocrx_word' id='word_1_33' title='bbox 1473 372 1512 406; x_wconf 90' lang='lat' dir='ltr'>et</span> <span class='ocrx_word' id='word_1_34' title='bbox 1552 365 1707 407; x_wconf 89' lang='lat' dir='ltr'>bellum</span> <span class='ocrx_word' id='word_1_35' title='bbox 1749 381 1879 422; x_wconf 83' lang='lat' dir='ltr'>gene-</span> 
     </span>
     <span class='ocr_line' id='line_1_5' title="bbox 51 431 277 488; baseline -0.004 -14"><span class='ocrx_word' id='word_1_36' title='bbox 51 431 277 488; x_wconf 82' lang='lat' dir='ltr'>ra(n‘?)tur.</span> 
     </span>
    </p>

    <p class='ocr_par' dir='ltr' id='par_1_3' title="bbox 161 505 1256 565">
     <span class='ocr_line' id='line_1_6' title="bbox 161 505 1256 565; baseline 0.003 -17"><span class='ocrx_word' id='word_1_37' title='bbox 161 508 228 548; x_wconf 82' lang='lat'>48.</span> <span class='ocrx_word' id='word_1_38' title='bbox 261 507 412 549; x_wconf 78' lang='lat' dir='ltr'>Ludus.</span> <span class='ocrx_word' id='word_1_39' title='bbox 447 505 684 550; x_wconf 88' lang='lat' dir='ltr'>Contentio.</span> <span class='ocrx_word' id='word_1_40' title='bbox 746 509 956 565; x_wconf 67' lang='lat' dir='ltr'>trepidam.</span> <span class='ocrx_word' id='word_1_41' title='bbox 987 508 1256 551; x_wconf 88' lang='lat' dir='ltr'>Timendum.</span> 
     </span>
    </p>
   </div>
   <div class='ocr_carea' id='block_1_3' title="bbox 781 711 1144 755">
    <p class='ocr_par' dir='ltr' id='par_1_4' title="bbox 781 711 1144 755">
     <span class='ocr_line' id='line_1_7' title="bbox 781 711 1144 755; baseline 0.003 -1"><span class='ocrx_word' id='word_1_42' title='bbox 781 711 1144 755; x_wconf 86' lang='lat' dir='ltr'>PORPHYRION.</span> 
     </span>
    </p>
   </div>
   <div class='ocr_carea' id='block_1_4' title="bbox 41 800 1878 1875">
    <p class='ocr_par' dir='ltr' id='par_1_5' title="bbox 43 800 1878 1444">
     <span class='ocr_line' id='line_1_8' title="bbox 160 800 1876 859; baseline 0.003 -18"><span class='ocrx_word' id='word_1_43' title='bbox 160 800 301 841; x_wconf 68' lang='lat' dir='ltr'>Prisco</span> <span class='ocrx_word' id='word_1_44' title='bbox 323 802 361 842; x_wconf 72' lang='lat' dir='ltr'>si</span> <span class='ocrx_word' id='word_1_45' title='bbox 393 801 536 851; x_wconf 57' lang='lat' dir='ltr'>credes,</span> <span class='ocrx_word' id='word_1_46' title='bbox 575 801 703 843; x_wconf 78' lang='lat' dir='ltr'>Maec.</span> <span class='ocrx_word' id='word_1_47' title='bbox 763 800 886 843; x_wconf 86' lang='lat' dir='ltr'>Haec</span> <span class='ocrx_word' id='word_1_48' title='bbox 917 802 1097 856; x_wconf 78' lang='lat' dir='ltr'>epistula</span> <span class='ocrx_word' id='word_1_49' title='bbox 1127 803 1182 843; x_wconf 89' lang='lat' dir='ltr'>ad</span> <span class='ocrx_word' id='word_1_50' title='bbox 1212 802 1505 845; x_wconf 77' lang='lat' dir='ltr'>Maecenatem</span> <span class='ocrx_word' id='word_1_51' title='bbox 1538 805 1707 859; x_wconf 87' lang='lat' dir='ltr'>scripta.</span> <span class='ocrx_word' id='word_1_52' title='bbox 1769 805 1876 846; x_wconf 86' lang='lat' dir='ltr'>Pra-</span> 
     </span>
     <span class='ocr_line' id='line_1_9' title="bbox 47 872 1878 932; baseline 0.002 -18"><span class='ocrx_word' id='word_1_53' title='bbox 47 873 247 930; x_wconf 85' lang='lat' dir='ltr'>gmatiam</span> <span class='ocrx_word' id='word_1_54' title='bbox 269 889 385 915; x_wconf 87' lang='lat' dir='ltr'>suam</span> <span class='ocrx_word' id='word_1_55' title='bbox 407 874 496 915; x_wconf 88' lang='lat' dir='ltr'>uult</span> <span class='ocrx_word' id='word_1_56' title='bbox 526 874 571 915; x_wconf 87' lang='lat' dir='ltr'>in</span> <span class='ocrx_word' id='word_1_57' title='bbox 595 872 870 916; x_wconf 79' lang='lat' dir='ltr'>Carminibus</span> <span class='ocrx_word' id='word_1_58' title='bbox 901 875 1201 927; x_wconf 79' lang='lat' dir='ltr'>demonstrare,</span> <span class='ocrx_word' id='word_1_59' title='bbox 1246 877 1318 918; x_wconf 89' lang='lat' dir='ltr'>sed</span> <span class='ocrx_word' id='word_1_60' title='bbox 1349 877 1467 931; x_wconf 88' lang='lat' dir='ltr'>prius</span> <span class='ocrx_word' id='word_1_61' title='bbox 1498 877 1709 932; x_wconf 83' lang='lat' dir='ltr'>uituperat</span> <span class='ocrx_word' id='word_1_62' title='bbox 1740 878 1878 919; x_wconf 85' lang='lat' dir='ltr'>imita-</span> 
     </span>
     <span class='ocr_line' id='line_1_10' title="bbox 45 946 1877 1005; baseline 0.002 -16"><span class='ocrx_word' id='word_1_63' title='bbox 45 955 155 989; x_wconf 86' lang='lat' dir='ltr'>tores</span> <span class='ocrx_word' id='word_1_64' title='bbox 186 961 330 988; x_wconf 89' lang='lat' dir='ltr'>omnes</span> <span class='ocrx_word' id='word_1_65' title='bbox 362 953 401 987; x_wconf 91' lang='lat' dir='ltr'>et</span> <span class='ocrx_word' id='word_1_66' title='bbox 431 946 627 1002; x_wconf 86' lang='lat' dir='ltr'>inprimis</span> <span class='ocrx_word' id='word_1_67' title='bbox 658 954 817 1003; x_wconf 84' lang='lat' dir='ltr'>poetas,</span> <span class='ocrx_word' id='word_1_68' title='bbox 864 948 936 1003; x_wconf 90' lang='lat' dir='ltr'>qui</span> <span class='ocrx_word' id='word_1_69' title='bbox 966 949 1141 991; x_wconf 88' lang='lat' dir='ltr'>uirtutes</span> <span class='ocrx_word' id='word_1_70' title='bbox 1173 965 1329 1000; x_wconf 84' lang='lat' dir='ltr'>eorum,</span> <span class='ocrx_word' id='word_1_71' title='bbox 1378 966 1482 1005; x_wconf 87' lang='lat' dir='ltr'>quos</span> <span class='ocrx_word' id='word_1_72' title='bbox 1527 952 1723 992; x_wconf 86' lang='lat' dir='ltr'>admirati</span> <span class='ocrx_word' id='word_1_73' title='bbox 1770 959 1877 1002; x_wconf 79' lang='lat' dir='ltr'>sunt,</span> 
     </span>
     <span class='ocr_line' id='line_1_11' title="bbox 45 1020 1877 1076; baseline 0.002 -13"><span class='ocrx_word' id='word_1_74' title='bbox 45 1035 129 1063; x_wconf 92' lang='lat' dir='ltr'>non</span> <span class='ocrx_word' id='word_1_75' title='bbox 159 1020 359 1070; x_wconf 80' lang='lat' dir='ltr'>adsecuti,</span> <span class='ocrx_word' id='word_1_76' title='bbox 393 1020 588 1062; x_wconf 90' lang='lat' dir='ltr'>continuo</span> <span class='ocrx_word' id='word_1_77' title='bbox 621 1036 664 1062; x_wconf 91' lang='lat' dir='ltr'>se</span> <span class='ocrx_word' id='word_1_78' title='bbox 694 1021 760 1062; x_wconf 88' lang='lat' dir='ltr'>his</span> <span class='ocrx_word' id='word_1_79' title='bbox 790 1021 894 1076; x_wconf 89' lang='lat' dir='ltr'>ipsis</span> <span class='ocrx_word' id='word_1_80' title='bbox 925 1022 1083 1064; x_wconf 86' lang='lat' dir='ltr'>similes</span> <span class='ocrx_word' id='word_1_81' title='bbox 1113 1024 1202 1065; x_wconf 83' lang='lat' dir='ltr'>fore</span> <span class='ocrx_word' id='word_1_82' title='bbox 1233 1024 1485 1074; x_wconf 79' lang='lat' dir='ltr'>existimant,</span> <span class='ocrx_word' id='word_1_83' title='bbox 1525 1025 1559 1065; x_wconf 89' lang='lat' dir='ltr'>si</span> <span class='ocrx_word' id='word_1_84' title='bbox 1592 1025 1679 1066; x_wconf 87' lang='lat' dir='ltr'>sola</span> <span class='ocrx_word' id='word_1_85' title='bbox 1710 1025 1877 1066; x_wconf 89' lang='lat' dir='ltr'>illorum</span> 
     </span>
     <span class='ocr_line' id='line_1_12' title="bbox 43 1094 1877 1150; baseline 0.002 -14"><span class='ocrx_word' id='word_1_86' title='bbox 43 1094 146 1136; x_wconf 87' lang='lat' dir='ltr'>uitia</span> <span class='ocrx_word' id='word_1_87' title='bbox 176 1100 485 1143; x_wconf 80' lang='lat' dir='ltr'>consectentur3</span> <span class='ocrx_word' id='word_1_88' title='bbox 518 1094 648 1135; x_wconf 90' lang='lat' dir='ltr'>ueluti</span> <span class='ocrx_word' id='word_1_89' title='bbox 669 1094 840 1145; x_wconf 86' lang='lat' dir='ltr'>faciunt,</span> <span class='ocrx_word' id='word_1_90' title='bbox 873 1096 985 1150; x_wconf 89' lang='lat' dir='ltr'>quod</span> <span class='ocrx_word' id='word_1_91' title='bbox 1015 1097 1127 1137; x_wconf 85' lang='lat' dir='ltr'>fama</span> <span class='ocrx_word' id='word_1_92' title='bbox 1158 1105 1231 1147; x_wconf 80' lang='lat' dir='ltr'>est,</span> <span class='ocrx_word' id='word_1_93' title='bbox 1265 1097 1500 1138; x_wconf 84' lang='lat' dir='ltr'>Homerum</span> <span class='ocrx_word' id='word_1_94' title='bbox 1521 1098 1716 1140; x_wconf 88' lang='lat' dir='ltr'>uinosum</span> <span class='ocrx_word' id='word_1_95' title='bbox 1738 1099 1877 1147; x_wconf 85' lang='lat' dir='ltr'>fuisse,</span> 
     </span>
     <span class='ocr_line' id='line_1_13' title="bbox 46 1167 1877 1227; baseline 0.003 -19"><span class='ocrx_word' id='word_1_96' title='bbox 46 1167 181 1225; x_wconf 82' lang='lat' dir='ltr'>(qui‘?)</span> <span class='ocrx_word' id='word_1_97' title='bbox 226 1174 388 1223; x_wconf 86' lang='lat' dir='ltr'>putant,</span> <span class='ocrx_word' id='word_1_98' title='bbox 434 1183 477 1209; x_wconf 91' lang='lat' dir='ltr'>se</span> <span class='ocrx_word' id='word_1_99' title='bbox 518 1167 650 1209; x_wconf 89' lang='lat' dir='ltr'>bonos</span> <span class='ocrx_word' id='word_1_100' title='bbox 681 1176 826 1223; x_wconf 86' lang='lat' dir='ltr'>poetas</span> <span class='ocrx_word' id='word_1_101' title='bbox 858 1169 978 1210; x_wconf 81' lang='lat' dir='ltr'>reddi</span> <span class='ocrx_word' id='word_1_102' title='bbox 1009 1185 1145 1224; x_wconf 87' lang='lat' dir='ltr'>posse,</span> <span class='ocrx_word' id='word_1_103' title='bbox 1176 1171 1396 1212; x_wconf 89' lang='lat' dir='ltr'>uinulenti.</span> <span class='ocrx_word' id='word_1_104' title='bbox 1456 1171 1576 1227; x_wconf 82' lang='lat' dir='ltr'>Ergo</span> <span class='ocrx_word' id='word_1_105' title='bbox 1622 1172 1700 1213; x_wconf 89' lang='lat' dir='ltr'>hoc</span> <span class='ocrx_word' id='word_1_106' title='bbox 1745 1180 1877 1213; x_wconf 89' lang='lat' dir='ltr'>totum</span> 
     </span>
     <span class='ocr_line' id='line_1_14' title="bbox 45 1241 1876 1300; baseline 0.003 -19"><span class='ocrx_word' id='word_1_107' title='bbox 45 1241 357 1296; x_wconf 74' lang='lat' dir='ltr'>(religiosumP)</span> <span class='ocrx_word' id='word_1_108' title='bbox 398 1255 474 1296; x_wconf 90' lang='lat' dir='ltr'>per</span> <span class='ocrx_word' id='word_1_109' title='bbox 504 1241 748 1283; x_wconf 87' lang='lat' dir='ltr'>inrisionem</span> <span class='ocrx_word' id='word_1_110' title='bbox 781 1242 944 1292; x_wconf 82' lang='lat' dir='ltr'>dicitur,</span> <span class='ocrx_word' id='word_1_111' title='bbox 991 1259 1075 1285; x_wconf 91' lang='lat' dir='ltr'>non</span> <span class='ocrx_word' id='word_1_112' title='bbox 1106 1244 1218 1298; x_wconf 89' lang='lat' dir='ltr'>quod</span> <span class='ocrx_word' id='word_1_113' title='bbox 1249 1244 1454 1286; x_wconf 84' lang='lat' dir='ltr'>Horatius</span> <span class='ocrx_word' id='word_1_114' title='bbox 1485 1245 1526 1285; x_wconf 91' lang='lat' dir='ltr'>id</span> <span class='ocrx_word' id='word_1_115' title='bbox 1560 1245 1699 1300; x_wconf 85' lang='lat' dir='ltr'>ipsum</span> <span class='ocrx_word' id='word_1_116' title='bbox 1730 1261 1876 1287; x_wconf 87' lang='lat' dir='ltr'>uerum</span> 
     </span>
     <span class='ocr_line' id='line_1_15' title="bbox 44 1312 1877 1371; baseline 0.002 -15"><span class='ocrx_word' id='word_1_117' title='bbox 44 1315 264 1364; x_wconf 80' lang='lat' dir='ltr'>existimet,</span> <span class='ocrx_word' id='word_1_118' title='bbox 309 1314 378 1355; x_wconf 93' lang='lat' dir='ltr'>uel</span> <span class='ocrx_word' id='word_1_119' title='bbox 409 1315 459 1355; x_wconf 92' lang='lat' dir='ltr'>de</span> <span class='ocrx_word' id='word_1_120' title='bbox 494 1312 660 1356; x_wconf 83' lang='lat' dir='ltr'>Cratini</span> <span class='ocrx_word' id='word_1_121' title='bbox 691 1315 903 1371; x_wconf 87' lang='lat' dir='ltr'>opinione,</span> <span class='ocrx_word' id='word_1_122' title='bbox 948 1316 1016 1357; x_wconf 91' lang='lat' dir='ltr'>uel</span> <span class='ocrx_word' id='word_1_123' title='bbox 1056 1317 1108 1358; x_wconf 87' lang='lat' dir='ltr'>de</span> <span class='ocrx_word' id='word_1_124' title='bbox 1139 1317 1329 1359; x_wconf 85' lang='lat' dir='ltr'>Homero</span> <span class='ocrx_word' id='word_1_125' title='bbox 1360 1318 1600 1367; x_wconf 86' lang='lat' dir='ltr'>temulento,</span> <span class='ocrx_word' id='word_1_126' title='bbox 1647 1326 1718 1360; x_wconf 85' lang='lat' dir='ltr'>aut</span> <span class='ocrx_word' id='word_1_127' title='bbox 1746 1318 1877 1360; x_wconf 86' lang='lat' dir='ltr'>Ennii</span> 
     </span>
     <span class='ocr_line' id='line_1_16' title="bbox 45 1388 258 1444; baseline -0.009 -13"><span class='ocrx_word' id='word_1_128' title='bbox 45 1388 258 1444; x_wconf 88' lang='lat' dir='ltr'>opinione.</span> 
     </span>
    </p>

    <p class='ocr_par' dir='ltr' id='par_1_6' title="bbox 42 1454 1878 1741">
     <span class='ocr_line' id='line_1_17' title="bbox 134 1454 1874 1521; baseline 0.002 -18"><span class='ocrx_word' id='word_1_129' title='bbox 134 1454 194 1504; x_wconf 44' lang='grc' dir='ltr'>ἶ3.</span> <span class='ocrx_word' id='word_1_130' title='bbox 217 1463 256 1503; x_wconf 83' lang='grc'>4.</span> <span class='ocrx_word' id='word_1_131' title='bbox 288 1470 334 1504; x_wconf 82' lang='lat' dir='ltr'>ut</span> <span class='ocrx_word' id='word_1_132' title='bbox 362 1462 467 1503; x_wconf 77' lang='lat' dir='ltr'>male</span> <span class='ocrx_word' id='word_1_133' title='bbox 484 1477 605 1504; x_wconf 82' lang='lat' dir='ltr'>sanos</span> <span class='ocrx_word' id='word_1_134' title='bbox 622 1463 864 1520; x_wconf 65' lang='lat' dir='ltr'>Aclscrzpsit.</span> <span class='ocrx_word' id='word_1_135' title='bbox 931 1464 980 1506; x_wconf 68' lang='lat' dir='ltr'>Ue</span> <span class='ocrx_word' id='word_1_136' title='bbox 1000 1464 1201 1519; x_wconf 85' lang='lat' dir='ltr'>temporis</span> <span class='ocrx_word' id='word_1_137' title='bbox 1223 1465 1471 1506; x_wconf 82' lang='lat' dir='ltr'>aduerbium</span> <span class='ocrx_word' id='word_1_138' title='bbox 1495 1472 1568 1516; x_wconf 86' lang='lat' dir='ltr'>est,</span> <span class='ocrx_word' id='word_1_139' title='bbox 1600 1466 1720 1521; x_wconf 84' lang='lat' dir='ltr'>quasi</span> <span class='ocrx_word' id='word_1_140' title='bbox 1742 1466 1874 1508; x_wconf 87' lang='lat' dir='ltr'>dicat:</span> 
     </span>
     <span class='ocr_line' id='line_1_18' title="bbox 44 1535 1878 1593; baseline 0.001 -14"><span class='ocrx_word' id='word_1_141' title='bbox 44 1537 185 1579; x_wconf 76' lang='lat' dir='ltr'>eoez&#39;nde</span> <span class='ocrx_word' id='word_1_142' title='bbox 217 1544 261 1577; x_wconf 80' lang='lat' dir='ltr'>ut</span> <span class='ocrx_word' id='word_1_143' title='bbox 290 1537 460 1592; x_wconf 68' lang='lat' dir='ltr'>scripsit.</span> <span class='ocrx_word' id='word_1_144' title='bbox 520 1535 750 1592; x_wconf 62' lang='lat' dir='ltr'>Adscrzps‘e&#39;t</span> <span class='ocrx_word' id='word_1_145' title='bbox 778 1536 898 1586; x_wconf 86' lang='lat' dir='ltr'>bene,</span> <span class='ocrx_word' id='word_1_146' title='bbox 931 1544 1145 1593; x_wconf 85' lang='lat' dir='ltr'>tamquam</span> <span class='ocrx_word' id='word_1_147' title='bbox 1176 1538 1219 1579; x_wconf 93' lang='lat' dir='ltr'>in</span> <span class='ocrx_word' id='word_1_148' title='bbox 1251 1538 1463 1593; x_wconf 84' lang='lat' dir='ltr'>legionem</span> <span class='ocrx_word' id='word_1_149' title='bbox 1495 1555 1634 1589; x_wconf 81' lang='lat' dir='ltr'>suam3</span> <span class='ocrx_word' id='word_1_150' title='bbox 1670 1555 1768 1581; x_wconf 89' lang='lat' dir='ltr'>nam</span> <span class='ocrx_word' id='word_1_151' title='bbox 1798 1541 1878 1582; x_wconf 89' lang='lat' dir='ltr'>hoc</span> 
     </span>
     <span class='ocr_line' id='line_1_19' title="bbox 42 1608 1876 1669; baseline 0.002 -17"><span class='ocrx_word' id='word_1_152' title='bbox 42 1610 220 1653; x_wconf 88' lang='lat' dir='ltr'>uerbum</span> <span class='ocrx_word' id='word_1_153' title='bbox 250 1610 433 1651; x_wconf 87' lang='lat' dir='ltr'>militare</span> <span class='ocrx_word' id='word_1_154' title='bbox 466 1608 581 1666; x_wconf 70' lang='lat' dir='ltr'>[est]</span> <span class='ocrx_word' id='word_1_155' title='bbox 654 1609 713 1650; x_wconf 87' lang='lat' dir='ltr'>Et</span> <span class='ocrx_word' id='word_1_156' title='bbox 744 1619 805 1652; x_wconf 86' lang='lat' dir='ltr'>est</span> <span class='ocrx_word' id='word_1_157' title='bbox 835 1610 958 1652; x_wconf 83' lang='lat' dir='ltr'>ordo:</span> <span class='ocrx_word' id='word_1_158' title='bbox 1005 1618 1050 1652; x_wconf 94' lang='lat' dir='ltr'>ut</span> <span class='ocrx_word' id='word_1_159' title='bbox 1080 1611 1189 1652; x_wconf 85' lang='lat' dir='ltr'>male</span> <span class='ocrx_word' id='word_1_160' title='bbox 1222 1627 1345 1654; x_wconf 84' lang='lat' dir='ltr'>sanos</span> <span class='ocrx_word' id='word_1_161' title='bbox 1376 1613 1602 1669; x_wconf 72' lang='lat' dir='ltr'>adscripsit</span> <span class='ocrx_word' id='word_1_162' title='bbox 1631 1613 1765 1655; x_wconf 87' lang='lat' dir='ltr'>Liber</span> <span class='ocrx_word' id='word_1_163' title='bbox 1797 1612 1876 1656; x_wconf 82' lang='lat' dir='ltr'>Sa—</span> 
     </span>
     <span class='ocr_line' id='line_1_20' title="bbox 45 1684 612 1741; baseline -0.002 -15"><span class='ocrx_word' id='word_1_164' title='bbox 45 1685 148 1741; x_wconf 85' lang='lat' dir='ltr'>tyris</span> <span class='ocrx_word' id='word_1_165' title='bbox 178 1684 422 1739; x_wconf 87' lang='lat' dir='ltr'>Faunisque</span> <span class='ocrx_word' id='word_1_166' title='bbox 454 1690 612 1739; x_wconf 86' lang='lat' dir='ltr'>poetas.</span> 
     </span>
    </p>

    <p class='ocr_par' dir='ltr' id='par_1_7' title="bbox 41 1758 1877 1875">
     <span class='ocr_line' id='line_1_21' title="bbox 155 1758 1877 1816; baseline 0.002 -16"><span class='ocrx_word' id='word_1_167' title='bbox 155 1760 190 1800; x_wconf 80' lang='lat'>5.</span> <span class='ocrx_word' id='word_1_168' title='bbox 230 1760 324 1800; x_wconf 75' lang='lat' dir='ltr'>Vina</span> <span class='ocrx_word' id='word_1_169' title='bbox 356 1759 440 1813; x_wconf 81' lang='lat' dir='ltr'>sere</span> <span class='ocrx_word' id='word_1_170' title='bbox 473 1758 579 1800; x_wconf 80' lang='lat' dir='ltr'>dulc.</span> <span class='ocrx_word' id='word_1_171' title='bbox 612 1759 661 1800; x_wconf 87' lang='lat' dir='ltr'>ol.</span> <span class='ocrx_word' id='word_1_172' title='bbox 692 1773 766 1800; x_wconf 77' lang='lat' dir='ltr'>ma.</span> <span class='ocrx_word' id='word_1_173' title='bbox 804 1759 1002 1800; x_wconf 79' lang='lat' dir='ltr'>Camenae.</span> <span class='ocrx_word' id='word_1_174' title='bbox 1062 1758 1119 1800; x_wconf 87' lang='lat' dir='ltr'>Et</span> <span class='ocrx_word' id='word_1_175' title='bbox 1149 1759 1253 1801; x_wconf 84' lang='lat' dir='ltr'>haec</span> <span class='ocrx_word' id='word_1_176' title='bbox 1283 1760 1420 1802; x_wconf 87' lang='lat' dir='ltr'>ironia</span> <span class='ocrx_word' id='word_1_177' title='bbox 1450 1768 1523 1810; x_wconf 79' lang='lat' dir='ltr'>est,</span> <span class='ocrx_word' id='word_1_178' title='bbox 1565 1760 1680 1816; x_wconf 89' lang='lat' dir='ltr'>ipsas</span> <span class='ocrx_word' id='word_1_179' title='bbox 1712 1776 1877 1816; x_wconf 87' lang='lat' dir='ltr'>quoque</span> 
     </span>
     <span class='ocr_line' id='line_1_22' title="bbox 41 1831 983 1875; baseline -0.002 0"><span class='ocrx_word' id='word_1_180' title='bbox 41 1833 188 1875; x_wconf 84' lang='lat' dir='ltr'>Musas</span> <span class='ocrx_word' id='word_1_181' title='bbox 221 1832 346 1873; x_wconf 86' lang='lat' dir='ltr'>etiam</span> <span class='ocrx_word' id='word_1_182' title='bbox 377 1847 500 1873; x_wconf 89' lang='lat' dir='ltr'>mane</span> <span class='ocrx_word' id='word_1_183' title='bbox 533 1831 695 1873; x_wconf 88' lang='lat' dir='ltr'>sobrias</span> <span class='ocrx_word' id='word_1_184' title='bbox 726 1847 810 1874; x_wconf 90' lang='lat' dir='ltr'>non</span> <span class='ocrx_word' id='word_1_185' title='bbox 842 1832 983 1874; x_wconf 86' lang='lat' dir='ltr'>fuisse.</span> 
     </span>
    </p>
   </div>
   <div class='ocr_carea' id='block_1_5' title="bbox 42 2020 1879 3143">
    <p class='ocr_par' dir='ltr' id='par_1_8' title="bbox 42 2020 1879 2404">
     <span class='ocr_line' id='line_1_23' title="bbox 157 2020 1872 2063; baseline 0.001 -11"><span class='ocrx_word' id='word_1_186' title='bbox 157 2024 191 2063; x_wconf 85' lang='lat'>2)</span> <span class='ocrx_word' id='word_1_187' title='bbox 218 2023 302 2052; x_wconf 82' lang='lat' dir='ltr'>inter</span> <span class='ocrx_word' id='word_1_188' title='bbox 328 2022 396 2051; x_wconf 80' lang='lat' dir='ltr'>dies</span> <span class='ocrx_word' id='word_1_189' title='bbox 421 2030 588 2051; x_wconf 86' lang='lat' dir='ltr'>munerum</span> <span class='ocrx_word' id='word_1_190' title='bbox 625 2031 655 2060; x_wconf 87' lang='lat' dir='ltr'>q.</span> <span class='ocrx_word' id='word_1_191' title='bbox 692 2025 839 2060; x_wconf 82' lang='lat' dir='ltr'>pugnant</span> <span class='ocrx_word' id='word_1_192' title='bbox 863 2022 900 2063; x_wconf 68' lang='grc' dir='ltr'>γ1)</span> <span class='ocrx_word' id='word_1_193' title='bbox 927 2020 985 2059; x_wconf 42' lang='lat'>(2—</span> <span class='ocrx_word' id='word_1_194' title='bbox 1011 2031 1180 2051; x_wconf 85' lang='lat' dir='ltr'>numerum</span> <span class='ocrx_word' id='word_1_195' title='bbox 1206 2032 1236 2060; x_wconf 87' lang='lat' dir='ltr'>q.</span> <span class='ocrx_word' id='word_1_196' title='bbox 1266 2022 1440 2061; x_wconf 68' lang='lat' dir='ltr'>punyant).</span> <span class='ocrx_word' id='word_1_197' title='bbox 1480 2026 1512 2051; x_wconf 76' lang='lat' dir='ltr'>ut</span> <span class='ocrx_word' id='word_1_198' title='bbox 1546 2023 1632 2052; x_wconf 85' lang='lat' dir='ltr'>inter</span> <span class='ocrx_word' id='word_1_199' title='bbox 1656 2040 1699 2045; x_wconf 88' lang='lat'>—-</span> <span class='ocrx_word' id='word_1_200' title='bbox 1725 2031 1872 2061; x_wconf 77' lang='lat' dir='ltr'>pugnant</span> 
     </span>
     <span class='ocr_line' id='line_1_24' title="bbox 43 2077 1879 2119; baseline -0.001 -9"><span class='ocrx_word' id='word_1_201' title='bbox 43 2081 158 2119; x_wconf 84' lang='lat' dir='ltr'>‘antiq.</span> <span class='ocrx_word' id='word_1_202' title='bbox 199 2079 338 2117; x_wconf 78' lang='lat' dir='ltr'>exempl.</span> <span class='ocrx_word' id='word_1_203' title='bbox 374 2078 458 2108; x_wconf 64' lang='grc' dir='ltr'>Αοικ7</span> <span class='ocrx_word' id='word_1_204' title='bbox 493 2077 624 2108; x_wconf 84' lang='lat' dir='ltr'>Canteri</span> <span class='ocrx_word' id='word_1_205' title='bbox 660 2078 772 2108; x_wconf 78' lang='lat' dir='ltr'>Nouae</span> <span class='ocrx_word' id='word_1_206' title='bbox 809 2079 897 2108; x_wconf 79' lang='lat' dir='ltr'>lectt.</span> <span class='ocrx_word' id='word_1_207' title='bbox 923 2078 978 2116; x_wconf 84' lang='lat' dir='ltr'>VI,</span> <span class='ocrx_word' id='word_1_208' title='bbox 1005 2080 1035 2108; x_wconf 82' lang='lat'>4.</span> <span class='ocrx_word' id='word_1_209' title='bbox 1074 2078 1203 2108; x_wconf 83' lang='lat' dir='ltr'>Gruter.</span> <span class='ocrx_word' id='word_1_210' title='bbox 1235 2078 1346 2117; x_wconf 85' lang='lat' dir='ltr'>Lamp.</span> <span class='ocrx_word' id='word_1_211' title='bbox 1374 2079 1432 2117; x_wconf 72' lang='grc' dir='ltr'>ΙΙΙ,</span> <span class='ocrx_word' id='word_1_212' title='bbox 1461 2080 1534 2108; x_wconf 66' lang='grc'>644.</span> <span class='ocrx_word' id='word_1_213' title='bbox 1561 2079 1645 2109; x_wconf 84' lang='lat' dir='ltr'>conf.</span> <span class='ocrx_word' id='word_1_214' title='bbox 1673 2080 1714 2109; x_wconf 91' lang='lat' dir='ltr'>C:</span> <span class='ocrx_word' id='word_1_215' title='bbox 1742 2081 1879 2110; x_wconf 78' lang='lat' dir='ltr'>‘diludia</span> 
     </span>
     <span class='ocr_line' id='line_1_25' title="bbox 43 2134 1876 2174; baseline 0 -7"><span class='ocrx_word' id='word_1_216' title='bbox 43 2140 149 2167; x_wconf 82' lang='lat' dir='ltr'>autem</span> <span class='ocrx_word' id='word_1_217' title='bbox 175 2137 205 2166; x_wconf 86' lang='lat' dir='ltr'>d.</span> <span class='ocrx_word' id='word_1_218' title='bbox 232 2142 255 2166; x_wconf 82' lang='lat' dir='ltr'>t.</span> <span class='ocrx_word' id='word_1_219' title='bbox 283 2146 312 2174; x_wconf 90' lang='lat' dir='ltr'>q.</span> <span class='ocrx_word' id='word_1_220' title='bbox 339 2136 383 2174; x_wconf 84' lang='lat' dir='ltr'>gl.</span> <span class='ocrx_word' id='word_1_221' title='bbox 411 2146 497 2165; x_wconf 85' lang='lat' dir='ltr'>conc.</span> <span class='ocrx_word' id='word_1_222' title='bbox 523 2135 602 2174; x_wconf 81' lang='lat' dir='ltr'>(om.</span> <span class='ocrx_word' id='word_1_223' title='bbox 627 2134 672 2173; x_wconf 76' lang='lat' dir='ltr'>ut)</span> <span class='ocrx_word' id='word_1_224' title='bbox 700 2136 784 2164; x_wconf 83' lang='lat' dir='ltr'>inter</span> <span class='ocrx_word' id='word_1_225' title='bbox 810 2152 849 2155; x_wconf 95' lang='lat'>—</span> <span class='ocrx_word' id='word_1_226' title='bbox 876 2135 1055 2174; x_wconf 55' lang='lat' dir='ltr'>puynatzcrss</span> <span class='ocrx_word' id='word_1_227' title='bbox 1082 2145 1118 2164; x_wconf 81' lang='lat' dir='ltr'>v:</span> <span class='ocrx_word' id='word_1_228' title='bbox 1145 2146 1232 2165; x_wconf 79' lang='lat' dir='ltr'>conc.</span> <span class='ocrx_word' id='word_1_229' title='bbox 1260 2136 1339 2164; x_wconf 68' lang='lat' dir='ltr'>inter</span> <span class='ocrx_word' id='word_1_230' title='bbox 1356 2136 1424 2164; x_wconf 81' lang='lat' dir='ltr'>dies</span> <span class='ocrx_word' id='word_1_231' title='bbox 1443 2136 1583 2173; x_wconf 80' lang='lat' dir='ltr'>quinque</span> <span class='ocrx_word' id='word_1_232' title='bbox 1601 2141 1758 2174; x_wconf 79' lang='lat' dir='ltr'>pugnant.</span> <span class='ocrx_word' id='word_1_233' title='bbox 1786 2138 1876 2167; x_wconf 75' lang='lat' dir='ltr'>cath:</span> 
     </span>
     <span class='ocr_line' id='line_1_26' title="bbox 45 2191 1877 2231; baseline -0.001 -7"><span class='ocrx_word' id='word_1_234' title='bbox 45 2199 76 2224; x_wconf 76' lang='grc' dir='ltr'>ἰιι</span> <span class='ocrx_word' id='word_1_235' title='bbox 99 2195 186 2224; x_wconf 76' lang='lat' dir='ltr'>intra</span> <span class='ocrx_word' id='word_1_236' title='bbox 211 2194 280 2223; x_wconf 87' lang='lat' dir='ltr'>dies</span> <span class='ocrx_word' id='word_1_237' title='bbox 306 2193 446 2231; x_wconf 88' lang='lat' dir='ltr'>quinque</span> <span class='ocrx_word' id='word_1_238' title='bbox 471 2195 611 2231; x_wconf 80' lang='lat' dir='ltr'>pugnent</span> <span class='ocrx_word' id='word_1_239' title='bbox 637 2192 801 2230; x_wconf 83' lang='lat' dir='ltr'>(pugnant</span> <span class='ocrx_word' id='word_1_240' title='bbox 826 2191 889 2230; x_wconf 83' lang='lat' dir='ltr'>fh).</span> <span class='ocrx_word' id='word_1_241' title='bbox 916 2195 949 2220; x_wconf 75' lang='lat' dir='ltr'>ut</span> <span class='ocrx_word' id='word_1_242' title='bbox 971 2192 1052 2220; x_wconf 80' lang='lat' dir='ltr'>inter</span> <span class='ocrx_word' id='word_1_243' title='bbox 1079 2192 1148 2221; x_wconf 86' lang='lat' dir='ltr'>dies</span> <span class='ocrx_word' id='word_1_244' title='bbox 1175 2193 1316 2230; x_wconf 84' lang='lat' dir='ltr'>quinque</span> <span class='ocrx_word' id='word_1_245' title='bbox 1340 2196 1487 2230; x_wconf 81' lang='lat' dir='ltr'>pugnent</span> <span class='ocrx_word' id='word_1_246' title='bbox 1512 2192 1549 2228; x_wconf 81' lang='lat' dir='ltr'>Q.</span> <span class='ocrx_word' id='word_1_247' title='bbox 1578 2210 1617 2213; x_wconf 86' lang='lat'>—</span> <span class='ocrx_word' id='word_1_248' title='bbox 1645 2193 1688 2222; x_wconf 85' lang='lat' dir='ltr'>Et</span> <span class='ocrx_word' id='word_1_249' title='bbox 1712 2211 1753 2213; x_wconf 47' lang='lat' dir='ltr'>m-</span> <span class='ocrx_word' id='word_1_250' title='bbox 1779 2203 1877 2231; x_wconf 80' lang='lat' dir='ltr'>gene-</span> 
     </span>
     <span class='ocr_line' id='line_1_27' title="bbox 42 2248 1877 2292; baseline -0.002 -11"><span class='ocrx_word' id='word_1_251' title='bbox 42 2254 173 2281; x_wconf 84' lang='lat' dir='ltr'>neratur</span> <span class='ocrx_word' id='word_1_252' title='bbox 196 2260 224 2292; x_wconf 74' lang='grc' dir='ltr'>γ.</span> <span class='ocrx_word' id='word_1_253' title='bbox 250 2250 320 2279; x_wconf 89' lang='lat' dir='ltr'>rell.</span> <span class='ocrx_word' id='word_1_254' title='bbox 347 2260 408 2279; x_wconf 90' lang='lat' dir='ltr'>om.</span> <span class='ocrx_word' id='word_1_255' title='bbox 448 2249 531 2280; x_wconf 87' lang='lat' dir='ltr'>conf.</span> <span class='ocrx_word' id='word_1_256' title='bbox 553 2249 624 2291; x_wconf 57' lang='lat' dir='ltr'>Ego:</span> <span class='ocrx_word' id='word_1_257' title='bbox 653 2248 811 2287; x_wconf 79' lang='lat' dir='ltr'>‘Spatium</span> <span class='ocrx_word' id='word_1_258' title='bbox 837 2248 1031 2278; x_wconf 85' lang='lat' dir='ltr'>emendandi</span> <span class='ocrx_word' id='word_1_259' title='bbox 1058 2250 1201 2278; x_wconf 77' lang='lat' dir='ltr'>earmina</span> <span class='ocrx_word' id='word_1_260' title='bbox 1227 2249 1336 2286; x_wconf 83' lang='lat' dir='ltr'>clamo,</span> <span class='ocrx_word' id='word_1_261' title='bbox 1364 2254 1395 2279; x_wconf 90' lang='lat' dir='ltr'>et</span> <span class='ocrx_word' id='word_1_262' title='bbox 1421 2250 1691 2278; x_wconf 76' lang='lat' dir='ltr'>intermissionem</span> <span class='ocrx_word' id='word_1_263' title='bbox 1717 2250 1768 2278; x_wconf 85' lang='lat' dir='ltr'>nel</span> <span class='ocrx_word' id='word_1_264' title='bbox 1796 2250 1877 2278; x_wconf 81' lang='lat' dir='ltr'>dila-</span> 
     </span>
     <span class='ocr_line' id='line_1_28' title="bbox 43 2305 1876 2348; baseline -0.002 -11"><span class='ocrx_word' id='word_1_265' title='bbox 43 2308 162 2338; x_wconf 85' lang='lat' dir='ltr'>tionem</span> <span class='ocrx_word' id='word_1_266' title='bbox 187 2308 334 2337; x_wconf 87' lang='lat' dir='ltr'>ludorum</span> <span class='ocrx_word' id='word_1_267' title='bbox 361 2306 510 2345; x_wconf 87' lang='lat' dir='ltr'>(Porph.)</span> <span class='ocrx_word' id='word_1_268' title='bbox 538 2315 688 2344; x_wconf 77' lang='lat' dir='ltr'>exposco,</span> <span class='ocrx_word' id='word_1_269' title='bbox 727 2310 759 2335; x_wconf 90' lang='lat' dir='ltr'>et</span> <span class='ocrx_word' id='word_1_270' title='bbox 784 2305 953 2343; x_wconf 82' lang='lat' dir='ltr'>subiungit</span> <span class='ocrx_word' id='word_1_271' title='bbox 989 2314 1121 2342; x_wconf 71' lang='lat' dir='ltr'>causam,</span> <span class='ocrx_word' id='word_1_272' title='bbox 1160 2316 1215 2336; x_wconf 74' lang='lat' dir='ltr'>cur</span> <span class='ocrx_word' id='word_1_273' title='bbox 1240 2323 1282 2326; x_wconf 90' lang='lat'><strong>—</strong></span> <span class='ocrx_word' id='word_1_274' title='bbox 1308 2306 1502 2344; x_wconf 78' lang='lat' dir='ltr'>generatur.&#39;</span> <span class='ocrx_word' id='word_1_275' title='bbox 1568 2306 1602 2344; x_wconf 82' lang='grc'>5)</span> <span class='ocrx_word' id='word_1_276' title='bbox 1631 2305 1803 2335; x_wconf 81' lang='lat' dir='ltr'>Contentio</span> <span class='ocrx_word' id='word_1_277' title='bbox 1827 2307 1876 2348; x_wconf 62' lang='lat'>71).</span> 
     </span>
     <span class='ocr_line' id='line_1_29' title="bbox 43 2360 1254 2404; baseline -0.003 -10"><span class='ocrx_word' id='word_1_278' title='bbox 43 2365 152 2394; x_wconf 86' lang='lat' dir='ltr'>concio</span> <span class='ocrx_word' id='word_1_279' title='bbox 180 2363 216 2394; x_wconf 83' lang='lat' dir='ltr'>C.</span> <span class='ocrx_word' id='word_1_280' title='bbox 243 2363 315 2393; x_wconf 85' lang='lat' dir='ltr'>rell.</span> <span class='ocrx_word' id='word_1_281' title='bbox 342 2373 404 2393; x_wconf 90' lang='lat' dir='ltr'>om.</span> <span class='ocrx_word' id='word_1_282' title='bbox 431 2380 472 2384; x_wconf 76' lang='lat'>—</span> <span class='ocrx_word' id='word_1_283' title='bbox 499 2363 695 2392; x_wconf 85' lang='lat' dir='ltr'>Timendum</span> <span class='ocrx_word' id='word_1_284' title='bbox 718 2360 840 2404; x_wconf 53' lang='lat' dir='ltr'>7B397C.</span> <span class='ocrx_word' id='word_1_285' title='bbox 866 2361 1016 2392; x_wconf 80' lang='lat' dir='ltr'>timidum</span> <span class='ocrx_word' id='word_1_286' title='bbox 1041 2362 1071 2391; x_wconf 89' lang='lat' dir='ltr'>b.</span> <span class='ocrx_word' id='word_1_287' title='bbox 1097 2362 1166 2392; x_wconf 83' lang='lat' dir='ltr'>rell.</span> <span class='ocrx_word' id='word_1_288' title='bbox 1194 2372 1254 2392; x_wconf 89' lang='lat' dir='ltr'>om.</span> 
     </span>
    </p>

    <p class='ocr_par' dir='ltr' id='par_1_9' title="bbox 153 2419 669 2458">
     <span class='ocr_line' id='line_1_30' title="bbox 153 2419 669 2458; baseline -0.004 -8"><span class='ocrx_word' id='word_1_289' title='bbox 153 2419 309 2450; x_wconf 88' lang='lat' dir='ltr'>PORPH.</span> <span class='ocrx_word' id='word_1_290' title='bbox 356 2420 523 2458; x_wconf 85' lang='lat' dir='ltr'>Inscriptt.</span> <span class='ocrx_word' id='word_1_291' title='bbox 552 2420 669 2449; x_wconf 86' lang='lat' dir='ltr'>nullae.</span> 
     </span>
    </p>

    <p class='ocr_par' dir='ltr' id='par_1_10' title="bbox 43 2475 1877 3143">
     <span class='ocr_line' id='line_1_31' title="bbox 155 2475 1875 2517; baseline -0.001 -10"><span class='ocrx_word' id='word_1_292' title='bbox 155 2476 190 2517; x_wconf 84' lang='lat'>9)</span> <span class='ocrx_word' id='word_1_293' title='bbox 214 2478 301 2507; x_wconf 79' lang='lat' dir='ltr'>Haec</span> <span class='ocrx_word' id='word_1_294' title='bbox 324 2476 542 2515; x_wconf 81' lang='lat' dir='ltr'>MR2G‚vafh.</span> <span class='ocrx_word' id='word_1_295' title='bbox 582 2476 668 2506; x_wconf 84' lang='lat' dir='ltr'>Hinc</span> <span class='ocrx_word' id='word_1_296' title='bbox 699 2476 840 2505; x_wconf 76' lang='lat' dir='ltr'>distinxi</span> <span class='ocrx_word' id='word_1_297' title='bbox 873 2479 945 2513; x_wconf 83' lang='lat' dir='ltr'>post</span> <span class='ocrx_word' id='word_1_298' title='bbox 973 2475 1098 2514; x_wconf 70' lang='lat' dir='ltr'>scripta.</span> <span class='ocrx_word' id='word_1_299' title='bbox 1136 2475 1206 2505; x_wconf 80' lang='lat' dir='ltr'>Hac</span> <span class='ocrx_word' id='word_1_300' title='bbox 1232 2475 1268 2511; x_wconf 82' lang='lat' dir='ltr'>Q.</span> <span class='ocrx_word' id='word_1_301' title='bbox 1296 2475 1435 2513; x_wconf 73' lang='lat' dir='ltr'>epistula</span> <span class='ocrx_word' id='word_1_302' title='bbox 1458 2475 1502 2504; x_wconf 88' lang='lat' dir='ltr'>M.</span> <span class='ocrx_word' id='word_1_303' title='bbox 1529 2475 1598 2504; x_wconf 89' lang='lat' dir='ltr'>rell.</span> <span class='ocrx_word' id='word_1_304' title='bbox 1626 2476 1767 2513; x_wconf 78' lang='lat' dir='ltr'>epistola.</span> <span class='ocrx_word' id='word_1_305' title='bbox 1820 2477 1875 2514; x_wconf 82' lang='lat'>10)</span> 
     </span>
     <span class='ocr_line' id='line_1_32' title="bbox 43 2531 1875 2573; baseline -0.002 -9"><span class='ocrx_word' id='word_1_306' title='bbox 43 2535 258 2573; x_wconf 83' lang='lat' dir='ltr'>pragmatiam</span> <span class='ocrx_word' id='word_1_307' title='bbox 283 2534 317 2563; x_wconf 90' lang='lat' dir='ltr'>M</span> <span class='ocrx_word' id='word_1_308' title='bbox 356 2534 409 2573; x_wconf 80' lang='lat' dir='ltr'>(Q.</span> <span class='ocrx_word' id='word_1_309' title='bbox 437 2533 521 2564; x_wconf 84' lang='lat' dir='ltr'>conf.</span> <span class='ocrx_word' id='word_1_310' title='bbox 548 2533 653 2571; x_wconf 89' lang='lat' dir='ltr'>Ac1·.).</span> <span class='ocrx_word' id='word_1_311' title='bbox 679 2533 748 2562; x_wconf 84' lang='lat' dir='ltr'>rell.</span> <span class='ocrx_word' id='word_1_312' title='bbox 786 2533 1023 2570; x_wconf 79' lang='lat' dir='ltr'>pragmaticam.</span> <span class='ocrx_word' id='word_1_313' title='bbox 1050 2550 1089 2552; x_wconf 22' lang='grc' dir='ltr'><strong>ῳ</strong></span> <span class='ocrx_word' id='word_1_314' title='bbox 1113 2536 1371 2570; x_wconf 77' lang='lat' dir='ltr'>praemonstrare</span> <span class='ocrx_word' id='word_1_315' title='bbox 1406 2533 1496 2561; x_wconf 71' lang='lat' dir='ltr'>vafh.</span> <span class='ocrx_word' id='word_1_316' title='bbox 1533 2531 1611 2561; x_wconf 79' lang='lat' dir='ltr'>dem.</span> <span class='ocrx_word' id='word_1_317' title='bbox 1648 2531 1875 2571; x_wconf 77' lang='lat' dir='ltr'>MRA2G(Q).</span> 
     </span>
     <span class='ocr_line' id='line_1_33' title="bbox 47 2588 1876 2630; baseline -0.002 -9"><span class='ocrx_word' id='word_1_318' title='bbox 47 2592 102 2630; x_wconf 81' lang='lat'>11)</span> <span class='ocrx_word' id='word_1_319' title='bbox 129 2601 236 2621; x_wconf 88' lang='lat' dir='ltr'>eorum</span> <span class='ocrx_word' id='word_1_320' title='bbox 261 2591 411 2620; x_wconf 82' lang='lat' dir='ltr'>admirati</span> <span class='ocrx_word' id='word_1_321' title='bbox 447 2590 540 2628; x_wconf 83' lang='lat' dir='ltr'>(sunt</span> <span class='ocrx_word' id='word_1_322' title='bbox 564 2590 599 2628; x_wconf 93' lang='lat' dir='ltr'>v)</span> <span class='ocrx_word' id='word_1_323' title='bbox 638 2599 701 2619; x_wconf 89' lang='lat' dir='ltr'>non</span> <span class='ocrx_word' id='word_1_324' title='bbox 737 2590 878 2618; x_wconf 85' lang='lat' dir='ltr'>assecuti</span> <span class='ocrx_word' id='word_1_325' title='bbox 915 2589 1002 2618; x_wconf 81' lang='lat' dir='ltr'>vafh.</span> <span class='ocrx_word' id='word_1_326' title='bbox 1070 2589 1126 2627; x_wconf 82' lang='lat'>12)</span> <span class='ocrx_word' id='word_1_327' title='bbox 1154 2590 1345 2618; x_wconf 67' lang='lat' dir='ltr'>existimans</span> <span class='ocrx_word' id='word_1_328' title='bbox 1370 2589 1439 2618; x_wconf 85' lang='lat' dir='ltr'>MR.</span> <span class='ocrx_word' id='word_1_329' title='bbox 1470 2606 1504 2609; x_wconf 80' lang='lat'>—-</span> <span class='ocrx_word' id='word_1_330' title='bbox 1533 2588 1593 2626; x_wconf 57' lang='lat' dir='ltr'>‘ipsi</span> <span class='ocrx_word' id='word_1_331' title='bbox 1615 2588 1708 2617; x_wconf 65' lang='lat' dir='ltr'>Mne.</span> <span class='ocrx_word' id='word_1_332' title='bbox 1736 2589 1803 2617; x_wconf 87' lang='lat' dir='ltr'>rell.</span> <span class='ocrx_word' id='word_1_333' title='bbox 1841 2589 1876 2623; x_wconf 68' lang='lat' dir='ltr'>si,</span> 
     </span>
     <span class='ocr_line' id='line_1_34' title="bbox 47 2644 1877 2687; baseline -0.003 -10"><span class='ocrx_word' id='word_1_334' title='bbox 47 2648 101 2687; x_wconf 87' lang='lat'>13)</span> <span class='ocrx_word' id='word_1_335' title='bbox 125 2648 226 2677; x_wconf 83' lang='lat' dir='ltr'>ueluti</span> <span class='ocrx_word' id='word_1_336' title='bbox 242 2648 301 2677; x_wconf 84' lang='lat' dir='ltr'>fac.</span> <span class='ocrx_word' id='word_1_337' title='bbox 331 2647 462 2686; x_wconf 78' lang='lat' dir='ltr'>(faliunt</span> <span class='ocrx_word' id='word_1_338' title='bbox 487 2647 535 2685; x_wconf 90' lang='lat' dir='ltr'>M)</span> <span class='ocrx_word' id='word_1_339' title='bbox 563 2647 656 2685; x_wconf 89' lang='lat' dir='ltr'>quod.</span> <span class='ocrx_word' id='word_1_340' title='bbox 683 2645 870 2682; x_wconf 77' lang='lat' dir='ltr'>MR2‚vafh.</span> <span class='ocrx_word' id='word_1_341' title='bbox 896 2646 997 2675; x_wconf 85' lang='lat' dir='ltr'>ueluti</span> <span class='ocrx_word' id='word_1_342' title='bbox 1024 2645 1064 2675; x_wconf 83' lang='lat' dir='ltr'>fa.</span> <span class='ocrx_word' id='word_1_343' title='bbox 1083 2645 1142 2684; x_wconf 62' lang='lat' dir='ltr'>qai,</span> <span class='ocrx_word' id='word_1_344' title='bbox 1162 2647 1245 2684; x_wconf 82' lang='lat' dir='ltr'>quod</span> <span class='ocrx_word' id='word_1_345' title='bbox 1261 2646 1299 2681; x_wconf 80' lang='lat' dir='ltr'>Q.</span> <span class='ocrx_word' id='word_1_346' title='bbox 1354 2646 1408 2683; x_wconf 84' lang='lat'>14)</span> <span class='ocrx_word' id='word_1_347' title='bbox 1435 2645 1591 2674; x_wconf 75' lang='lat' dir='ltr'>uinulenlc&#39;</span> <span class='ocrx_word' id='word_1_348' title='bbox 1614 2644 1752 2683; x_wconf 78' lang='lat' dir='ltr'>MG&lt;Q).</span> <span class='ocrx_word' id='word_1_349' title='bbox 1778 2644 1805 2673; x_wconf 75' lang='lat' dir='ltr'>si</span> <span class='ocrx_word' id='word_1_350' title='bbox 1829 2645 1877 2673; x_wconf 88' lang='lat' dir='ltr'>ui-</span> 
     </span>
     <span class='ocr_line' id='line_1_35' title="bbox 44 2702 1877 2741; baseline -0.002 -8"><span class='ocrx_word' id='word_1_351' title='bbox 44 2704 166 2734; x_wconf 84' lang='lat' dir='ltr'>nolenti</span> <span class='ocrx_word' id='word_1_352' title='bbox 184 2705 248 2734; x_wconf 87' lang='lat' dir='ltr'>sint</span> <span class='ocrx_word' id='word_1_353' title='bbox 267 2705 295 2733; x_wconf 84' lang='lat'>2.</span> <span class='ocrx_word' id='word_1_354' title='bbox 315 2703 468 2733; x_wconf 73' lang='lat' dir='ltr'>uinolenti</span> <span class='ocrx_word' id='word_1_355' title='bbox 482 2714 512 2732; x_wconf 90' lang='lat' dir='ltr'>v.</span> <span class='ocrx_word' id='word_1_356' title='bbox 531 2703 711 2733; x_wconf 76' lang='lat' dir='ltr'>uinolentz&#39;cz</span> <span class='ocrx_word' id='word_1_357' title='bbox 729 2702 794 2732; x_wconf 79' lang='lat' dir='ltr'>afh.</span> <span class='ocrx_word' id='word_1_358' title='bbox 847 2703 901 2741; x_wconf 84' lang='lat'>14)</span> <span class='ocrx_word' id='word_1_359' title='bbox 928 2706 1030 2732; x_wconf 86' lang='lat' dir='ltr'>totum</span> <span class='ocrx_word' id='word_1_360' title='bbox 1057 2703 1247 2741; x_wconf 78' lang='lat' dir='ltr'>religionum</span> <span class='ocrx_word' id='word_1_361' title='bbox 1267 2702 1425 2732; x_wconf 75' lang='lat' dir='ltr'>MRA2G.</span> <span class='ocrx_word' id='word_1_362' title='bbox 1452 2702 1520 2731; x_wconf 81' lang='lat' dir='ltr'>rell.</span> <span class='ocrx_word' id='word_1_363' title='bbox 1540 2712 1599 2731; x_wconf 59' lang='lat' dir='ltr'>om,</span> <span class='ocrx_word' id='word_1_364' title='bbox 1628 2702 1720 2739; x_wconf 82' lang='lat' dir='ltr'>posui</span> <span class='ocrx_word' id='word_1_365' title='bbox 1746 2706 1877 2739; x_wconf 70' lang='lat' dir='ltr'>propter</span> 
     </span>
     <span class='ocr_line' id='line_1_36' title="bbox 45 2757 1876 2797; baseline -0.002 -7"><span class='ocrx_word' id='word_1_366' title='bbox 45 2761 186 2790; x_wconf 84' lang='lat' dir='ltr'>codicum</span> <span class='ocrx_word' id='word_1_367' title='bbox 212 2769 399 2790; x_wconf 81' lang='lat' dir='ltr'>eonsensum</span> <span class='ocrx_word' id='word_1_368' title='bbox 426 2760 531 2790; x_wconf 87' lang='lat' dir='ltr'>simile</span> <span class='ocrx_word' id='word_1_369' title='bbox 556 2761 690 2789; x_wconf 84' lang='lat' dir='ltr'>uerbum</span> <span class='ocrx_word' id='word_1_370' title='bbox 707 2759 896 2797; x_wconf 72' lang='lat' dir='ltr'>religiosum,</span> <span class='ocrx_word' id='word_1_371' title='bbox 924 2759 957 2788; x_wconf 86' lang='lat' dir='ltr'>id</span> <span class='ocrx_word' id='word_1_372' title='bbox 976 2762 1034 2797; x_wconf 77' lang='lat' dir='ltr'>est,</span> <span class='ocrx_word' id='word_1_373' title='bbox 1061 2763 1115 2788; x_wconf 87' lang='lat' dir='ltr'>aut</span> <span class='ocrx_word' id='word_1_374' title='bbox 1134 2768 1219 2796; x_wconf 87' lang='lat' dir='ltr'>uere,</span> <span class='ocrx_word' id='word_1_375' title='bbox 1246 2764 1392 2788; x_wconf 77' lang='lat' dir='ltr'>accurate</span> <span class='ocrx_word' id='word_1_376' title='bbox 1418 2760 1553 2788; x_wconf 86' lang='lat' dir='ltr'>dictum.</span> <span class='ocrx_word' id='word_1_377' title='bbox 1579 2757 1660 2787; x_wconf 67' lang='lat' dir='ltr'>conf.</span> <span class='ocrx_word' id='word_1_378' title='bbox 1690 2758 1755 2787; x_wconf 82' lang='lat' dir='ltr'>Cic.</span> <span class='ocrx_word' id='word_1_379' title='bbox 1783 2757 1876 2786; x_wconf 80' lang='lat' dir='ltr'>Brut.</span> 
     </span>
     <span class='ocr_line' id='line_1_37' title="bbox 47 2814 1877 2854; baseline -0.001 -9"><span class='ocrx_word' id='word_1_380' title='bbox 47 2817 103 2846; x_wconf 85' lang='lat'>11:</span> <span class='ocrx_word' id='word_1_381' title='bbox 142 2821 253 2848; x_wconf 84' lang='lat' dir='ltr'>auctor</span> <span class='ocrx_word' id='word_1_382' title='bbox 277 2826 383 2847; x_wconf 88' lang='lat' dir='ltr'>rerum</span> <span class='ocrx_word' id='word_1_383' title='bbox 408 2817 497 2847; x_wconf 84' lang='lat' dir='ltr'>Rom.</span> <span class='ocrx_word' id='word_1_384' title='bbox 524 2816 796 2854; x_wconf 79' lang='lat' dir='ltr'>religiosissimus,</span> <span class='ocrx_word' id='word_1_385' title='bbox 823 2820 879 2845; x_wconf 80' lang='lat' dir='ltr'>aut</span> <span class='ocrx_word' id='word_1_386' title='bbox 903 2816 1045 2845; x_wconf 87' lang='lat' dir='ltr'>dubium.</span> <span class='ocrx_word' id='word_1_387' title='bbox 1074 2816 1145 2845; x_wconf 91' lang='lat' dir='ltr'>Liu.</span> <span class='ocrx_word' id='word_1_388' title='bbox 1171 2816 1213 2852; x_wconf 87' lang='lat' dir='ltr'>II,</span> <span class='ocrx_word' id='word_1_389' title='bbox 1242 2816 1277 2845; x_wconf 79' lang='lat'>5:</span> <span class='ocrx_word' id='word_1_390' title='bbox 1308 2816 1494 2853; x_wconf 74' lang='lat' dir='ltr'>religiosum</span> <span class='ocrx_word' id='word_1_391' title='bbox 1522 2818 1579 2843; x_wconf 75' lang='lat' dir='ltr'>est.</span> <span class='ocrx_word' id='word_1_392' title='bbox 1632 2814 1687 2853; x_wconf 80' lang='lat'>15)</span> <span class='ocrx_word' id='word_1_393' title='bbox 1716 2815 1877 2843; x_wconf 65' lang='lat' dir='ltr'>irrisorem</span> 
     </span>
     <span class='ocr_line' id='line_1_38' title="bbox 46 2871 1876 2912; baseline -0.002 -9"><span class='ocrx_word' id='word_1_394' title='bbox 46 2872 116 2910; x_wconf 88' lang='lat' dir='ltr'>G‚v.</span> <span class='ocrx_word' id='word_1_395' title='bbox 140 2873 307 2903; x_wconf 75' lang='lat' dir='ltr'>inrisorem</span> <span class='ocrx_word' id='word_1_396' title='bbox 331 2874 374 2903; x_wconf 87' lang='lat' dir='ltr'>M.</span> <span class='ocrx_word' id='word_1_397' title='bbox 439 2874 493 2912; x_wconf 85' lang='grc'>16)</span> <span class='ocrx_word' id='word_1_398' title='bbox 521 2878 573 2903; x_wconf 74' lang='lat' dir='ltr'>aut</span> <span class='ocrx_word' id='word_1_399' title='bbox 595 2873 665 2902; x_wconf 77' lang='lat' dir='ltr'>enni</span> <span class='ocrx_word' id='word_1_400' title='bbox 686 2872 800 2911; x_wconf 80' lang='lat' dir='ltr'>(emniz&#39;</span> <span class='ocrx_word' id='word_1_401' title='bbox 822 2872 861 2910; x_wconf 93' lang='lat' dir='ltr'>R)</span> <span class='ocrx_word' id='word_1_402' title='bbox 888 2882 937 2910; x_wconf 90' lang='lat' dir='ltr'>op.</span> <span class='ocrx_word' id='word_1_403' title='bbox 963 2871 1132 2911; x_wconf 75' lang='lat' dir='ltr'>MRG(Q).</span> <span class='ocrx_word' id='word_1_404' title='bbox 1160 2876 1235 2902; x_wconf 86' lang='lat' dir='ltr'>tem.</span> <span class='ocrx_word' id='word_1_405' title='bbox 1265 2872 1307 2901; x_wconf 70' lang='lat' dir='ltr'>(cit</span> <span class='ocrx_word' id='word_1_406' title='bbox 1338 2871 1414 2901; x_wconf 71' lang='lat' dir='ltr'>enim</span> <span class='ocrx_word' id='word_1_407' title='bbox 1451 2872 1627 2908; x_wconf 75' lang='lat' dir='ltr'>opinionem</span> <span class='ocrx_word' id='word_1_408' title='bbox 1651 2881 1680 2900; x_wconf 75' lang='grc' dir='ltr'>ν.</span> <span class='ocrx_word' id='word_1_409' title='bbox 1720 2871 1763 2900; x_wconf 84' lang='lat' dir='ltr'>ait</span> <span class='ocrx_word' id='word_1_410' title='bbox 1792 2872 1876 2900; x_wconf 85' lang='lat' dir='ltr'>enim</span> 
     </span>
     <span class='ocr_line' id='line_1_39' title="bbox 45 2928 1877 2968; baseline -0.001 -10"><span class='ocrx_word' id='word_1_411' title='bbox 45 2933 148 2968; x_wconf 77' lang='lat' dir='ltr'>etper</span> <span class='ocrx_word' id='word_1_412' title='bbox 171 2931 354 2968; x_wconf 87' lang='lat' dir='ltr'>opinionem</span> <span class='ocrx_word' id='word_1_413' title='bbox 379 2931 444 2960; x_wconf 84' lang='lat' dir='ltr'>afh.</span> <span class='ocrx_word' id='word_1_414' title='bbox 470 2931 517 2960; x_wconf 86' lang='lat' dir='ltr'>ait</span> <span class='ocrx_word' id='word_1_415' title='bbox 542 2931 628 2959; x_wconf 88' lang='lat' dir='ltr'>enim</span> <span class='ocrx_word' id='word_1_416' title='bbox 657 2934 684 2959; x_wconf 70' lang='lat' dir='ltr'>ec</span> <span class='ocrx_word' id='word_1_417' title='bbox 707 2928 842 2967; x_wconf 60' lang='lat' dir='ltr'>opinione</span> <span class='ocrx_word' id='word_1_418' title='bbox 868 2930 897 2958; x_wconf 82' lang='lat'>2.</span> <span class='ocrx_word' id='word_1_419' title='bbox 949 2930 1004 2968; x_wconf 81' lang='grc'>18)</span> <span class='ocrx_word' id='word_1_420' title='bbox 1030 2928 1176 2958; x_wconf 74' lang='lat' dir='ltr'>adscribit</span> <span class='ocrx_word' id='word_1_421' title='bbox 1198 2928 1271 2958; x_wconf 83' lang='lat' dir='ltr'>MG.</span> <span class='ocrx_word' id='word_1_422' title='bbox 1299 2946 1337 2949; x_wconf 43' lang='grc' dir='ltr'><strong>ψ</strong></span> <span class='ocrx_word' id='word_1_423' title='bbox 1367 2929 1482 2957; x_wconf 68' lang='lat' dir='ltr'>diceret</span> <span class='ocrx_word' id='word_1_424' title='bbox 1505 2928 1548 2956; x_wconf 81' lang='lat' dir='ltr'>fh.</span> <span class='ocrx_word' id='word_1_425' title='bbox 1616 2928 1671 2966; x_wconf 80' lang='lat'>18)</span> <span class='ocrx_word' id='word_1_426' title='bbox 1698 2928 1817 2957; x_wconf 84' lang='lat' dir='ltr'>exinde</span> <span class='ocrx_word' id='word_1_427' title='bbox 1842 2932 1877 2957; x_wconf 81' lang='lat' dir='ltr'>ut</span> 
     </span>
     <span class='ocr_line' id='line_1_40' title="bbox 47 2983 1876 3025; baseline -0.003 -8"><span class='ocrx_word' id='word_1_428' title='bbox 47 2995 106 3017; x_wconf 87' lang='lat' dir='ltr'>scr.</span> <span class='ocrx_word' id='word_1_429' title='bbox 131 2988 212 3017; x_wconf 85' lang='lat' dir='ltr'>bene</span> <span class='ocrx_word' id='word_1_430' title='bbox 237 2987 307 3017; x_wconf 84' lang='lat' dir='ltr'>MR.</span> <span class='ocrx_word' id='word_1_431' title='bbox 347 2988 478 3017; x_wconf 85' lang='lat' dir='ltr'>exinde.</span> <span class='ocrx_word' id='word_1_432' title='bbox 505 2984 685 3025; x_wconf 68' lang='lat' dir='ltr'>Asscrc&#39;psc&#39;t]</span> <span class='ocrx_word' id='word_1_433' title='bbox 726 2986 815 3015; x_wconf 85' lang='lat' dir='ltr'>Bene</span> <span class='ocrx_word' id='word_1_434' title='bbox 840 2985 875 3015; x_wconf 81' lang='lat' dir='ltr'>fh</span> <span class='ocrx_word' id='word_1_435' title='bbox 905 2984 1007 3025; x_wconf 79' lang='lat' dir='ltr'>(infra</span> <span class='ocrx_word' id='word_1_436' title='bbox 1031 2985 1207 3023; x_wconf 76' lang='lat' dir='ltr'>ascripsit).</span> <span class='ocrx_word' id='word_1_437' title='bbox 1235 2985 1354 3014; x_wconf 79' lang='lat' dir='ltr'>exinde</span> <span class='ocrx_word' id='word_1_438' title='bbox 1378 2989 1424 3014; x_wconf 89' lang='lat' dir='ltr'>ut.</span> <span class='ocrx_word' id='word_1_439' title='bbox 1449 2985 1606 3022; x_wconf 72' lang='lat' dir='ltr'>Ascripsit</span> <span class='ocrx_word' id='word_1_440' title='bbox 1631 2983 1718 3013; x_wconf 83' lang='lat' dir='ltr'>Bene</span> <span class='ocrx_word' id='word_1_441' title='bbox 1743 2993 1771 3013; x_wconf 81' lang='lat' dir='ltr'>a.</span> <span class='ocrx_word' id='word_1_442' title='bbox 1808 2983 1876 3022; x_wconf 76' lang='lat' dir='ltr'>Ego</span> 
     </span>
     <span class='ocr_line' id='line_1_41' title="bbox 47 3040 1875 3082; baseline -0.002 -9"><span class='ocrx_word' id='word_1_443' title='bbox 47 3044 223 3082; x_wconf 86' lang='lat' dir='ltr'>interposui</span> <span class='ocrx_word' id='word_1_444' title='bbox 247 3044 426 3082; x_wconf 77' lang='lat' dir='ltr'>Adscripsit.</span> <span class='ocrx_word' id='word_1_445' title='bbox 453 3048 513 3073; x_wconf 78' lang='lat' dir='ltr'>tam</span> <span class='ocrx_word' id='word_1_446' title='bbox 538 3045 572 3073; x_wconf 90' lang='lat' dir='ltr'>in</span> <span class='ocrx_word' id='word_1_447' title='bbox 597 3044 660 3082; x_wconf 77' lang='lat' dir='ltr'>leg.</span> <span class='ocrx_word' id='word_1_448' title='bbox 686 3042 757 3072; x_wconf 88' lang='lat' dir='ltr'>MR.</span> <span class='ocrx_word' id='word_1_449' title='bbox 784 3042 852 3072; x_wconf 87' lang='lat' dir='ltr'>rell.</span> <span class='ocrx_word' id='word_1_450' title='bbox 880 3046 1020 3081; x_wconf 66' lang='lat' dir='ltr'>umquam</span> <span class='ocrx_word' id='word_1_451' title='bbox 1045 3052 1069 3071; x_wconf 87' lang='lat' dir='ltr'>s.</span> <span class='ocrx_word' id='word_1_452' title='bbox 1097 3046 1191 3080; x_wconf 84' lang='lat' dir='ltr'>tamq.</span> <span class='ocrx_word' id='word_1_453' title='bbox 1221 3045 1267 3070; x_wconf 83' lang='lat' dir='ltr'>est</span> <span class='ocrx_word' id='word_1_454' title='bbox 1294 3051 1353 3070; x_wconf 84' lang='lat' dir='ltr'>om.</span> <span class='ocrx_word' id='word_1_455' title='bbox 1380 3041 1451 3071; x_wconf 90' lang='lat' dir='ltr'>MR.</span> <span class='ocrx_word' id='word_1_456' title='bbox 1500 3041 1558 3079; x_wconf 77' lang='lat'>22)</span> <span class='ocrx_word' id='word_1_457' title='bbox 1587 3050 1694 3082; x_wconf 72' lang='grc' dir='ltr'>ιρωνια</span> <span class='ocrx_word' id='word_1_458' title='bbox 1711 3040 1785 3070; x_wconf 83' lang='lat' dir='ltr'>MG.</span> <span class='ocrx_word' id='word_1_459' title='bbox 1812 3041 1875 3070; x_wconf 86' lang='lat' dir='ltr'>iro—</span> 
     </span>
     <span class='ocr_line' id='line_1_42' title="bbox 48 3098 484 3143; baseline 0.002 -14"><span class='ocrx_word' id='word_1_460' title='bbox 48 3100 104 3129; x_wconf 81' lang='lat' dir='ltr'>nia</span> <span class='ocrx_word' id='word_1_461' title='bbox 137 3110 188 3131; x_wconf 84' lang='lat' dir='ltr'>va.</span> <span class='ocrx_word' id='word_1_462' title='bbox 224 3101 293 3130; x_wconf 86' lang='lat' dir='ltr'>rell.</span> <span class='ocrx_word' id='word_1_463' title='bbox 332 3098 484 3143; x_wconf 74' lang='grc' dir='ltr'>εἰρωνεία.</span> 
     </span>
    </p>
   </div>
   <div class='ocr_carea' id='block_1_6' title="bbox 180 3163 1601 3204">
    <p class='ocr_par' dir='ltr' id='par_1_11' title="bbox 180 3163 1601 3204">
     <span class='ocr_line' id='line_1_43' title="bbox 180 3163 1601 3204; baseline -0.003 -6"><span class='ocrx_word' id='word_1_464' title='bbox 180 3178 340 3204; x_wconf 74' lang='lat' dir='ltr'>HAUTHAL,</span> <span class='ocrx_word' id='word_1_465' title='bbox 357 3177 424 3199; x_wconf 72' lang='lat' dir='ltr'>Aen.</span> <span class='ocrx_word' id='word_1_466' title='bbox 440 3178 480 3198; x_wconf 81' lang='lat' dir='ltr'>ET</span> <span class='ocrx_word' id='word_1_467' title='bbox 496 3177 609 3199; x_wconf 76' lang='lat' dir='ltr'>Ponru.</span> <span class='ocrx_word' id='word_1_468' title='bbox 626 3177 655 3197; x_wconf 92' lang='lat'>11.</span> <span class='ocrx_word' id='word_1_469' title='bbox 1569 3163 1601 3187; x_wconf 76' lang='lat'>32</span> 
     </span>
    </p>
   </div>
   <div class='ocr_carea' id='block_1_7' title="bbox 1909 889 1945 920">
    <p class='ocr_par' dir='ltr' id='par_1_12' title="bbox 1909 889 1945 920">
     <span class='ocr_line' id='line_1_44' title="bbox 1909 889 1945 920; baseline 0.028 -1"><span class='ocrx_word' id='word_1_470' title='bbox 1909 889 1945 920; x_wconf 81' lang='lat'>10</span> 
     </span>
    </p>
   </div>
   <div class='ocr_carea' id='block_1_8' title="bbox 1904 1257 1943 1287">
    <p class='ocr_par' dir='ltr' id='par_1_13' title="bbox 1904 1257 1943 1287">
     <span class='ocr_line' id='line_1_45' title="bbox 1904 1257 1943 1287; baseline 0 0"><span class='ocrx_word' id='word_1_471' title='bbox 1904 1257 1943 1287; x_wconf 82' lang='grc'>15</span> 
     </span>
    </p>
   </div>
  </div>
 </body>
</html>
