<?xml version="1.0" encoding="UTF-8"?>
<!DOCTYPE html PUBLIC "-//W3C//DTD XHTML 1.0 Transitional//EN"
    "http://www.w3.org/TR/xhtml1/DTD/xhtml1-transitional.dtd">
<html xmlns="http://www.w3.org/1999/xhtml" xml:lang="en" lang="en">
 <head>
  <title>
</title>
<meta http-equiv="Content-Type" content="text/html;charset=utf-8" />
  <meta name='ocr-system' content='tesseract 3.04.00' />
  <meta name='ocr-capabilities' content='ocr_page ocr_carea ocr_par ocr_line ocrx_word'/>
</head>
<body>
  <div class='ocr_page' id='page_1' title='image "acronisetporphyr02pseuuoft_0404.png"; bbox 0 0 2148 3412; ppageno 0'>
   <div class='ocr_carea' id='block_1_1' title="bbox 143 574 161 604">
    <p class='ocr_par' dir='ltr' id='par_1_1' title="bbox 143 574 161 604">
     <span class='ocr_line' id='line_1_1' title="bbox 143 574 161 604; textangle 90"><span class='ocrx_word' id='word_1_1' title='bbox 143 574 161 604; x_wconf 63' lang='grc' dir='ltr'>ΕΠ</span> 
     </span>
    </p>
   </div>
   <div class='ocr_carea' id='block_1_2' title="bbox 148 944 187 975">
    <p class='ocr_par' dir='ltr' id='par_1_2' title="bbox 148 944 187 975">
     <span class='ocr_line' id='line_1_2' title="bbox 148 944 187 975; baseline 0 0"><span class='ocrx_word' id='word_1_2' title='bbox 148 944 187 975; x_wconf 90' lang='grc'>10</span> 
     </span>
    </p>
   </div>
   <div class='ocr_carea' id='block_1_3' title="bbox 149 1314 188 1345">
    <p class='ocr_par' dir='ltr' id='par_1_3' title="bbox 149 1314 188 1345">
     <span class='ocr_line' id='line_1_3' title="bbox 149 1314 188 1345; baseline -0.051 0"><span class='ocrx_word' id='word_1_3' title='bbox 149 1314 188 1345; x_wconf 87' lang='grc'>15</span> 
     </span>
    </p>
   </div>
   <div class='ocr_carea' id='block_1_4' title="bbox 209 136 1398 178">
    <p class='ocr_par' dir='ltr' id='par_1_4' title="bbox 209 136 1398 178">
     <span class='ocr_line' id='line_1_4' title="bbox 209 136 1398 178; baseline 0 -2"><span class='ocrx_word' id='word_1_4' title='bbox 209 136 290 177; x_wconf 84' lang='grc'>396</span> <span class='ocrx_word' id='word_1_5' title='bbox 840 145 945 178; x_wconf 77' lang='lat' dir='ltr'>ACR.</span> <span class='ocrx_word' id='word_1_6' title='bbox 970 144 1030 176; x_wconf 84' lang='lat' dir='ltr'>ET</span> <span class='ocrx_word' id='word_1_7' title='bbox 1056 143 1223 177; x_wconf 80' lang='lat' dir='ltr'>PORPH.</span> <span class='ocrx_word' id='word_1_8' title='bbox 1250 144 1398 177; x_wconf 85' lang='lat' dir='ltr'>COMM.</span> 
     </span>
    </p>
   </div>
   <div class='ocr_carea' id='block_1_5' title="bbox 214 267 2044 1208">
    <p class='ocr_par' dir='ltr' id='par_1_5' title="bbox 324 267 1210 324">
     <span class='ocr_line' id='line_1_5' title="bbox 324 267 1210 324; baseline -0.001 -15"><span class='ocrx_word' id='word_1_9' title='bbox 324 271 388 310; x_wconf 87' lang='grc'>14.</span> <span class='ocrx_word' id='word_1_10' title='bbox 416 276 558 324; x_wconf 82' lang='lat' dir='ltr'>potare</span> <span class='ocrx_word' id='word_1_11' title='bbox 588 276 622 310; x_wconf 81' lang='lat' dir='ltr'>et</span> <span class='ocrx_word' id='word_1_12' title='bbox 651 283 708 323; x_wconf 82' lang='lat' dir='ltr'>sp.</span> <span class='ocrx_word' id='word_1_13' title='bbox 737 269 778 324; x_wconf 79' lang='lat' dir='ltr'>sl.</span> <span class='ocrx_word' id='word_1_14' title='bbox 840 267 982 309; x_wconf 77' lang='lat' dir='ltr'>Causa</span> <span class='ocrx_word' id='word_1_15' title='bbox 1013 267 1210 309; x_wconf 81' lang='lat' dir='ltr'>laetitiae.</span> 
     </span>
    </p>

    <p class='ocr_par' dir='ltr' id='par_1_6' title="bbox 324 340 1887 397">
     <span class='ocr_line' id='line_1_6' title="bbox 324 340 1887 397; baseline -0.001 -15"><span class='ocrx_word' id='word_1_16' title='bbox 324 343 387 384; x_wconf 85' lang='lat'>15.</span> <span class='ocrx_word' id='word_1_17' title='bbox 419 342 682 384; x_wconf 62' lang='lat' dir='ltr'>mons-ultus.</span> <span class='ocrx_word' id='word_1_18' title='bbox 744 340 917 383; x_wconf 80' lang='lat' dir='ltr'><strong>Stultus.</strong></span> <span class='ocrx_word' id='word_1_19' title='bbox 951 340 1154 397; x_wconf 82' lang='lat' dir='ltr'>(Subicit,</span> <span class='ocrx_word' id='word_1_20' title='bbox 1187 355 1261 382; x_wconf 90' lang='lat' dir='ltr'>cur</span> <span class='ocrx_word' id='word_1_21' title='bbox 1290 341 1391 381; x_wconf 86' lang='lat' dir='ltr'>uelit</span> <span class='ocrx_word' id='word_1_22' title='bbox 1421 341 1680 383; x_wconf 87' lang='lat' dir='ltr'>inconsultus</span> <span class='ocrx_word' id='word_1_23' title='bbox 1711 340 1887 392; x_wconf 78' lang='lat' dir='ltr'>haberi.)</span> 
     </span>
    </p>

    <p class='ocr_par' dir='ltr' id='par_1_7' title="bbox 324 412 1641 470">
     <span class='ocr_line' id='line_1_7' title="bbox 324 412 1641 470; baseline -0.002 -14"><span class='ocrx_word' id='word_1_24' title='bbox 324 416 389 457; x_wconf 83' lang='lat'>16.</span> <span class='ocrx_word' id='word_1_25' title='bbox 422 416 627 470; x_wconf 71' lang='lat' dir='ltr'>dissiynat.</span> <span class='ocrx_word' id='word_1_26' title='bbox 687 414 855 470; x_wconf 83' lang='lat' dir='ltr'><strong>Aperit,</strong></span> <span class='ocrx_word' id='word_1_27' title='bbox 887 415 954 456; x_wconf 90' lang='lat' dir='ltr'>uel</span> <span class='ocrx_word' id='word_1_28' title='bbox 985 414 1214 457; x_wconf 87' lang='lat' dir='ltr'>confundit.</span> <span class='ocrx_word' id='word_1_29' title='bbox 1275 422 1423 470; x_wconf 75' lang='lat' dir='ltr'>operta.</span> <span class='ocrx_word' id='word_1_30' title='bbox 1457 412 1641 456; x_wconf 84' lang='lat' dir='ltr'>Secreta.</span> 
     </span>
    </p>

    <p class='ocr_par' dir='ltr' id='par_1_8' title="bbox 322 487 706 544">
     <span class='ocr_line' id='line_1_8' title="bbox 322 487 706 544; baseline -0.005 -13"><span class='ocrx_word' id='word_1_31' title='bbox 322 489 506 531; x_wconf 75' lang='lat' dir='ltr'><em>recludit.</em></span> <span class='ocrx_word' id='word_1_32' title='bbox 538 487 706 544; x_wconf 85' lang='lat' dir='ltr'>Aperit.</span> 
     </span>
    </p>

    <p class='ocr_par' dir='ltr' id='par_1_9' title="bbox 326 561 757 604">
     <span class='ocr_line' id='line_1_9' title="bbox 326 561 757 604; baseline -0.005 0"><span class='ocrx_word' id='word_1_33' title='bbox 326 564 391 604; x_wconf 86' lang='lat'>17.</span> <span class='ocrx_word' id='word_1_34' title='bbox 423 570 542 604; x_wconf 82' lang='lat' dir='ltr'>ratas.</span> <span class='ocrx_word' id='word_1_35' title='bbox 576 561 757 603; x_wconf 86' lang='lat' dir='ltr'>Firmas.</span> 
     </span>
    </p>

    <p class='ocr_par' dir='ltr' id='par_1_10' title="bbox 324 633 792 679">
     <span class='ocr_line' id='line_1_10' title="bbox 324 633 792 679; baseline -0.009 0"><span class='ocrx_word' id='word_1_36' title='bbox 324 637 389 679; x_wconf 78' lang='lat'>18.</span> <span class='ocrx_word' id='word_1_37' title='bbox 421 651 535 679; x_wconf 62' lang='lat' dir='ltr'>onus:</span> <span class='ocrx_word' id='word_1_38' title='bbox 569 633 792 677; x_wconf 84' lang='lat' dir='ltr'>Curarum.</span> 
     </span>
    </p>

    <p class='ocr_par' dir='ltr' id='par_1_11' title="bbox 215 706 2042 842">
     <span class='ocr_line' id='line_1_11' title="bbox 327 706 2042 764; baseline -0.002 -13"><span class='ocrx_word' id='word_1_39' title='bbox 327 711 393 751; x_wconf 84' lang='lat'>19.</span> <span class='ocrx_word' id='word_1_40' title='bbox 426 709 605 751; x_wconf 76' lang='lat' dir='ltr'>Fecundi</span> <span class='ocrx_word' id='word_1_41' title='bbox 623 709 768 750; x_wconf 77' lang='lat' dir='ltr'><em>calices</em></span> <span class='ocrx_word' id='word_1_42' title='bbox 789 723 822 764; x_wconf 84' lang='lat' dir='ltr'>q.</span> <span class='ocrx_word' id='word_1_43' title='bbox 844 723 884 749; x_wconf 71' lang='lat' dir='ltr'>n.</span> <span class='ocrx_word' id='word_1_44' title='bbox 904 710 933 762; x_wconf 83' lang='lat' dir='ltr'>s&#39;.</span> <span class='ocrx_word' id='word_1_45' title='bbox 956 708 1174 749; x_wconf 74' lang='lat' dir='ltr'>disertum?</span> <span class='ocrx_word' id='word_1_46' title='bbox 1215 706 1368 758; x_wconf 89' lang='lat' dir='ltr'>Docet,</span> <span class='ocrx_word' id='word_1_47' title='bbox 1389 707 1542 749; x_wconf 84' lang='lat' dir='ltr'>fastose</span> <span class='ocrx_word' id='word_1_48' title='bbox 1566 706 1718 764; x_wconf 87' lang='lat' dir='ltr'>[fatue]</span> <span class='ocrx_word' id='word_1_49' title='bbox 1741 707 1858 762; x_wconf 91' lang='lat' dir='ltr'>loqui</span> <span class='ocrx_word' id='word_1_50' title='bbox 1878 706 2042 749; x_wconf 85' lang='lat' dir='ltr'>ebrium</span> 
     </span>
     <span class='ocr_line' id='line_1_12' title="bbox 215 780 1349 842; baseline -0.004 -17"><span class='ocrx_word' id='word_1_51' title='bbox 215 784 306 842; x_wconf 78' lang='lat' dir='ltr'>[et],</span> <span class='ocrx_word' id='word_1_52' title='bbox 337 783 436 825; x_wconf 92' lang='lat' dir='ltr'>uino</span> <span class='ocrx_word' id='word_1_53' title='bbox 467 782 758 824; x_wconf 84' lang='lat' dir='ltr'>exhilaratum.</span> <span class='ocrx_word' id='word_1_54' title='bbox 819 782 1026 823; x_wconf 80' lang='lat' dir='ltr'>disertum.</span> <span class='ocrx_word' id='word_1_55' title='bbox 1057 780 1349 835; x_wconf 85' lang='lat' dir='ltr'>Eloquentem.</span> 
     </span>
    </p>

    <p class='ocr_par' dir='ltr' id='par_1_12' title="bbox 324 853 2042 911">
     <span class='ocr_line' id='line_1_13' title="bbox 324 853 2042 911; baseline -0.002 -12"><span class='ocrx_word' id='word_1_56' title='bbox 324 858 390 899; x_wconf 88' lang='lat'>20.</span> <span class='ocrx_word' id='word_1_57' title='bbox 428 859 656 899; x_wconf 76' lang='lat' dir='ltr'>Contracta.</span> <span class='ocrx_word' id='word_1_58' title='bbox 685 854 896 911; x_wconf 81' lang='lat' dir='ltr'>Angusta.</span> <span class='ocrx_word' id='word_1_59' title='bbox 956 868 1081 911; x_wconf 81' lang='lat' dir='ltr'>quem.</span> <span class='ocrx_word' id='word_1_60' title='bbox 1112 853 1354 896; x_wconf 82' lang='lat' dir='ltr'>Hominem.</span> <span class='ocrx_word' id='word_1_61' title='bbox 1415 855 1603 896; x_wconf 79' lang='lat' dir='ltr'>solutum.</span> <span class='ocrx_word' id='word_1_62' title='bbox 1641 853 1814 896; x_wconf 76' lang='lat' dir='ltr'>Scilicet</span> <span class='ocrx_word' id='word_1_63' title='bbox 1842 854 2042 896; x_wconf 88' lang='lat' dir='ltr'>fecerunt.</span> 
     </span>
    </p>

    <p class='ocr_par' dir='ltr' id='par_1_13' title="bbox 326 914 1800 985">
     <span class='ocr_line' id='line_1_14' title="bbox 326 914 1800 985; baseline -0.003 -12"><span class='ocrx_word' id='word_1_64' title='bbox 326 933 392 973; x_wconf 91' lang='lat'>21.</span> <span class='ocrx_word' id='word_1_65' title='bbox 426 932 538 973; x_wconf 81' lang='lat' dir='ltr'>Haec</span> <span class='ocrx_word' id='word_1_66' title='bbox 571 945 652 985; x_wconf 68' lang='lat' dir='ltr'>eqo.</span> <span class='ocrx_word' id='word_1_67' title='bbox 713 927 885 971; x_wconf 76' lang='lat' dir='ltr'>Scilicet</span> <span class='ocrx_word' id='word_1_68' title='bbox 917 942 1024 984; x_wconf 82' lang='lat' dir='ltr'>quae</span> <span class='ocrx_word' id='word_1_69' title='bbox 1055 928 1109 969; x_wconf 85' lang='lat' dir='ltr'>ad</span> <span class='ocrx_word' id='word_1_70' title='bbox 1141 928 1381 970; x_wconf 89' lang='lat' dir='ltr'>conuiuium</span> <span class='ocrx_word' id='word_1_71' title='bbox 1413 928 1636 984; x_wconf 78' lang='lat' dir='ltr'>pertinent.</span> <span class='ocrx_word' id='word_1_72' title='bbox 1798 914 1800 916; x_wconf 21' lang='grc' dir='ltr'>Ι</span> 
     </span>
    </p>

    <p class='ocr_par' dir='ltr' id='par_1_14' title="bbox 214 1001 2044 1135">
     <span class='ocr_line' id='line_1_15' title="bbox 325 1001 2044 1061; baseline -0.001 -14"><span class='ocrx_word' id='word_1_73' title='bbox 325 1007 514 1061; x_wconf 75' lang='lat' dir='ltr'>imperor.</span> <span class='ocrx_word' id='word_1_74' title='bbox 573 1003 659 1045; x_wconf 87' lang='lat' dir='ltr'>Pro</span> <span class='ocrx_word' id='word_1_75' title='bbox 690 1004 854 1058; x_wconf 73' lang='lat' dir='ltr'>impero.</span> <span class='ocrx_word' id='word_1_76' title='bbox 913 1001 1059 1043; x_wconf 88' lang='lat' dir='ltr'>Finxit</span> <span class='ocrx_word' id='word_1_77' title='bbox 1079 1017 1131 1044; x_wconf 87' lang='lat' dir='ltr'>ex</span> <span class='ocrx_word' id='word_1_78' title='bbox 1153 1001 1320 1044; x_wconf 84' lang='lat' dir='ltr'>Graeco</span> <span class='ocrx_word' id='word_1_79' title='bbox 1342 1002 1582 1057; x_wconf 72' lang='grc' dir='ltr'>κελεύομαι,</span> <span class='ocrx_word' id='word_1_80' title='bbox 1612 1002 1731 1044; x_wconf 84' lang='lat' dir='ltr'>utin</span> <span class='ocrx_word' id='word_1_81' title='bbox 1751 1003 1858 1044; x_wconf 85' lang='lat' dir='ltr'>Arte</span> <span class='ocrx_word' id='word_1_82' title='bbox 1878 1002 2044 1058; x_wconf 88' lang='lat' dir='ltr'>poetica</span> 
     </span>
     <span class='ocr_line' id='line_1_16' title="bbox 214 1075 1630 1135; baseline -0.002 -14"><span class='ocrx_word' id='word_1_83' title='bbox 214 1080 272 1135; x_wconf 90' lang='lat' dir='ltr'>(u.</span> <span class='ocrx_word' id='word_1_84' title='bbox 305 1080 398 1134; x_wconf 80' lang='lat'>56):</span> <span class='ocrx_word' id='word_1_85' title='bbox 431 1079 630 1127; x_wconf 74' lang='lat' dir='ltr'>z&#39;nuz‘deor,</span> <span class='ocrx_word' id='word_1_86' title='bbox 663 1075 916 1131; x_wconf 70' lang='grc' dir='ltr'>φθονούμαιε</span> <span class='ocrx_word' id='word_1_87' title='bbox 950 1090 1027 1131; x_wconf 85' lang='lat' dir='ltr'>per</span> <span class='ocrx_word' id='word_1_88' title='bbox 1055 1075 1262 1117; x_wconf 79' lang='lat' dir='ltr'>inuidiam</span> <span class='ocrx_word' id='word_1_89' title='bbox 1292 1091 1359 1118; x_wconf 91' lang='lat' dir='ltr'>me</span> <span class='ocrx_word' id='word_1_90' title='bbox 1391 1076 1630 1118; x_wconf 78' lang='lat' dir='ltr'>insectatur.</span> 
     </span>
    </p>

    <p class='ocr_par' dir='ltr' id='par_1_15' title="bbox 326 1148 1924 1208">
     <span class='ocr_line' id='line_1_17' title="bbox 326 1148 1924 1208; baseline -0.001 -14"><span class='ocrx_word' id='word_1_91' title='bbox 326 1154 392 1194; x_wconf 91' lang='lat'>21.</span> <span class='ocrx_word' id='word_1_92' title='bbox 425 1153 491 1193; x_wconf 90' lang='lat'>22.</span> <span class='ocrx_word' id='word_1_93' title='bbox 522 1166 603 1193; x_wconf 75' lang='lat' dir='ltr'>non</span> <span class='ocrx_word' id='word_1_94' title='bbox 634 1150 810 1192; x_wconf 65' lang='lat' dir='ltr'>Inuitus.</span> <span class='ocrx_word' id='word_1_95' title='bbox 871 1148 996 1205; x_wconf 81' lang='lat' dir='ltr'>(Sed)</span> <span class='ocrx_word' id='word_1_96' title='bbox 1027 1150 1304 1192; x_wconf 86' lang='lat' dir='ltr'>uoluntarius.</span> <span class='ocrx_word' id='word_1_97' title='bbox 1366 1151 1479 1192; x_wconf 85' lang='lat' dir='ltr'>toral.</span> <span class='ocrx_word' id='word_1_98' title='bbox 1510 1150 1700 1208; x_wconf 81' lang='lat' dir='ltr'>Mappae</span> <span class='ocrx_word' id='word_1_99' title='bbox 1731 1151 1924 1193; x_wconf 85' lang='lat' dir='ltr'>maiores.</span> 
     </span>
    </p>
   </div>
   <div class='ocr_carea' id='block_1_6' title="bbox 327 1218 2105 1280">
    <p class='ocr_par' dir='ltr' id='par_1_16' title="bbox 327 1218 2105 1280">
     <span class='ocr_line' id='line_1_18' title="bbox 327 1218 2105 1280; baseline -0.001 -13"><span class='ocrx_word' id='word_1_100' title='bbox 327 1227 392 1267; x_wconf 83' lang='lat'>23.</span> <span class='ocrx_word' id='word_1_101' title='bbox 430 1226 630 1280; x_wconf 71' lang='lat' dir='ltr'>Conruqet</span> <span class='ocrx_word' id='word_1_102' title='bbox 649 1239 781 1266; x_wconf 72' lang='lat' dir='ltr'>nares.</span> <span class='ocrx_word' id='word_1_103' title='bbox 843 1223 895 1264; x_wconf 88' lang='lat' dir='ltr'>Id</span> <span class='ocrx_word' id='word_1_104' title='bbox 916 1231 989 1272; x_wconf 90' lang='lat' dir='ltr'>est,</span> <span class='ocrx_word' id='word_1_105' title='bbox 1020 1224 1178 1266; x_wconf 87' lang='lat' dir='ltr'>foetore</span> <span class='ocrx_word' id='word_1_106' title='bbox 1200 1225 1431 1275; x_wconf 84' lang='lat' dir='ltr'>contrahat,</span> <span class='ocrx_word' id='word_1_107' title='bbox 1462 1231 1627 1266; x_wconf 84' lang='lat' dir='ltr'>moueat</span> <span class='ocrx_word' id='word_1_108' title='bbox 1648 1224 1875 1266; x_wconf 85' lang='lat' dir='ltr'>fastidium.</span> <span class='ocrx_word' id='word_1_109' title='bbox 1934 1223 2044 1266; x_wconf 85' lang='lat' dir='ltr'>Nam</span> <span class='ocrx_word' id='word_1_110' title='bbox 2100 1218 2105 1256; x_wconf 63' lang='grc' dir='ltr'>ἶ</span> 
     </span>
    </p>
   </div>
   <div class='ocr_carea' id='block_1_7' title="bbox 213 1297 2042 1503">
    <p class='ocr_par' dir='ltr' id='par_1_17' title="bbox 213 1297 2042 1503">
     <span class='ocr_line' id='line_1_19' title="bbox 215 1297 1747 1355; baseline -0.001 -14"><span class='ocrx_word' id='word_1_111' title='bbox 215 1299 379 1355; x_wconf 89' lang='lat' dir='ltr'>quoties</span> <span class='ocrx_word' id='word_1_112' title='bbox 408 1299 550 1340; x_wconf 88' lang='lat' dir='ltr'>horret</span> <span class='ocrx_word' id='word_1_113' title='bbox 583 1298 733 1353; x_wconf 72' lang='lat' dir='ltr'>(oletP)</span> <span class='ocrx_word' id='word_1_114' title='bbox 765 1297 938 1352; x_wconf 80' lang='lat' dir='ltr'>aliquid,</span> <span class='ocrx_word' id='word_1_115' title='bbox 970 1313 1091 1339; x_wconf 81' lang='lat' dir='ltr'>nares</span> <span class='ocrx_word' id='word_1_116' title='bbox 1123 1304 1361 1340; x_wconf 85' lang='lat' dir='ltr'>contractae</span> <span class='ocrx_word' id='word_1_117' title='bbox 1392 1314 1543 1354; x_wconf 75' lang='lat' dir='ltr'>rugam</span> <span class='ocrx_word' id='word_1_118' title='bbox 1574 1298 1747 1340; x_wconf 83' lang='lat' dir='ltr'>faciunt.</span> 
     </span>
     <span class='ocr_line' id='line_1_20' title="bbox 326 1371 2042 1428; baseline -0.001 -13"><span class='ocrx_word' id='word_1_119' title='bbox 326 1374 558 1415; x_wconf 76' lang='lat' dir='ltr'>cantharus.</span> <span class='ocrx_word' id='word_1_120' title='bbox 620 1372 856 1428; x_wconf 81' lang='lat' dir='ltr'>Significat,</span> <span class='ocrx_word' id='word_1_121' title='bbox 888 1387 932 1413; x_wconf 88' lang='lat' dir='ltr'>se</span> <span class='ocrx_word' id='word_1_122' title='bbox 962 1371 1118 1413; x_wconf 84' lang='lat' dir='ltr'>habere</span> <span class='ocrx_word' id='word_1_123' title='bbox 1148 1387 1250 1413; x_wconf 83' lang='lat' dir='ltr'>uasa</span> <span class='ocrx_word' id='word_1_124' title='bbox 1280 1379 1482 1427; x_wconf 82' lang='lat' dir='ltr'>argentea</span> <span class='ocrx_word' id='word_1_125' title='bbox 1512 1378 1552 1413; x_wconf 89' lang='lat' dir='ltr'>et</span> <span class='ocrx_word' id='word_1_126' title='bbox 1582 1371 1745 1414; x_wconf 83' lang='lat' dir='ltr'>discum</span> <span class='ocrx_word' id='word_1_127' title='bbox 1781 1378 2042 1428; x_wconf 83' lang='lat' dir='ltr'>argenteum,</span> 
     </span>
     <span class='ocr_line' id='line_1_21' title="bbox 213 1445 1504 1503; baseline -0.002 -14"><span class='ocrx_word' id='word_1_128' title='bbox 213 1447 286 1489; x_wconf 89' lang='lat' dir='ltr'>ubi</span> <span class='ocrx_word' id='word_1_129' title='bbox 317 1447 548 1503; x_wconf 82' lang='lat' dir='ltr'>imaginem</span> <span class='ocrx_word' id='word_1_130' title='bbox 579 1462 697 1489; x_wconf 85' lang='lat' dir='ltr'>suam</span> <span class='ocrx_word' id='word_1_131' title='bbox 728 1446 849 1502; x_wconf 84' lang='lat' dir='ltr'>quasi</span> <span class='ocrx_word' id='word_1_132' title='bbox 880 1446 924 1487; x_wconf 91' lang='lat' dir='ltr'>in</span> <span class='ocrx_word' id='word_1_133' title='bbox 955 1446 1126 1501; x_wconf 87' lang='lat' dir='ltr'>speculo</span> <span class='ocrx_word' id='word_1_134' title='bbox 1158 1459 1329 1487; x_wconf 87' lang='lat' dir='ltr'>cernere</span> <span class='ocrx_word' id='word_1_135' title='bbox 1360 1445 1504 1500; x_wconf 79' lang='lat' dir='ltr'>possit.</span> 
     </span>
    </p>
   </div>
   <div class='ocr_carea' id='block_1_8' title="bbox 205 1566 2047 3194">
    <p class='ocr_par' dir='ltr' id='par_1_18' title="bbox 205 1566 2047 3194">
     <span class='ocr_line' id='line_1_22' title="bbox 332 1566 2046 1610; baseline -0.001 -12"><span class='ocrx_word' id='word_1_136' title='bbox 332 1568 364 1608; x_wconf 92' lang='lat'>1)</span> <span class='ocrx_word' id='word_1_137' title='bbox 389 1568 494 1599; x_wconf 76' lang='lat' dir='ltr'>Causa</span> <span class='ocrx_word' id='word_1_138' title='bbox 519 1569 645 1598; x_wconf 85' lang='lat' dir='ltr'>letitiae</span> <span class='ocrx_word' id='word_1_139' title='bbox 668 1570 707 1610; x_wconf 75' lang='grc' dir='ltr'>γῐ)</span> <span class='ocrx_word' id='word_1_140' title='bbox 732 1568 922 1608; x_wconf 81' lang='lat' dir='ltr'>(laeticiae).</span> <span class='ocrx_word' id='word_1_141' title='bbox 972 1569 1007 1607; x_wconf 83' lang='lat'>2)</span> <span class='ocrx_word' id='word_1_142' title='bbox 1033 1567 1157 1597; x_wconf 82' lang='lat' dir='ltr'>Stultus</span> <span class='ocrx_word' id='word_1_143' title='bbox 1180 1577 1197 1608; x_wconf 84' lang='grc' dir='ltr'><strong>γ</strong></span> <span class='ocrx_word' id='word_1_144' title='bbox 1217 1571 1247 1597; x_wconf 83' lang='lat' dir='ltr'>et</span> <span class='ocrx_word' id='word_1_145' title='bbox 1273 1568 1300 1603; x_wconf 82' lang='lat' dir='ltr'>b,</span> <span class='ocrx_word' id='word_1_146' title='bbox 1326 1567 1382 1605; x_wconf 84' lang='lat' dir='ltr'>qui</span> <span class='ocrx_word' id='word_1_147' title='bbox 1407 1567 1551 1597; x_wconf 81' lang='lat' dir='ltr'>addidit:</span> <span class='ocrx_word' id='word_1_148' title='bbox 1577 1566 1669 1596; x_wconf 70' lang='lat' dir='ltr'>subiE</span> <span class='ocrx_word' id='word_1_149' title='bbox 1688 1584 1725 1588; x_wconf 69' lang='lat'>-</span> <span class='ocrx_word' id='word_1_150' title='bbox 1741 1568 1864 1597; x_wconf 87' lang='lat' dir='ltr'>haberi.</span> <span class='ocrx_word' id='word_1_151' title='bbox 1915 1567 1949 1606; x_wconf 88' lang='lat'>3)</span> <span class='ocrx_word' id='word_1_152' title='bbox 1974 1566 2046 1597; x_wconf 79' lang='lat' dir='ltr'>Dis-</span> 
     </span>
     <span class='ocr_line' id='line_1_23' title="bbox 214 1622 2045 1668; baseline -0.002 -12"><span class='ocrx_word' id='word_1_153' title='bbox 214 1627 324 1665; x_wconf 80' lang='lat' dir='ltr'>signat</span> <span class='ocrx_word' id='word_1_154' title='bbox 348 1627 398 1668; x_wconf 86' lang='grc' dir='ltr'><strong>γ1),</strong></span> <span class='ocrx_word' id='word_1_155' title='bbox 424 1629 458 1656; x_wconf 89' lang='lat' dir='ltr'>ut</span> <span class='ocrx_word' id='word_1_156' title='bbox 482 1625 564 1668; x_wconf 80' lang='grc' dir='ltr'>ΑΒφ</span> <span class='ocrx_word' id='word_1_157' title='bbox 589 1624 621 1663; x_wconf 88' lang='grc'>(1</span> <span class='ocrx_word' id='word_1_158' title='bbox 650 1635 691 1655; x_wconf 86' lang='lat' dir='ltr'>m.</span> <span class='ocrx_word' id='word_1_159' title='bbox 718 1629 796 1654; x_wconf 84' lang='lat' dir='ltr'>mut.</span> <span class='ocrx_word' id='word_1_160' title='bbox 822 1634 837 1654; x_wconf 85' lang='lat' dir='ltr'>e</span> <span class='ocrx_word' id='word_1_161' title='bbox 862 1625 894 1654; x_wconf 90' lang='lat' dir='ltr'>in</span> <span class='ocrx_word' id='word_1_162' title='bbox 919 1624 943 1663; x_wconf 79' lang='lat' dir='ltr'>i)</span> <span class='ocrx_word' id='word_1_163' title='bbox 973 1625 1082 1654; x_wconf 78' lang='lat' dir='ltr'><strong>EHJP</strong></span> <span class='ocrx_word' id='word_1_164' title='bbox 1107 1623 1153 1653; x_wconf 86' lang='lat' dir='ltr'>St.</span> <span class='ocrx_word' id='word_1_165' title='bbox 1181 1623 1288 1653; x_wconf 86' lang='lat' dir='ltr'>Germ.</span> <span class='ocrx_word' id='word_1_166' title='bbox 1315 1623 1434 1653; x_wconf 86' lang='lat' dir='ltr'>Bernn.</span> <span class='ocrx_word' id='word_1_167' title='bbox 1461 1622 1519 1653; x_wconf 88' lang='lat' dir='ltr'>AC</span> <span class='ocrx_word' id='word_1_168' title='bbox 1544 1623 1640 1653; x_wconf 84' lang='lat' dir='ltr'>Fran.</span> <span class='ocrx_word' id='word_1_169' title='bbox 1665 1623 1777 1662; x_wconf 88' lang='lat' dir='ltr'>Regin.</span> <span class='ocrx_word' id='word_1_170' title='bbox 1805 1624 1839 1662; x_wconf 88' lang='lat'>(1</span> <span class='ocrx_word' id='word_1_171' title='bbox 1858 1624 1916 1662; x_wconf 87' lang='lat' dir='ltr'>m.)</span> <span class='ocrx_word' id='word_1_172' title='bbox 1942 1624 2045 1661; x_wconf 85' lang='lat' dir='ltr'>Harl.,</span> 
     </span>
     <span class='ocr_line' id='line_1_24' title="bbox 215 1680 2045 1725; baseline -0.001 -13"><span class='ocrx_word' id='word_1_173' title='bbox 215 1684 279 1722; x_wconf 86' lang='lat' dir='ltr'>qui,</span> <span class='ocrx_word' id='word_1_174' title='bbox 306 1687 342 1712; x_wconf 84' lang='lat' dir='ltr'>ut</span> <span class='ocrx_word' id='word_1_175' title='bbox 365 1683 427 1725; x_wconf 75' lang='grc' dir='ltr'>Βφ,</span> <span class='ocrx_word' id='word_1_176' title='bbox 454 1683 487 1712; x_wconf 84' lang='lat' dir='ltr'>in</span> <span class='ocrx_word' id='word_1_177' title='bbox 513 1691 614 1720; x_wconf 79' lang='lat' dir='ltr'>marg.</span> <span class='ocrx_word' id='word_1_178' title='bbox 639 1682 754 1712; x_wconf 86' lang='lat' dir='ltr'>habet:</span> <span class='ocrx_word' id='word_1_179' title='bbox 793 1680 1037 1711; x_wconf 69' lang='lat' dir='ltr'>DISSIGNAT.</span> <span class='ocrx_word' id='word_1_180' title='bbox 1075 1681 1189 1719; x_wconf 82' lang='lat' dir='ltr'>Aperit</span> <span class='ocrx_word' id='word_1_181' title='bbox 1213 1681 1263 1709; x_wconf 86' lang='lat' dir='ltr'>uel</span> <span class='ocrx_word' id='word_1_182' title='bbox 1289 1680 1372 1710; x_wconf 85' lang='lat' dir='ltr'>conf.</span> <span class='ocrx_word' id='word_1_183' title='bbox 1398 1682 1446 1722; x_wconf 72' lang='grc' dir='ltr'>γὶ).</span> <span class='ocrx_word' id='word_1_184' title='bbox 1485 1681 1590 1719; x_wconf 79' lang='lat' dir='ltr'>aperit</span> <span class='ocrx_word' id='word_1_185' title='bbox 1627 1680 1689 1723; x_wconf 77' lang='grc' dir='ltr'>Βφ.</span> <span class='ocrx_word' id='word_1_186' title='bbox 1726 1680 1861 1720; x_wconf 72' lang='lat' dir='ltr'>clesiynat</span> <span class='ocrx_word' id='word_1_187' title='bbox 1895 1681 1973 1711; x_wconf 82' lang='lat' dir='ltr'>facit</span> <span class='ocrx_word' id='word_1_188' title='bbox 2009 1680 2045 1711; x_wconf 93' lang='lat' dir='ltr'>C.</span> 
     </span>
     <span class='ocr_line' id='line_1_25' title="bbox 216 1726 2046 1782; baseline -0.001 -13"><span class='ocrx_word' id='word_1_189' title='bbox 216 1740 368 1769; x_wconf 82' lang='lat' dir='ltr'>describit</span> <span class='ocrx_word' id='word_1_190' title='bbox 394 1740 550 1769; x_wconf 87' lang='lat' dir='ltr'>uirtutem</span> <span class='ocrx_word' id='word_1_191' title='bbox 575 1740 645 1769; x_wconf 90' lang='lat' dir='ltr'>uini</span> <span class='ocrx_word' id='word_1_192' title='bbox 671 1748 693 1782; x_wconf 80' lang='grc' dir='ltr'>φ</span> <span class='ocrx_word' id='word_1_193' title='bbox 718 1740 752 1769; x_wconf 91' lang='lat' dir='ltr'>in</span> <span class='ocrx_word' id='word_1_194' title='bbox 777 1748 879 1777; x_wconf 80' lang='lat' dir='ltr'>marg.</span> <span class='ocrx_word' id='word_1_195' title='bbox 905 1739 974 1768; x_wconf 87' lang='lat' dir='ltr'>rell.</span> <span class='ocrx_word' id='word_1_196' title='bbox 999 1748 1058 1768; x_wconf 89' lang='lat' dir='ltr'>om.</span> <span class='ocrx_word' id='word_1_197' title='bbox 1085 1737 1215 1767; x_wconf 73' lang='lat' dir='ltr'>Secreta</span> <span class='ocrx_word' id='word_1_198' title='bbox 1240 1736 1384 1779; x_wconf 65' lang='lat' dir='ltr'>·sbB&lt;4&gt;,C.</span> <span class='ocrx_word' id='word_1_199' title='bbox 1411 1726 1481 1766; x_wconf 81' lang='lat' dir='ltr'>rell.</span> <span class='ocrx_word' id='word_1_200' title='bbox 1508 1747 1568 1767; x_wconf 90' lang='lat' dir='ltr'>om.</span> <span class='ocrx_word' id='word_1_201' title='bbox 1617 1736 1653 1776; x_wconf 88' lang='lat'>4)</span> <span class='ocrx_word' id='word_1_202' title='bbox 1679 1736 1793 1776; x_wconf 84' lang='lat' dir='ltr'>Aperit</span> <span class='ocrx_word' id='word_1_203' title='bbox 1817 1739 1855 1779; x_wconf 66' lang='lat' dir='ltr'>“fb</span> <span class='ocrx_word' id='word_1_204' title='bbox 1882 1742 1913 1768; x_wconf 86' lang='lat' dir='ltr'>et</span> <span class='ocrx_word' id='word_1_205' title='bbox 1930 1737 1965 1775; x_wconf 83' lang='lat' dir='ltr'>C,</span> <span class='ocrx_word' id='word_1_206' title='bbox 1991 1739 2046 1777; x_wconf 87' lang='lat' dir='ltr'>qui</span> 
     </span>
     <span class='ocr_line' id='line_1_26' title="bbox 216 1793 2046 1837; baseline -0.001 -11"><span class='ocrx_word' id='word_1_207' title='bbox 216 1797 326 1826; x_wconf 83' lang='lat' dir='ltr'>addit:</span> <span class='ocrx_word' id='word_1_208' title='bbox 355 1796 462 1834; x_wconf 84' lang='lat' dir='ltr'>palam</span> <span class='ocrx_word' id='word_1_209' title='bbox 486 1794 576 1826; x_wconf 81' lang='lat' dir='ltr'>facit.</span> <span class='ocrx_word' id='word_1_210' title='bbox 641 1796 676 1834; x_wconf 91' lang='lat'>5)</span> <span class='ocrx_word' id='word_1_211' title='bbox 702 1796 826 1825; x_wconf 80' lang='lat' dir='ltr'>Firmas</span> <span class='ocrx_word' id='word_1_212' title='bbox 851 1796 900 1837; x_wconf 80' lang='grc' dir='ltr'><strong>γ1).</strong></span> <span class='ocrx_word' id='word_1_213' title='bbox 928 1794 1011 1825; x_wconf 84' lang='lat' dir='ltr'>conf.</span> <span class='ocrx_word' id='word_1_214' title='bbox 1038 1793 1081 1824; x_wconf 89' lang='lat' dir='ltr'>C:</span> <span class='ocrx_word' id='word_1_215' title='bbox 1109 1798 1213 1823; x_wconf 80' lang='lat' dir='ltr'>certas</span> <span class='ocrx_word' id='word_1_216' title='bbox 1240 1798 1272 1823; x_wconf 88' lang='lat' dir='ltr'>et</span> <span class='ocrx_word' id='word_1_217' title='bbox 1283 1793 1408 1832; x_wconf 81' lang='lat' dir='ltr'>firmas,</span> <span class='ocrx_word' id='word_1_218' title='bbox 1435 1795 1511 1832; x_wconf 84' lang='lat' dir='ltr'>quia</span> <span class='ocrx_word' id='word_1_219' title='bbox 1536 1798 1595 1824; x_wconf 88' lang='lat' dir='ltr'>etc.</span> <span class='ocrx_word' id='word_1_220' title='bbox 1621 1794 1689 1823; x_wconf 87' lang='lat' dir='ltr'>rell.</span> <span class='ocrx_word' id='word_1_221' title='bbox 1716 1804 1776 1824; x_wconf 86' lang='lat' dir='ltr'>om.</span> <span class='ocrx_word' id='word_1_222' title='bbox 1826 1795 1860 1834; x_wconf 89' lang='grc'>6)</span> <span class='ocrx_word' id='word_1_223' title='bbox 1889 1794 2046 1825; x_wconf 82' lang='lat' dir='ltr'>Curarum</span> 
     </span>
     <span class='ocr_line' id='line_1_27' title="bbox 216 1850 2047 1895; baseline -0.001 -13"><span class='ocrx_word' id='word_1_224' title='bbox 216 1853 303 1895; x_wconf 62' lang='lat' dir='ltr'>*sb,C.</span> <span class='ocrx_word' id='word_1_225' title='bbox 327 1853 397 1883; x_wconf 90' lang='lat' dir='ltr'>rell.</span> <span class='ocrx_word' id='word_1_226' title='bbox 423 1863 483 1884; x_wconf 89' lang='lat' dir='ltr'>om.</span> <span class='ocrx_word' id='word_1_227' title='bbox 534 1854 568 1892; x_wconf 79' lang='lat'>7)</span> <span class='ocrx_word' id='word_1_228' title='bbox 595 1853 756 1882; x_wconf 84' lang='lat' dir='ltr'>Faecundi</span> <span class='ocrx_word' id='word_1_229' title='bbox 782 1862 808 1894; x_wconf 79' lang='grc' dir='ltr'>γ,</span> <span class='ocrx_word' id='word_1_230' title='bbox 833 1862 897 1883; x_wconf 87' lang='lat' dir='ltr'>non</span> <span class='ocrx_word' id='word_1_231' title='bbox 923 1851 1064 1889; x_wconf 75' lang='lat' dir='ltr'>facundi,</span> <span class='ocrx_word' id='word_1_232' title='bbox 1090 1855 1125 1880; x_wconf 85' lang='lat' dir='ltr'>ut</span> <span class='ocrx_word' id='word_1_233' title='bbox 1150 1851 1276 1881; x_wconf 87' lang='lat' dir='ltr'>Pottier</span> <span class='ocrx_word' id='word_1_234' title='bbox 1301 1850 1408 1880; x_wconf 83' lang='lat' dir='ltr'>refert.</span> <span class='ocrx_word' id='word_1_235' title='bbox 1434 1850 1518 1880; x_wconf 78' lang='lat' dir='ltr'>conf.</span> <span class='ocrx_word' id='word_1_236' title='bbox 1544 1851 1633 1880; x_wconf 81' lang='lat' dir='ltr'>Harl.</span> <span class='ocrx_word' id='word_1_237' title='bbox 1653 1852 1738 1880; x_wconf 75' lang='lat'>2724</span> <span class='ocrx_word' id='word_1_238' title='bbox 1765 1850 1863 1889; x_wconf 83' lang='lat' dir='ltr'>(saec.</span> <span class='ocrx_word' id='word_1_239' title='bbox 1878 1851 1955 1890; x_wconf 84' lang='lat' dir='ltr'>XII)</span> <span class='ocrx_word' id='word_1_240' title='bbox 1979 1851 2047 1881; x_wconf 81' lang='lat' dir='ltr'>soe-</span> 
     </span>
     <span class='ocr_line' id='line_1_28' title="bbox 217 1907 2044 1946; baseline -0.001 -6"><span class='ocrx_word' id='word_1_241' title='bbox 217 1911 323 1941; x_wconf 82' lang='lat' dir='ltr'>cundi.</span> <span class='ocrx_word' id='word_1_242' title='bbox 350 1911 516 1940; x_wconf 75' lang='lat' dir='ltr'>Fancundi</span> <span class='ocrx_word' id='word_1_243' title='bbox 541 1910 613 1939; x_wconf 83' lang='lat' dir='ltr'>Par.</span> <span class='ocrx_word' id='word_1_244' title='bbox 639 1910 677 1940; x_wconf 91' lang='lat' dir='ltr'>A.</span> <span class='ocrx_word' id='word_1_245' title='bbox 696 1928 737 1930; x_wconf 97' lang='lat'><strong>—</strong></span> <span class='ocrx_word' id='word_1_246' title='bbox 755 1910 886 1939; x_wconf 77' lang='lat' dir='ltr'>Falsum</span> <span class='ocrx_word' id='word_1_247' title='bbox 911 1910 1029 1939; x_wconf 80' lang='lat' dir='ltr'>lemma</span> <span class='ocrx_word' id='word_1_248' title='bbox 1053 1908 1179 1938; x_wconf 72' lang='lat' dir='ltr'>addocet</span> <span class='ocrx_word' id='word_1_249' title='bbox 1203 1908 1254 1946; x_wconf 82' lang='lat' dir='ltr'>(ac</span> <span class='ocrx_word' id='word_1_250' title='bbox 1280 1908 1373 1937; x_wconf 85' lang='lat' dir='ltr'>docet</span> <span class='ocrx_word' id='word_1_251' title='bbox 1399 1907 1488 1945; x_wconf 81' lang='lat' dir='ltr'>cafh)</span> <span class='ocrx_word' id='word_1_252' title='bbox 1515 1911 1595 1937; x_wconf 70' lang='lat' dir='ltr'>artes</span> <span class='ocrx_word' id='word_1_253' title='bbox 1619 1912 1796 1946; x_wconf 83' lang='lat' dir='ltr'>posuerunt</span> <span class='ocrx_word' id='word_1_254' title='bbox 1819 1907 1986 1944; x_wconf 80' lang='lat' dir='ltr'>vcathQ.</span> <span class='ocrx_word' id='word_1_255' title='bbox 2008 1926 2044 1930; x_wconf 96' lang='lat'>—</span> 
     </span>
     <span class='ocr_line' id='line_1_29' title="bbox 205 1963 2045 2008; baseline -0.001 -12"><span class='ocrx_word' id='word_1_256' title='bbox 205 1966 333 2006; x_wconf 66' lang='lat' dir='ltr'>famose</span> <span class='ocrx_word' id='word_1_257' title='bbox 356 1968 394 2008; x_wconf 68' lang='lat' dir='ltr'>*sb</span> <span class='ocrx_word' id='word_1_258' title='bbox 420 1967 650 2005; x_wconf 85' lang='lat' dir='ltr'>Dillenburger</span> <span class='ocrx_word' id='word_1_259' title='bbox 675 1966 711 2001; x_wconf 83' lang='lat' dir='ltr'>Q.</span> <span class='ocrx_word' id='word_1_260' title='bbox 738 1967 826 1996; x_wconf 82' lang='lat' dir='ltr'>fatuo</span> <span class='ocrx_word' id='word_1_261' title='bbox 851 1976 884 1996; x_wconf 84' lang='lat' dir='ltr'>se</span> <span class='ocrx_word' id='word_1_262' title='bbox 909 1977 938 1995; x_wconf 92' lang='lat' dir='ltr'>v.</span> <span class='ocrx_word' id='word_1_263' title='bbox 965 1966 1051 1996; x_wconf 85' lang='lat' dir='ltr'>fatue</span> <span class='ocrx_word' id='word_1_264' title='bbox 1077 1974 1109 1994; x_wconf 90' lang='lat' dir='ltr'>se</span> <span class='ocrx_word' id='word_1_265' title='bbox 1135 1964 1218 1994; x_wconf 74' lang='lat' dir='ltr'>cafh.</span> <span class='ocrx_word' id='word_1_266' title='bbox 1245 1965 1385 1994; x_wconf 78' lang='lat' dir='ltr'>fastuose</span> <span class='ocrx_word' id='word_1_267' title='bbox 1413 1963 1448 1993; x_wconf 86' lang='lat' dir='ltr'>C.</span> <span class='ocrx_word' id='word_1_268' title='bbox 1478 1964 1596 1994; x_wconf 86' lang='lat' dir='ltr'>Mirum</span> <span class='ocrx_word' id='word_1_269' title='bbox 1621 1965 1738 2001; x_wconf 83' lang='lat' dir='ltr'>hercle,</span> <span class='ocrx_word' id='word_1_270' title='bbox 1765 1966 1851 1995; x_wconf 89' lang='lat' dir='ltr'>uiros</span> <span class='ocrx_word' id='word_1_271' title='bbox 1877 1965 1989 1995; x_wconf 88' lang='lat' dir='ltr'>doctos</span> <span class='ocrx_word' id='word_1_272' title='bbox 2014 1965 2045 1994; x_wconf 89' lang='lat' dir='ltr'>h.</span> 
     </span>
     <span class='ocr_line' id='line_1_30' title="bbox 219 2021 2047 2062; baseline -0.001 -9"><span class='ocrx_word' id='word_1_273' title='bbox 219 2024 241 2052; x_wconf 92' lang='lat' dir='ltr'>l.</span> <span class='ocrx_word' id='word_1_274' title='bbox 266 2024 409 2062; x_wconf 85' lang='lat' dir='ltr'>potuisse</span> <span class='ocrx_word' id='word_1_275' title='bbox 435 2032 467 2052; x_wconf 78' lang='lat' dir='ltr'>er.</span> <span class='ocrx_word' id='word_1_276' title='bbox 491 2032 667 2061; x_wconf 83' lang='lat' dir='ltr'>proponere</span> <span class='ocrx_word' id='word_1_277' title='bbox 693 2027 724 2052; x_wconf 85' lang='lat' dir='ltr'>et</span> <span class='ocrx_word' id='word_1_278' title='bbox 749 2024 889 2061; x_wconf 86' lang='lat' dir='ltr'>recipere</span> <span class='ocrx_word' id='word_1_279' title='bbox 912 2023 1069 2053; x_wconf 83' lang='lat' dir='ltr'>uocabula</span> <span class='ocrx_word' id='word_1_280' title='bbox 1094 2031 1197 2059; x_wconf 84' lang='lat' dir='ltr'>neque</span> <span class='ocrx_word' id='word_1_281' title='bbox 1221 2031 1334 2050; x_wconf 81' lang='lat' dir='ltr'>sanum</span> <span class='ocrx_word' id='word_1_282' title='bbox 1361 2030 1490 2051; x_wconf 84' lang='lat' dir='ltr'>sensum</span> <span class='ocrx_word' id='word_1_283' title='bbox 1515 2022 1705 2059; x_wconf 77' lang='lat' dir='ltr'>praebentia</span> <span class='ocrx_word' id='word_1_284' title='bbox 1733 2031 1836 2060; x_wconf 86' lang='lat' dir='ltr'>neque</span> <span class='ocrx_word' id='word_1_285' title='bbox 1862 2023 1960 2052; x_wconf 78' lang='lat' dir='ltr'>etiam</span> <span class='ocrx_word' id='word_1_286' title='bbox 1986 2021 2047 2051; x_wconf 83' lang='lat' dir='ltr'>La-</span> 
     </span>
     <span class='ocr_line' id='line_1_31' title="bbox 217 2077 2045 2118; baseline -0.001 -9"><span class='ocrx_word' id='word_1_287' title='bbox 217 2081 299 2109; x_wconf 81' lang='lat' dir='ltr'>tina.</span> <span class='ocrx_word' id='word_1_288' title='bbox 324 2080 394 2109; x_wconf 89' lang='lat' dir='ltr'>Hoc</span> <span class='ocrx_word' id='word_1_289' title='bbox 418 2089 480 2109; x_wconf 91' lang='lat' dir='ltr'>non</span> <span class='ocrx_word' id='word_1_290' title='bbox 506 2081 610 2118; x_wconf 75' lang='lat' dir='ltr'>magis</span> <span class='ocrx_word' id='word_1_291' title='bbox 635 2081 673 2109; x_wconf 90' lang='lat' dir='ltr'>de</span> <span class='ocrx_word' id='word_1_292' title='bbox 687 2079 828 2118; x_wconf 77' lang='lat' dir='ltr'>fastuose</span> <span class='ocrx_word' id='word_1_293' title='bbox 852 2081 886 2109; x_wconf 92' lang='lat' dir='ltr'>in</span> <span class='ocrx_word' id='word_1_294' title='bbox 913 2078 938 2109; x_wconf 90' lang='lat' dir='ltr'>C</span> <span class='ocrx_word' id='word_1_295' title='bbox 965 2089 1060 2118; x_wconf 84' lang='lat' dir='ltr'>quam</span> <span class='ocrx_word' id='word_1_296' title='bbox 1093 2079 1132 2107; x_wconf 87' lang='lat' dir='ltr'>de</span> <span class='ocrx_word' id='word_1_297' title='bbox 1153 2077 1278 2117; x_wconf 70' lang='lat' dir='ltr'>famose</span> <span class='ocrx_word' id='word_1_298' title='bbox 1303 2078 1388 2115; x_wconf 88' lang='lat' dir='ltr'>apud</span> <span class='ocrx_word' id='word_1_299' title='bbox 1414 2077 1442 2113; x_wconf 81' lang='lat' dir='ltr'><strong>Q</strong></span> <span class='ocrx_word' id='word_1_300' title='bbox 1466 2079 1565 2108; x_wconf 86' lang='lat' dir='ltr'>ualet.</span> <span class='ocrx_word' id='word_1_301' title='bbox 1616 2078 1827 2108; x_wconf 85' lang='lat' dir='ltr'>Scribendum</span> <span class='ocrx_word' id='word_1_302' title='bbox 1852 2083 1902 2108; x_wconf 84' lang='lat' dir='ltr'>est</span> <span class='ocrx_word' id='word_1_303' title='bbox 1921 2078 2045 2116; x_wconf 77' lang='lat' dir='ltr'>fastose,</span> 
     </span>
     <span class='ocr_line' id='line_1_32' title="bbox 219 2134 2046 2175; baseline -0.001 -9"><span class='ocrx_word' id='word_1_304' title='bbox 219 2141 250 2166; x_wconf 88' lang='lat' dir='ltr'>et</span> <span class='ocrx_word' id='word_1_305' title='bbox 276 2138 405 2175; x_wconf 87' lang='lat' dir='ltr'>quidem</span> <span class='ocrx_word' id='word_1_306' title='bbox 432 2138 531 2166; x_wconf 86' lang='lat' dir='ltr'>simili</span> <span class='ocrx_word' id='word_1_307' title='bbox 557 2137 754 2175; x_wconf 83' lang='lat' dir='ltr'>acceptione,</span> <span class='ocrx_word' id='word_1_308' title='bbox 792 2146 855 2174; x_wconf 83' lang='lat' dir='ltr'>qua</span> <span class='ocrx_word' id='word_1_309' title='bbox 879 2137 962 2165; x_wconf 91' lang='lat' dir='ltr'>Plin.</span> <span class='ocrx_word' id='word_1_310' title='bbox 988 2136 1044 2173; x_wconf 84' lang='lat' dir='ltr'>IX,</span> <span class='ocrx_word' id='word_1_311' title='bbox 1073 2136 1112 2165; x_wconf 85' lang='lat'>35</span> <span class='ocrx_word' id='word_1_312' title='bbox 1162 2135 1366 2174; x_wconf 81' lang='lat' dir='ltr'>Cleopatram</span> <span class='ocrx_word' id='word_1_313' title='bbox 1392 2134 1520 2173; x_wconf 73' lang='lat' dir='ltr'>superbo</span> <span class='ocrx_word' id='word_1_314' title='bbox 1557 2139 1585 2164; x_wconf 77' lang='lat' dir='ltr'>et</span> <span class='ocrx_word' id='word_1_315' title='bbox 1602 2135 1833 2175; x_wconf 70' lang='lat' dir='ltr'>procacifastu</span> <span class='ocrx_word' id='word_1_316' title='bbox 1857 2137 2046 2174; x_wconf 80' lang='lat' dir='ltr'>adparatum</span> 
     </span>
     <span class='ocr_line' id='line_1_33' title="bbox 218 2192 2045 2232; baseline 0 -10"><span class='ocrx_word' id='word_1_317' title='bbox 218 2193 354 2224; x_wconf 88' lang='lat' dir='ltr'>Antonii</span> <span class='ocrx_word' id='word_1_318' title='bbox 380 2195 616 2224; x_wconf 84' lang='lat' dir='ltr'>obtrectantem</span> <span class='ocrx_word' id='word_1_319' title='bbox 642 2194 733 2223; x_wconf 87' lang='lat' dir='ltr'>dicit.</span> <span class='ocrx_word' id='word_1_320' title='bbox 760 2194 901 2222; x_wconf 77' lang='lat' dir='ltr'>Fastosas</span> <span class='ocrx_word' id='word_1_321' title='bbox 926 2194 1123 2223; x_wconf 80' lang='lat' dir='ltr'>adiectiuum</span> <span class='ocrx_word' id='word_1_322' title='bbox 1149 2194 1188 2222; x_wconf 89' lang='lat' dir='ltr'>de</span> <span class='ocrx_word' id='word_1_323' title='bbox 1206 2193 1276 2222; x_wconf 85' lang='lat' dir='ltr'>uiro</span> <span class='ocrx_word' id='word_1_324' title='bbox 1294 2192 1427 2222; x_wconf 87' lang='lat' dir='ltr'>adhibet</span> <span class='ocrx_word' id='word_1_325' title='bbox 1446 2193 1617 2222; x_wconf 83' lang='lat' dir='ltr'>Petronius</span> <span class='ocrx_word' id='word_1_326' title='bbox 1647 2194 1719 2222; x_wconf 82' lang='lat'>113.</span> <span class='ocrx_word' id='word_1_327' title='bbox 1749 2193 1827 2226; x_wconf 70' lang='lat' dir='ltr'>Quid</span> <span class='ocrx_word' id='word_1_328' title='bbox 1851 2197 1901 2229; x_wconf 80' lang='lat' dir='ltr'>est,</span> <span class='ocrx_word' id='word_1_329' title='bbox 1915 2192 2045 2232; x_wconf 84' lang='lat' dir='ltr'>fastose,</span> 
     </span>
     <span class='ocr_line' id='line_1_34' title="bbox 218 2248 2046 2288; baseline 0 -9"><span class='ocrx_word' id='word_1_330' title='bbox 218 2250 256 2279; x_wconf 90' lang='lat' dir='ltr'>de</span> <span class='ocrx_word' id='word_1_331' title='bbox 293 2250 425 2280; x_wconf 81' lang='lat' dir='ltr'>moecha</span> <span class='ocrx_word' id='word_1_332' title='bbox 459 2250 600 2280; x_wconf 81' lang='lat' dir='ltr'>Martial.</span> <span class='ocrx_word' id='word_1_333' title='bbox 626 2250 666 2287; x_wconf 83' lang='lat' dir='ltr'>X,</span> <span class='ocrx_word' id='word_1_334' title='bbox 696 2251 745 2287; x_wconf 86' lang='lat'>13,</span> <span class='ocrx_word' id='word_1_335' title='bbox 775 2252 804 2280; x_wconf 80' lang='lat'>7.</span> <span class='ocrx_word' id='word_1_336' title='bbox 829 2251 864 2279; x_wconf 92' lang='lat' dir='ltr'>F.</span> <span class='ocrx_word' id='word_1_337' title='bbox 892 2250 925 2278; x_wconf 90' lang='lat' dir='ltr'>F.</span> <span class='ocrx_word' id='word_1_338' title='bbox 952 2250 1080 2280; x_wconf 86' lang='lat' dir='ltr'>Franke</span> <span class='ocrx_word' id='word_1_339' title='bbox 1116 2251 1219 2279; x_wconf 88' lang='lat' dir='ltr'>uoluit</span> <span class='ocrx_word' id='word_1_340' title='bbox 1253 2248 1400 2286; x_wconf 75' lang='lat' dir='ltr'>facunde,</span> <span class='ocrx_word' id='word_1_341' title='bbox 1430 2249 1481 2278; x_wconf 81' lang='lat' dir='ltr'>Fr.</span> <span class='ocrx_word' id='word_1_342' title='bbox 1507 2249 1739 2287; x_wconf 82' lang='lat' dir='ltr'>Vogelleimius</span> <span class='ocrx_word' id='word_1_343' title='bbox 1763 2249 1917 2288; x_wconf 73' lang='lat' dir='ltr'>fabulose,</span> <span class='ocrx_word' id='word_1_344' title='bbox 1955 2253 1986 2279; x_wconf 83' lang='lat' dir='ltr'>et</span> <span class='ocrx_word' id='word_1_345' title='bbox 2010 2249 2046 2278; x_wconf 90' lang='grc' dir='ltr'>Ε.</span> 
     </span>
     <span class='ocr_line' id='line_1_35' title="bbox 219 2305 2045 2349; baseline -0.001 -13"><span class='ocrx_word' id='word_1_346' title='bbox 219 2306 431 2336; x_wconf 84' lang='lat' dir='ltr'>Schnabelius</span> <span class='ocrx_word' id='word_1_347' title='bbox 445 2307 623 2346; x_wconf 75' lang='lat' dir='ltr'>fastidiose.</span> <span class='ocrx_word' id='word_1_348' title='bbox 652 2310 683 2337; x_wconf 89' lang='lat' dir='ltr'>et</span> <span class='ocrx_word' id='word_1_349' title='bbox 701 2317 760 2337; x_wconf 89' lang='lat' dir='ltr'>om.</span> <span class='ocrx_word' id='word_1_350' title='bbox 786 2308 907 2349; x_wconf 61' lang='lat' dir='ltr'>*sb,vca.</span> <span class='ocrx_word' id='word_1_351' title='bbox 957 2307 992 2345; x_wconf 83' lang='lat'>8)</span> <span class='ocrx_word' id='word_1_352' title='bbox 1018 2307 1232 2345; x_wconf 86' lang='lat' dir='ltr'>Eloquentem</span> <span class='ocrx_word' id='word_1_353' title='bbox 1258 2307 1306 2348; x_wconf 74' lang='grc' dir='ltr'><strong>γ1).</strong></span> <span class='ocrx_word' id='word_1_354' title='bbox 1334 2306 1403 2335; x_wconf 89' lang='lat' dir='ltr'>rell.</span> <span class='ocrx_word' id='word_1_355' title='bbox 1428 2316 1485 2335; x_wconf 89' lang='lat' dir='ltr'>om.</span> <span class='ocrx_word' id='word_1_356' title='bbox 1535 2306 1569 2345; x_wconf 88' lang='grc'>9)</span> <span class='ocrx_word' id='word_1_357' title='bbox 1597 2306 1747 2344; x_wconf 81' lang='lat' dir='ltr'>Angusta</span> <span class='ocrx_word' id='word_1_358' title='bbox 1771 2305 1862 2348; x_wconf 67' lang='lat' dir='ltr'>·[b,C.</span> <span class='ocrx_word' id='word_1_359' title='bbox 1889 2307 1959 2336; x_wconf 89' lang='lat' dir='ltr'>rell.</span> <span class='ocrx_word' id='word_1_360' title='bbox 1985 2316 2045 2336; x_wconf 89' lang='lat' dir='ltr'>om.</span> 
     </span>
     <span class='ocr_line' id='line_1_36' title="bbox 218 2361 2045 2406; baseline -0.001 -13"><span class='ocrx_word' id='word_1_361' title='bbox 218 2364 391 2394; x_wconf 87' lang='lat' dir='ltr'>Hominem</span> <span class='ocrx_word' id='word_1_362' title='bbox 414 2365 463 2406; x_wconf 74' lang='grc' dir='ltr'><strong>γ1).</strong></span> <span class='ocrx_word' id='word_1_363' title='bbox 488 2365 557 2394; x_wconf 89' lang='lat' dir='ltr'>rell.</span> <span class='ocrx_word' id='word_1_364' title='bbox 584 2374 644 2395; x_wconf 87' lang='lat' dir='ltr'>om.</span> <span class='ocrx_word' id='word_1_365' title='bbox 683 2364 714 2394; x_wconf 84' lang='lat' dir='ltr'>S.</span> <span class='ocrx_word' id='word_1_366' title='bbox 742 2364 887 2394; x_wconf 80' lang='lat' dir='ltr'>fecerunt</span> <span class='ocrx_word' id='word_1_367' title='bbox 910 2365 959 2405; x_wconf 86' lang='grc' dir='ltr'><strong>γ1).</strong></span> <span class='ocrx_word' id='word_1_368' title='bbox 985 2364 1055 2393; x_wconf 87' lang='lat' dir='ltr'>rell.</span> <span class='ocrx_word' id='word_1_369' title='bbox 1081 2374 1141 2393; x_wconf 88' lang='lat' dir='ltr'>om.</span> <span class='ocrx_word' id='word_1_370' title='bbox 1209 2363 1264 2401; x_wconf 88' lang='lat'>10)</span> <span class='ocrx_word' id='word_1_371' title='bbox 1292 2361 1324 2391; x_wconf 88' lang='lat' dir='ltr'>S.</span> <span class='ocrx_word' id='word_1_372' title='bbox 1349 2372 1431 2400; x_wconf 83' lang='lat' dir='ltr'>quae</span> <span class='ocrx_word' id='word_1_373' title='bbox 1457 2380 1497 2383; x_wconf 96' lang='lat'><strong>—</strong></span> <span class='ocrx_word' id='word_1_374' title='bbox 1523 2363 1685 2401; x_wconf 85' lang='lat' dir='ltr'>pertinent</span> <span class='ocrx_word' id='word_1_375' title='bbox 1710 2364 1757 2404; x_wconf 71' lang='grc' dir='ltr'><strong>γῐ).</strong></span> <span class='ocrx_word' id='word_1_376' title='bbox 1783 2364 1852 2393; x_wconf 89' lang='lat' dir='ltr'>rell.</span> <span class='ocrx_word' id='word_1_377' title='bbox 1879 2373 1939 2393; x_wconf 89' lang='lat' dir='ltr'>om.</span> <span class='ocrx_word' id='word_1_378' title='bbox 1990 2362 2045 2400; x_wconf 89' lang='lat'>11)</span> 
     </span>
     <span class='ocr_line' id='line_1_37' title="bbox 219 2418 2046 2463; baseline -0.001 -13"><span class='ocrx_word' id='word_1_379' title='bbox 219 2421 278 2451; x_wconf 87' lang='lat' dir='ltr'>Pro</span> <span class='ocrx_word' id='word_1_380' title='bbox 304 2422 425 2459; x_wconf 86' lang='lat' dir='ltr'>impero</span> <span class='ocrx_word' id='word_1_381' title='bbox 449 2431 476 2463; x_wconf 86' lang='grc' dir='ltr'>γ.</span> <span class='ocrx_word' id='word_1_382' title='bbox 503 2422 571 2452; x_wconf 88' lang='lat' dir='ltr'>rell.</span> <span class='ocrx_word' id='word_1_383' title='bbox 599 2431 658 2451; x_wconf 90' lang='lat' dir='ltr'>om.</span> <span class='ocrx_word' id='word_1_384' title='bbox 686 2422 783 2450; x_wconf 79' lang='lat' dir='ltr'>finxit</span> <span class='ocrx_word' id='word_1_385' title='bbox 808 2424 838 2450; x_wconf 87' lang='lat' dir='ltr'>et</span> <span class='ocrx_word' id='word_1_386' title='bbox 866 2419 924 2458; x_wconf 77' lang='lat' dir='ltr'>(ex</span> <span class='ocrx_word' id='word_1_387' title='bbox 948 2420 1024 2459; x_wconf 84' lang='lat' dir='ltr'>b,C)</span> <span class='ocrx_word' id='word_1_388' title='bbox 1042 2430 1068 2462; x_wconf 80' lang='grc' dir='ltr'>γ.</span> <span class='ocrx_word' id='word_1_389' title='bbox 1094 2420 1208 2449; x_wconf 84' lang='lat' dir='ltr'>Finxit</span> <span class='ocrx_word' id='word_1_390' title='bbox 1228 2437 1261 2440; x_wconf 61' lang='lat'>&lt;-</span> <span class='ocrx_word' id='word_1_391' title='bbox 1282 2420 1458 2449; x_wconf 83' lang='lat' dir='ltr'>insectatur</span> <span class='ocrx_word' id='word_1_392' title='bbox 1484 2418 1641 2457; x_wconf 79' lang='lat' dir='ltr'>(sectatur</span> <span class='ocrx_word' id='word_1_393' title='bbox 1658 2420 1694 2459; x_wconf 88' lang='lat' dir='ltr'>b)</span> <span class='ocrx_word' id='word_1_394' title='bbox 1719 2420 1766 2461; x_wconf 65' lang='lat' dir='ltr'>⁴1b.</span> <span class='ocrx_word' id='word_1_395' title='bbox 1793 2419 1876 2450; x_wconf 85' lang='lat' dir='ltr'>conf.</span> <span class='ocrx_word' id='word_1_396' title='bbox 1893 2418 1937 2449; x_wconf 88' lang='lat' dir='ltr'>C:</span> <span class='ocrx_word' id='word_1_397' title='bbox 1956 2420 2046 2449; x_wconf 79' lang='lat' dir='ltr'>‘finx.</span> 
     </span>
     <span class='ocr_line' id='line_1_38' title="bbox 219 2471 2046 2520; baseline -0.001 -14"><span class='ocrx_word' id='word_1_398' title='bbox 219 2487 260 2507; x_wconf 83' lang='lat' dir='ltr'>ex</span> <span class='ocrx_word' id='word_1_399' title='bbox 279 2476 334 2507; x_wconf 91' lang='lat' dir='ltr'>Gr.</span> <span class='ocrx_word' id='word_1_400' title='bbox 355 2472 557 2520; x_wconf 77' lang='grc' dir='ltr'>Κυριεύομαι,</span> <span class='ocrx_word' id='word_1_401' title='bbox 580 2477 655 2507; x_wconf 79' lang='lat' dir='ltr'>sicut</span> <span class='ocrx_word' id='word_1_402' title='bbox 678 2478 711 2507; x_wconf 87' lang='lat' dir='ltr'>in</span> <span class='ocrx_word' id='word_1_403' title='bbox 729 2477 765 2507; x_wconf 92' lang='lat' dir='ltr'>A.</span> <span class='ocrx_word' id='word_1_404' title='bbox 784 2487 835 2515; x_wconf 86' lang='lat' dir='ltr'>po.</span> <span class='ocrx_word' id='word_1_405' title='bbox 862 2477 1031 2507; x_wconf 85' lang='lat' dir='ltr'>inuide0r.&#39;</span> <span class='ocrx_word' id='word_1_406' title='bbox 1059 2472 1264 2507; x_wconf 55' lang='lat' dir='ltr'>(MJNOYMOE</span> <span class='ocrx_word' id='word_1_407' title='bbox 1280 2477 1328 2517; x_wconf 79' lang='grc' dir='ltr'><strong>γ1).</strong></span> <span class='ocrx_word' id='word_1_408' title='bbox 1347 2471 1530 2518; x_wconf 73' lang='grc' dir='ltr'>φθονοῦμαι</span> <span class='ocrx_word' id='word_1_409' title='bbox 1548 2475 1583 2505; x_wconf 87' lang='lat' dir='ltr'>C.</span> <span class='ocrx_word' id='word_1_410' title='bbox 1602 2476 1669 2505; x_wconf 86' lang='lat' dir='ltr'>rell.</span> <span class='ocrx_word' id='word_1_411' title='bbox 1691 2486 1750 2506; x_wconf 86' lang='lat' dir='ltr'>om.</span> <span class='ocrx_word' id='word_1_412' title='bbox 1802 2477 1857 2516; x_wconf 89' lang='lat'>13)</span> <span class='ocrx_word' id='word_1_413' title='bbox 1883 2485 1908 2506; x_wconf 85' lang='lat' dir='ltr'>s.</span> <span class='ocrx_word' id='word_1_414' title='bbox 1936 2476 2046 2506; x_wconf 87' lang='lat' dir='ltr'>uolun-</span> 
     </span>
     <span class='ocr_line' id='line_1_39' title="bbox 218 2531 2046 2575; baseline -0.001 -12"><span class='ocrx_word' id='word_1_415' title='bbox 218 2534 322 2563; x_wconf 80' lang='lat' dir='ltr'>tarius</span> <span class='ocrx_word' id='word_1_416' title='bbox 339 2543 365 2575; x_wconf 56' lang='lat'>7.</span> <span class='ocrx_word' id='word_1_417' title='bbox 393 2543 418 2571; x_wconf 67' lang='grc' dir='ltr'>ες</span> <span class='ocrx_word' id='word_1_418' title='bbox 435 2546 480 2561; x_wconf 70' lang='lat' dir='ltr'><em>z</em></span> <span class='ocrx_word' id='word_1_419' title='bbox 497 2537 545 2563; x_wconf 86' lang='lat' dir='ltr'>set</span> <span class='ocrx_word' id='word_1_420' title='bbox 568 2534 631 2563; x_wconf 90' lang='lat' dir='ltr'>uol.</span> <span class='ocrx_word' id='word_1_421' title='bbox 649 2534 680 2563; x_wconf 94' lang='lat' dir='ltr'>b.</span> <span class='ocrx_word' id='word_1_422' title='bbox 700 2532 748 2563; x_wconf 86' lang='lat' dir='ltr'>C:</span> <span class='ocrx_word' id='word_1_423' title='bbox 774 2534 984 2563; x_wconf 80' lang='lat' dir='ltr'>uoluntarius.</span> <span class='ocrx_word' id='word_1_424' title='bbox 1005 2534 1142 2572; x_wconf 80' lang='lat' dir='ltr'>Mappae</span> <span class='ocrx_word' id='word_1_425' title='bbox 1159 2534 1293 2563; x_wconf 81' lang='lat' dir='ltr'>maiores</span> <span class='ocrx_word' id='word_1_426' title='bbox 1318 2542 1344 2573; x_wconf 78' lang='grc' dir='ltr'>γ.</span> <span class='ocrx_word' id='word_1_427' title='bbox 1370 2533 1494 2562; x_wconf 85' lang='lat' dir='ltr'>scilicet</span> <span class='ocrx_word' id='word_1_428' title='bbox 1520 2542 1580 2562; x_wconf 81' lang='lat' dir='ltr'>ma.</span> <span class='ocrx_word' id='word_1_429' title='bbox 1608 2542 1670 2562; x_wconf 82' lang='lat' dir='ltr'>ma.</span> <span class='ocrx_word' id='word_1_430' title='bbox 1695 2534 1726 2563; x_wconf 94' lang='lat' dir='ltr'>b.</span> <span class='ocrx_word' id='word_1_431' title='bbox 1743 2533 1812 2562; x_wconf 89' lang='lat' dir='ltr'>rell.</span> <span class='ocrx_word' id='word_1_432' title='bbox 1831 2543 1892 2563; x_wconf 89' lang='lat' dir='ltr'>om.</span> <span class='ocrx_word' id='word_1_433' title='bbox 1944 2531 2000 2573; x_wconf 82' lang='lat'>14)</span> <span class='ocrx_word' id='word_1_434' title='bbox 2025 2533 2046 2562; x_wconf 89' lang='lat' dir='ltr'>i.</span> 
     </span>
     <span class='ocr_line' id='line_1_40' title="bbox 219 2588 2046 2632; baseline -0.001 -12"><span class='ocrx_word' id='word_1_435' title='bbox 219 2591 322 2620; x_wconf 85' lang='lat' dir='ltr'>fetore</span> <span class='ocrx_word' id='word_1_436' title='bbox 347 2595 447 2620; x_wconf 87' lang='lat' dir='ltr'>contr.</span> <span class='ocrx_word' id='word_1_437' title='bbox 473 2600 499 2632; x_wconf 78' lang='grc' dir='ltr'>γ.</span> <span class='ocrx_word' id='word_1_438' title='bbox 524 2590 647 2620; x_wconf 85' lang='lat' dir='ltr'>faetore</span> <span class='ocrx_word' id='word_1_439' title='bbox 673 2593 774 2620; x_wconf 86' lang='lat' dir='ltr'>contr.</span> <span class='ocrx_word' id='word_1_440' title='bbox 792 2591 823 2619; x_wconf 89' lang='lat' dir='ltr'>b.</span> <span class='ocrx_word' id='word_1_441' title='bbox 841 2591 910 2620; x_wconf 88' lang='lat' dir='ltr'>rell.</span> <span class='ocrx_word' id='word_1_442' title='bbox 930 2601 989 2620; x_wconf 86' lang='lat' dir='ltr'>om.</span> <span class='ocrx_word' id='word_1_443' title='bbox 1042 2591 1096 2630; x_wconf 84' lang='lat'>15)</span> <span class='ocrx_word' id='word_1_444' title='bbox 1122 2589 1244 2629; x_wconf 80' lang='lat' dir='ltr'>aliquid</span> <span class='ocrx_word' id='word_1_445' title='bbox 1266 2598 1365 2631; x_wconf 72' lang='lat' dir='ltr'>⁴(‚vca.</span> <span class='ocrx_word' id='word_1_446' title='bbox 1390 2590 1467 2618; x_wconf 88' lang='lat' dir='ltr'>alios</span> <span class='ocrx_word' id='word_1_447' title='bbox 1490 2590 1519 2619; x_wconf 90' lang='lat' dir='ltr'>b.</span> <span class='ocrx_word' id='word_1_448' title='bbox 1547 2589 1663 2628; x_wconf 77' lang='lat' dir='ltr'>aliquis</span> <span class='ocrx_word' id='word_1_449' title='bbox 1686 2589 1764 2625; x_wconf 83' lang='lat' dir='ltr'>th.</span> <span class='ocrx_word' id='word_1_450' title='bbox 1790 2590 1870 2620; x_wconf 85' lang='lat' dir='ltr'>conf.</span> <span class='ocrx_word' id='word_1_451' title='bbox 1898 2588 1941 2619; x_wconf 90' lang='lat' dir='ltr'>C:</span> <span class='ocrx_word' id='word_1_452' title='bbox 1969 2590 2046 2619; x_wconf 77' lang='lat' dir='ltr'>‘cor-</span> 
     </span>
     <span class='ocr_line' id='line_1_41' title="bbox 219 2645 2046 2686; baseline -0.001 -10"><span class='ocrx_word' id='word_1_453' title='bbox 219 2651 306 2686; x_wconf 69' lang='lat' dir='ltr'>ruyet</span> <span class='ocrx_word' id='word_1_454' title='bbox 327 2647 441 2677; x_wconf 74' lang='lat' dir='ltr'>nareis.</span> <span class='ocrx_word' id='word_1_455' title='bbox 467 2651 595 2677; x_wconf 83' lang='lat' dir='ltr'>moueat</span> <span class='ocrx_word' id='word_1_456' title='bbox 619 2646 806 2684; x_wconf 76' lang='lat' dir='ltr'>fastidium3</span> <span class='ocrx_word' id='word_1_457' title='bbox 833 2656 906 2676; x_wconf 75' lang='lat' dir='ltr'>nani</span> <span class='ocrx_word' id='word_1_458' title='bbox 933 2647 1056 2685; x_wconf 72' lang='lat' dir='ltr'>quotIes</span> <span class='ocrx_word' id='word_1_459' title='bbox 1081 2645 1198 2686; x_wconf 80' lang='lat' dir='ltr'>aliquid</span> <span class='ocrx_word' id='word_1_460' title='bbox 1212 2656 1266 2676; x_wconf 81' lang='lat' dir='ltr'>uos</span> <span class='ocrx_word' id='word_1_461' title='bbox 1290 2646 1415 2685; x_wconf 73' lang='lat' dir='ltr'>offendit</span> <span class='ocrx_word' id='word_1_462' title='bbox 1436 2645 1467 2675; x_wconf 78' lang='lat' dir='ltr'>in</span> <span class='ocrx_word' id='word_1_463' title='bbox 1491 2646 1590 2683; x_wconf 71' lang='lat' dir='ltr'>odore,</span> <span class='ocrx_word' id='word_1_464' title='bbox 1616 2656 1709 2676; x_wconf 82' lang='lat' dir='ltr'>nares</span> <span class='ocrx_word' id='word_1_465' title='bbox 1733 2650 1919 2677; x_wconf 85' lang='lat' dir='ltr'>contractae</span> <span class='ocrx_word' id='word_1_466' title='bbox 1934 2655 2046 2684; x_wconf 84' lang='lat' dir='ltr'>rugam</span> 
     </span>
     <span class='ocr_line' id='line_1_42' title="bbox 219 2701 2045 2742; baseline -0.001 -10"><span class='ocrx_word' id='word_1_467' title='bbox 219 2703 366 2733; x_wconf 79' lang='lat' dir='ltr'>faciunt.’</span> <span class='ocrx_word' id='word_1_468' title='bbox 409 2704 508 2734; x_wconf 87' lang='lat' dir='ltr'>Recte</span> <span class='ocrx_word' id='word_1_469' title='bbox 533 2704 661 2742; x_wconf 78' lang='lat' dir='ltr'>quidem</span> <span class='ocrx_word' id='word_1_470' title='bbox 688 2704 806 2733; x_wconf 86' lang='lat' dir='ltr'>dicitur</span> <span class='ocrx_word' id='word_1_471' title='bbox 831 2707 902 2733; x_wconf 83' lang='lat' dir='ltr'>aut:</span> <span class='ocrx_word' id='word_1_472' title='bbox 929 2703 1038 2733; x_wconf 73' lang='lat' dir='ltr'>hort-eo</span> <span class='ocrx_word' id='word_1_473' title='bbox 1062 2703 1184 2742; x_wconf 67' lang='lat' dir='ltr'>aliquid,</span> <span class='ocrx_word' id='word_1_474' title='bbox 1210 2707 1246 2732; x_wconf 88' lang='lat' dir='ltr'>ut</span> <span class='ocrx_word' id='word_1_475' title='bbox 1272 2702 1338 2733; x_wconf 79' lang='lat' dir='ltr'>Cic.</span> <span class='ocrx_word' id='word_1_476' title='bbox 1365 2703 1401 2732; x_wconf 90' lang='lat' dir='ltr'>T.</span> <span class='ocrx_word' id='word_1_477' title='bbox 1428 2703 1465 2739; x_wconf 87' lang='lat' dir='ltr'>V,</span> <span class='ocrx_word' id='word_1_478' title='bbox 1493 2703 1544 2734; x_wconf 83' lang='lat'>30.</span> <span class='ocrx_word' id='word_1_479' title='bbox 1572 2703 1664 2733; x_wconf 88' lang='lat' dir='ltr'>Dom.</span> <span class='ocrx_word' id='word_1_480' title='bbox 1693 2704 1743 2733; x_wconf 86' lang='lat'>55.</span> <span class='ocrx_word' id='word_1_481' title='bbox 1773 2702 1865 2733; x_wconf 76' lang='lat' dir='ltr'>Caes.</span> <span class='ocrx_word' id='word_1_482' title='bbox 1891 2703 1928 2731; x_wconf 89' lang='lat' dir='ltr'>B.</span> <span class='ocrx_word' id='word_1_483' title='bbox 1956 2701 1995 2732; x_wconf 88' lang='lat' dir='ltr'>G.</span> <span class='ocrx_word' id='word_1_484' title='bbox 2020 2701 2045 2739; x_wconf 95' lang='lat' dir='ltr'>I,</span> 
     </span>
     <span class='ocr_line' id='line_1_43' title="bbox 222 2759 2047 2799; baseline -0.001 -9"><span class='ocrx_word' id='word_1_485' title='bbox 222 2762 274 2790; x_wconf 82' lang='lat'>32.</span> <span class='ocrx_word' id='word_1_486' title='bbox 304 2761 399 2791; x_wconf 89' lang='lat' dir='ltr'>Ouid.</span> <span class='ocrx_word' id='word_1_487' title='bbox 425 2761 459 2790; x_wconf 88' lang='lat' dir='ltr'>P.</span> <span class='ocrx_word' id='word_1_488' title='bbox 484 2761 510 2798; x_wconf 92' lang='lat' dir='ltr'>I,</span> <span class='ocrx_word' id='word_1_489' title='bbox 536 2762 566 2796; x_wconf 82' lang='lat'>3,</span> <span class='ocrx_word' id='word_1_490' title='bbox 596 2762 646 2798; x_wconf 73' lang='lat'>16,</span> <span class='ocrx_word' id='word_1_491' title='bbox 672 2765 725 2790; x_wconf 79' lang='lat' dir='ltr'>aut</span> <span class='ocrx_word' id='word_1_492' title='bbox 747 2760 849 2789; x_wconf 72' lang='lat' dir='ltr'>horret</span> <span class='ocrx_word' id='word_1_493' title='bbox 871 2770 915 2789; x_wconf 83' lang='lat' dir='ltr'>me</span> <span class='ocrx_word' id='word_1_494' title='bbox 940 2760 1063 2799; x_wconf 75' lang='lat' dir='ltr'>aliquid,</span> <span class='ocrx_word' id='word_1_495' title='bbox 1089 2764 1123 2790; x_wconf 88' lang='lat' dir='ltr'>ut</span> <span class='ocrx_word' id='word_1_496' title='bbox 1151 2759 1274 2790; x_wconf 88' lang='lat' dir='ltr'>Colum.</span> <span class='ocrx_word' id='word_1_497' title='bbox 1300 2760 1326 2797; x_wconf 89' lang='lat' dir='ltr'>I,</span> <span class='ocrx_word' id='word_1_498' title='bbox 1345 2760 1374 2788; x_wconf 87' lang='lat'>4.</span> <span class='ocrx_word' id='word_1_499' title='bbox 1402 2759 1497 2790; x_wconf 87' lang='lat' dir='ltr'>Ouid.</span> <span class='ocrx_word' id='word_1_500' title='bbox 1521 2760 1557 2789; x_wconf 79' lang='lat' dir='ltr'>P..</span> <span class='ocrx_word' id='word_1_501' title='bbox 1586 2761 1659 2789; x_wconf 78' lang='lat'>664.</span> <span class='ocrx_word' id='word_1_502' title='bbox 1683 2759 1716 2788; x_wconf 89' lang='lat' dir='ltr'>F.</span> <span class='ocrx_word' id='word_1_503' title='bbox 1742 2759 1766 2797; x_wconf 84' lang='grc' dir='ltr'>Ι,</span> <span class='ocrx_word' id='word_1_504' title='bbox 1793 2761 1874 2796; x_wconf 83' lang='grc'><strong>495;</strong></span> <span class='ocrx_word' id='word_1_505' title='bbox 1902 2759 1959 2789; x_wconf 88' lang='lat' dir='ltr'>sed</span> <span class='ocrx_word' id='word_1_506' title='bbox 1984 2767 2047 2788; x_wconf 86' lang='lat' dir='ltr'>non</span> 
     </span>
     <span class='ocr_line' id='line_1_44' title="bbox 222 2815 2047 2856; baseline -0.001 -10"><span class='ocrx_word' id='word_1_507' title='bbox 222 2818 261 2846; x_wconf 87' lang='lat' dir='ltr'>de</span> <span class='ocrx_word' id='word_1_508' title='bbox 286 2818 415 2848; x_wconf 87' lang='lat' dir='ltr'>horrore</span> <span class='ocrx_word' id='word_1_509' title='bbox 439 2827 541 2848; x_wconf 82' lang='lat' dir='ltr'>Sermo</span> <span class='ocrx_word' id='word_1_510' title='bbox 567 2822 626 2855; x_wconf 80' lang='lat' dir='ltr'>est,</span> <span class='ocrx_word' id='word_1_511' title='bbox 652 2818 708 2847; x_wconf 87' lang='lat' dir='ltr'>sed</span> <span class='ocrx_word' id='word_1_512' title='bbox 733 2818 772 2846; x_wconf 87' lang='lat' dir='ltr'>de</span> <span class='ocrx_word' id='word_1_513' title='bbox 796 2817 919 2847; x_wconf 84' lang='lat' dir='ltr'>foetore</span> <span class='ocrx_word' id='word_1_514' title='bbox 937 2818 956 2846; x_wconf 86' lang='lat' dir='ltr'>i.</span> <span class='ocrx_word' id='word_1_515' title='bbox 976 2827 1002 2848; x_wconf 89' lang='lat' dir='ltr'>e.</span> <span class='ocrx_word' id='word_1_516' title='bbox 1028 2818 1122 2847; x_wconf 88' lang='lat' dir='ltr'>odore</span> <span class='ocrx_word' id='word_1_517' title='bbox 1149 2816 1298 2856; x_wconf 72' lang='lat' dir='ltr'>(Sueten.</span> <span class='ocrx_word' id='word_1_518' title='bbox 1327 2815 1395 2846; x_wconf 82' lang='lat' dir='ltr'>Cal.</span> <span class='ocrx_word' id='word_1_519' title='bbox 1415 2817 1465 2845; x_wconf 83' lang='lat'>27.</span> <span class='ocrx_word' id='word_1_520' title='bbox 1486 2815 1563 2846; x_wconf 84' lang='lat' dir='ltr'>Sall.</span> <span class='ocrx_word' id='word_1_521' title='bbox 1588 2816 1658 2854; x_wconf 82' lang='lat' dir='ltr'>Ing.</span> <span class='ocrx_word' id='word_1_522' title='bbox 1679 2817 1730 2845; x_wconf 86' lang='lat'>44.</span> <span class='ocrx_word' id='word_1_523' title='bbox 1759 2816 1830 2846; x_wconf 86' lang='lat' dir='ltr'>Cat.</span> <span class='ocrx_word' id='word_1_524' title='bbox 1851 2817 1902 2846; x_wconf 88' lang='lat'>55.</span> <span class='ocrx_word' id='word_1_525' title='bbox 1929 2815 2047 2845; x_wconf 82' lang='lat' dir='ltr'>Catull.</span> 
     </span>
     <span class='ocr_line' id='line_1_45' title="bbox 223 2871 2046 2912; baseline -0.001 -10"><span class='ocrx_word' id='word_1_526' title='bbox 223 2874 336 2911; x_wconf 86' lang='lat' dir='ltr'>LXXI,</span> <span class='ocrx_word' id='word_1_527' title='bbox 363 2875 408 2912; x_wconf 76' lang='lat'>5).</span> <span class='ocrx_word' id='word_1_528' title='bbox 447 2874 550 2910; x_wconf 86' lang='lat' dir='ltr'>Quam</span> <span class='ocrx_word' id='word_1_529' title='bbox 574 2875 613 2904; x_wconf 88' lang='lat' dir='ltr'>ob</span> <span class='ocrx_word' id='word_1_530' title='bbox 639 2884 705 2904; x_wconf 86' lang='lat' dir='ltr'>rem</span> <span class='ocrx_word' id='word_1_531' title='bbox 730 2875 903 2912; x_wconf 84' lang='lat' dir='ltr'>legendum</span> <span class='ocrx_word' id='word_1_532' title='bbox 930 2877 978 2903; x_wconf 83' lang='lat' dir='ltr'>est</span> <span class='ocrx_word' id='word_1_533' title='bbox 1001 2873 1058 2903; x_wconf 74' lang='lat' dir='ltr'>olet</span> <span class='ocrx_word' id='word_1_534' title='bbox 1081 2883 1137 2911; x_wconf 90' lang='lat' dir='ltr'>pro</span> <span class='ocrx_word' id='word_1_535' title='bbox 1162 2873 1265 2903; x_wconf 73' lang='lat' dir='ltr'>horret</span> <span class='ocrx_word' id='word_1_536' title='bbox 1288 2883 1313 2902; x_wconf 88' lang='lat' dir='ltr'>s.</span> <span class='ocrx_word' id='word_1_537' title='bbox 1340 2877 1432 2902; x_wconf 73' lang='lat' dir='ltr'>erre-t.</span> <span class='ocrx_word' id='word_1_538' title='bbox 1470 2872 1554 2903; x_wconf 89' lang='lat' dir='ltr'>conf.</span> <span class='ocrx_word' id='word_1_539' title='bbox 1580 2872 1658 2903; x_wconf 86' lang='lat' dir='ltr'>Hor.</span> <span class='ocrx_word' id='word_1_540' title='bbox 1684 2873 1723 2904; x_wconf 89' lang='lat' dir='ltr'>E.</span> <span class='ocrx_word' id='word_1_541' title='bbox 1749 2873 1773 2910; x_wconf 92' lang='lat' dir='ltr'>I,</span> <span class='ocrx_word' id='word_1_542' title='bbox 1803 2873 1852 2910; x_wconf 87' lang='lat'>10,</span> <span class='ocrx_word' id='word_1_543' title='bbox 1882 2873 1931 2902; x_wconf 89' lang='grc'>19.</span> <span class='ocrx_word' id='word_1_544' title='bbox 1959 2871 1995 2901; x_wconf 88' lang='lat' dir='ltr'>C.</span> <span class='ocrx_word' id='word_1_545' title='bbox 2020 2871 2046 2908; x_wconf 91' lang='lat' dir='ltr'>I,</span> 
     </span>
     <span class='ocr_line' id='line_1_46' title="bbox 227 2928 2045 2968; baseline -0.002 -8"><span class='ocrx_word' id='word_1_546' title='bbox 227 2932 277 2967; x_wconf 86' lang='lat'>17,</span> <span class='ocrx_word' id='word_1_547' title='bbox 305 2932 332 2960; x_wconf 77' lang='lat'>7.</span> <span class='ocrx_word' id='word_1_548' title='bbox 360 2930 390 2960; x_wconf 88' lang='lat' dir='ltr'>S.</span> <span class='ocrx_word' id='word_1_549' title='bbox 417 2931 440 2966; x_wconf 81' lang='lat' dir='ltr'>I,</span> <span class='ocrx_word' id='word_1_550' title='bbox 468 2932 498 2968; x_wconf 86' lang='lat'>2,</span> <span class='ocrx_word' id='word_1_551' title='bbox 525 2933 577 2961; x_wconf 88' lang='lat'>30.</span> <span class='ocrx_word' id='word_1_552' title='bbox 605 2930 691 2960; x_wconf 83' lang='lat' dir='ltr'>infra</span> <span class='ocrx_word' id='word_1_553' title='bbox 714 2941 745 2960; x_wconf 92' lang='lat' dir='ltr'>u.</span> <span class='ocrx_word' id='word_1_554' title='bbox 772 2931 824 2960; x_wconf 89' lang='grc'><strong>29.</strong></span> <span class='ocrx_word' id='word_1_555' title='bbox 858 2930 955 2960; x_wconf 89' lang='lat' dir='ltr'>Ouid.</span> <span class='ocrx_word' id='word_1_556' title='bbox 982 2930 1025 2958; x_wconf 88' lang='lat' dir='ltr'>M.</span> <span class='ocrx_word' id='word_1_557' title='bbox 1051 2930 1089 2966; x_wconf 77' lang='lat' dir='ltr'>V,</span> <span class='ocrx_word' id='word_1_558' title='bbox 1117 2930 1191 2960; x_wconf 83' lang='lat'>405.</span> <span class='ocrx_word' id='word_1_559' title='bbox 1228 2930 1334 2959; x_wconf 85' lang='lat' dir='ltr'>Plaut.</span> <span class='ocrx_word' id='word_1_560' title='bbox 1371 2929 1467 2959; x_wconf 88' lang='lat' dir='ltr'>Most.</span> <span class='ocrx_word' id='word_1_561' title='bbox 1493 2930 1519 2965; x_wconf 87' lang='lat' dir='ltr'>I,</span> <span class='ocrx_word' id='word_1_562' title='bbox 1546 2930 1576 2965; x_wconf 84' lang='lat'>3,</span> <span class='ocrx_word' id='word_1_563' title='bbox 1605 2930 1678 2958; x_wconf 91' lang='lat'>121.</span> <span class='ocrx_word' id='word_1_564' title='bbox 1716 2928 1783 2959; x_wconf 85' lang='lat' dir='ltr'>Cic.</span> <span class='ocrx_word' id='word_1_565' title='bbox 1812 2929 1901 2959; x_wconf 83' lang='lat' dir='ltr'>Orat.</span> <span class='ocrx_word' id='word_1_566' title='bbox 1925 2928 1967 2966; x_wconf 89' lang='grc' dir='ltr'>ΙΙ,</span> <span class='ocrx_word' id='word_1_567' title='bbox 1994 2929 2045 2958; x_wconf 88' lang='lat'>61.</span> 
     </span>
     <span class='ocr_line' id='line_1_47' title="bbox 224 2983 2045 3028; baseline -0.001 -12"><span class='ocrx_word' id='word_1_568' title='bbox 224 2987 313 3016; x_wconf 79' lang='lat' dir='ltr'>Varr.</span> <span class='ocrx_word' id='word_1_569' title='bbox 340 2987 377 3015; x_wconf 89' lang='lat' dir='ltr'>R.</span> <span class='ocrx_word' id='word_1_570' title='bbox 403 2987 439 3016; x_wconf 82' lang='lat' dir='ltr'>R.</span> <span class='ocrx_word' id='word_1_571' title='bbox 464 2987 520 3022; x_wconf 82' lang='grc' dir='ltr'>ΙΙΙ,</span> <span class='ocrx_word' id='word_1_572' title='bbox 550 2988 601 3024; x_wconf 84' lang='grc'>16,</span> <span class='ocrx_word' id='word_1_573' title='bbox 628 2988 657 3016; x_wconf 89' lang='grc'>6.</span> <span class='ocrx_word' id='word_1_574' title='bbox 685 3004 725 3008; x_wconf 88' lang='lat'>-—</span> <span class='ocrx_word' id='word_1_575' title='bbox 752 2996 859 3016; x_wconf 83' lang='lat' dir='ltr'>rucam</span> <span class='ocrx_word' id='word_1_576' title='bbox 884 2996 909 3028; x_wconf 70' lang='grc' dir='ltr'>γ.</span> <span class='ocrx_word' id='word_1_577' title='bbox 962 2987 1016 3025; x_wconf 85' lang='grc'>16)</span> <span class='ocrx_word' id='word_1_578' title='bbox 1046 2985 1222 3015; x_wconf 72' lang='lat' dir='ltr'>Cantharus.</span> <span class='ocrx_word' id='word_1_579' title='bbox 1250 2985 1422 3023; x_wconf 74' lang='lat' dir='ltr'>Signif.—</span> <span class='ocrx_word' id='word_1_580' title='bbox 1440 2986 1541 3023; x_wconf 82' lang='lat' dir='ltr'>possit</span> <span class='ocrx_word' id='word_1_581' title='bbox 1564 2995 1591 3027; x_wconf 78' lang='grc' dir='ltr'>γ.</span> <span class='ocrx_word' id='word_1_582' title='bbox 1618 2995 1659 3015; x_wconf 84' lang='lat' dir='ltr'>ex</span> <span class='ocrx_word' id='word_1_583' title='bbox 1684 2987 1704 3015; x_wconf 91' lang='lat' dir='ltr'>b</span> <span class='ocrx_word' id='word_1_584' title='bbox 1729 2995 1791 3015; x_wconf 88' lang='lat' dir='ltr'>non</span> <span class='ocrx_word' id='word_1_585' title='bbox 1817 2986 1938 3015; x_wconf 85' lang='lat' dir='ltr'>notaui.</span> <span class='ocrx_word' id='word_1_586' title='bbox 1964 2983 2045 3014; x_wconf 87' lang='lat' dir='ltr'>conf.</span> 
     </span>
     <span class='ocr_line' id='line_1_48' title="bbox 226 3041 2046 3081; baseline -0.001 -9"><span class='ocrx_word' id='word_1_587' title='bbox 226 3042 268 3072; x_wconf 88' lang='lat' dir='ltr'>C:</span> <span class='ocrx_word' id='word_1_588' title='bbox 296 3042 479 3072; x_wconf 59' lang='lat' dir='ltr'>‘cantharus</span> <span class='ocrx_word' id='word_1_589' title='bbox 507 3044 590 3081; x_wconf 79' lang='lat' dir='ltr'>sign.</span> <span class='ocrx_word' id='word_1_590' title='bbox 608 3060 650 3064; x_wconf 45' lang='lat'>⁴—</span> <span class='ocrx_word' id='word_1_591' title='bbox 675 3053 755 3073; x_wconf 85' lang='lat' dir='ltr'>uasa</span> <span class='ocrx_word' id='word_1_592' title='bbox 778 3043 885 3080; x_wconf 73' lang='lat' dir='ltr'>nitida,</span> <span class='ocrx_word' id='word_1_593' title='bbox 910 3042 942 3072; x_wconf 77' lang='lat' dir='ltr'>in</span> <span class='ocrx_word' id='word_1_594' title='bbox 966 3041 1068 3081; x_wconf 67' lang='lat' dir='ltr'>qulbus</span> <span class='ocrx_word' id='word_1_595' title='bbox 1093 3052 1183 3072; x_wconf 84' lang='lat' dir='ltr'>suam</span> <span class='ocrx_word' id='word_1_596' title='bbox 1209 3043 1260 3072; x_wconf 88' lang='lat' dir='ltr'>im.</span> <span class='ocrx_word' id='word_1_597' title='bbox 1287 3041 1352 3081; x_wconf 73' lang='lat' dir='ltr'>quis</span> <span class='ocrx_word' id='word_1_598' title='bbox 1377 3043 1468 3080; x_wconf 81' lang='lat' dir='ltr'>quasi</span> <span class='ocrx_word' id='word_1_599' title='bbox 1494 3043 1527 3071; x_wconf 91' lang='lat' dir='ltr'>in</span> <span class='ocrx_word' id='word_1_600' title='bbox 1553 3051 1600 3080; x_wconf 91' lang='lat' dir='ltr'>sp.</span> <span class='ocrx_word' id='word_1_601' title='bbox 1627 3051 1676 3079; x_wconf 89' lang='lat' dir='ltr'>po.</span> <span class='ocrx_word' id='word_1_602' title='bbox 1703 3050 1843 3071; x_wconf 87' lang='lat' dir='ltr'>cernere.</span> <span class='ocrx_word' id='word_1_603' title='bbox 1870 3042 1952 3071; x_wconf 71' lang='lat' dir='ltr'>lanx.</span> <span class='ocrx_word' id='word_1_604' title='bbox 1979 3041 2046 3070; x_wconf 85' lang='lat' dir='ltr'>dis·</span> 
     </span>
     <span class='ocr_line' id='line_1_49' title="bbox 225 3095 2046 3142; baseline -0.002 -14"><span class='ocrx_word' id='word_1_605' title='bbox 225 3100 300 3129; x_wconf 61' lang='lat' dir='ltr'>cus!</span> <span class='ocrx_word' id='word_1_606' title='bbox 326 3099 395 3130; x_wconf 88' lang='lat' dir='ltr'>Hoc</span> <span class='ocrx_word' id='word_1_607' title='bbox 420 3100 518 3129; x_wconf 87' lang='lat' dir='ltr'>schol.</span> <span class='ocrx_word' id='word_1_608' title='bbox 544 3101 665 3130; x_wconf 80' lang='lat' dir='ltr'>habent</span> <span class='ocrx_word' id='word_1_609' title='bbox 689 3099 801 3130; x_wconf 78' lang='lat' dir='ltr'>veafh:</span> <span class='ocrx_word' id='word_1_610' title='bbox 828 3099 987 3138; x_wconf 60' lang='lat' dir='ltr'>‘Sigm—</span> <span class='ocrx_word' id='word_1_611' title='bbox 1004 3102 1168 3137; x_wconf 83' lang='lat' dir='ltr'>argentea,</span> <span class='ocrx_word' id='word_1_612' title='bbox 1193 3098 1225 3128; x_wconf 75' lang='grc' dir='ltr'>’ἰη</span> <span class='ocrx_word' id='word_1_613' title='bbox 1248 3098 1352 3138; x_wconf 75' lang='lat' dir='ltr'>quibas</span> <span class='ocrx_word' id='word_1_614' title='bbox 1377 3108 1425 3128; x_wconf 89' lang='lat' dir='ltr'>su.</span> <span class='ocrx_word' id='word_1_615' title='bbox 1452 3099 1546 3137; x_wconf 85' lang='lat' dir='ltr'>imag.</span> <span class='ocrx_word' id='word_1_616' title='bbox 1571 3099 1664 3137; x_wconf 86' lang='lat' dir='ltr'>quasi</span> <span class='ocrx_word' id='word_1_617' title='bbox 1689 3099 1722 3128; x_wconf 90' lang='lat' dir='ltr'>in</span> <span class='ocrx_word' id='word_1_618' title='bbox 1748 3108 1794 3137; x_wconf 85' lang='lat' dir='ltr'>sp.</span> <span class='ocrx_word' id='word_1_619' title='bbox 1822 3108 1872 3136; x_wconf 85' lang='lat' dir='ltr'>po.</span> <span class='ocrx_word' id='word_1_620' title='bbox 1899 3095 2046 3142; x_wconf 84' lang='lat' dir='ltr'>cernere.&#39;</span> 
     </span>
     <span class='ocr_line' id='line_1_50' title="bbox 225 3156 727 3194; baseline 0.002 -9"><span class='ocrx_word' id='word_1_621' title='bbox 225 3156 343 3186; x_wconf 85' lang='lat' dir='ltr'>Totum</span> <span class='ocrx_word' id='word_1_622' title='bbox 368 3156 465 3186; x_wconf 87' lang='lat' dir='ltr'>schol.</span> <span class='ocrx_word' id='word_1_623' title='bbox 492 3157 578 3194; x_wconf 84' lang='lat' dir='ltr'>negl.</span> <span class='ocrx_word' id='word_1_624' title='bbox 603 3166 664 3186; x_wconf 86' lang='lat' dir='ltr'>om.</span> <span class='ocrx_word' id='word_1_625' title='bbox 691 3156 727 3192; x_wconf 80' lang='lat' dir='ltr'>Q.</span> 
     </span>
    </p>
   </div>
   <div class='ocr_carea' id='block_1_9' title="bbox 2074 0 2148 3412">
    <p class='ocr_par' dir='ltr' id='par_1_19' title="bbox 2074 0 2148 3412">
     <span class='ocr_line' id='line_1_51' title="bbox 2074 0 2148 3412; baseline 0 0"><span class='ocrx_word' id='word_1_626' title='bbox 2074 0 2148 3412; x_wconf 95' lang='lat' dir='ltr'> </span> 
     </span>
    </p>
   </div>
  </div>
 </body>
</html>
