2148 3412
83 931 119 964 10

78 1302 118 1333 15

76 1673 117 1705 20

148 131 231 171 430
785 140 890 172 Aon.
914 141 974 172 ET
999 139 1166 172 i‘om‘u.
1194 139 1342 183 COMM.

263 266 324 304 12.
355 264 582 320 Adspersus
612 264 717 305 uolet
749 265 789 305 iu
822 278 936 319 caup.
960 265 1043 305 uiu.
1104 261 1200 315 Quo
1232 263 1405 319 colligit,
1441 278 1525 305 non
1557 262 1710 305 debere
1739 277 1815 305 nos
1845 269 1973 305 totam

148 337 284 378 odisse
315 337 444 377 uitam
476 344 648 392 propter
678 336 960 378 interueniens
992 336 1315 378 incommodum.
1377 336 1597 396 [Aspersus
1632 338 1738 379 uolet
1767 344 1808 378 et
1837 344 1973 378 uouet.

148 409 344 465 feliciter]
381 435 429 438 —
454 435 506 439 —

934 596 1183 660 †††

257 702 374 744 Inter
404 702 562 745 scholia
592 702 646 744 ad
676 718 714 744 u.
749 704 799 744 12
831 709 872 744 et
903 703 954 744 13
998 704 1165 759 (furnos
1197 710 1231 744 et
1261 703 1423 758 balnea)
1455 710 1549 758 post
1578 717 1727 744 uocem
1757 705 1973 745 incommo-

146 778 243 819 dnm
273 777 317 818 in
347 776 468 818 codd.
490 775 655 818 MR2G
675 791 889 831 parergon
909 775 995 817 DE
1018 774 1264 819 SATVRA
1294 776 1475 831 positum
1507 783 1580 827 est,
1621 777 1734 831 quod
1763 791 1847 818 non
1867 776 1974 818 Por-

145 850 364 905 phyrionis
396 864 486 892 esse
519 850 642 891 facile
672 850 749 892 tibi
779 849 1055 905 persuadebis
1097 849 1275 904 ideoque
1307 864 1358 891 ne
1391 848 1667 892 Sermonibus
1697 850 1777 892 hoc
1806 850 1975 892 nomine

145 924 499 979 praemittendum
530 924 703 974 iudices,
736 937 850 965 caue.
910 922 1122 965 Nimirum
1153 937 1242 964 mos
1288 923 1521 964 scribarum
1569 930 1670 973 erat,
1715 923 1789 964 ubi
1833 923 1975 978 aliqua

145 997 488 1039 membranorum
518 1013 617 1052 pars
647 1012 782 1039 uacua
813 1004 902 1038 erat
936 997 1095 1047 relicta,
1141 996 1390 1052 praesertim
1436 996 1606 1051 quidem
1651 997 1760 1038 inter
1805 997 1973 1053 singula

144 1081 380 1126 poematum
412 1085 582 1127 genera,
630 1071 730 1112 talia
761 1085 944 1127 parerga
975 1081 1044 1112 aut
1076 1086 1127 1112 ex
1157 1071 1357 1112 ueteribus
1394 1071 1679 1113 Grammaticis
1722 1071 1852 1126 petita
1896 1070 1972 1111 ad-

145 1144 343 1194 scribere,
376 1154 448 1186 aut
477 1161 535 1193 ea,
584 1159 683 1200 quae
714 1145 768 1186 acl
797 1147 929 1201 ipsum
950 1145 1181 1194 Horatium,
1213 1145 1372 1186 adeius
1402 1146 1528 1186 uitam
1559 1153 1594 1186 et
1624 1152 1763 1192 metra,
1792 1146 1972 1200 pertiue-

144 1219 250 1260 bant.
309 1217 426 1259 Inter
455 1218 560 1259 haec
604 1217 775 1259 breuius
820 1225 880 1259 est
924 1217 1042 1267 illud,
1088 1217 1200 1272 quod
1235 1217 1403 1273 incipit:
1450 1218 1500 1258 Iu
1537 1219 1740 1274 principio
1786 1219 1975 1260 carminis

148 1293 370 1348 Epicurum
400 1307 439 1332 se
469 1292 636 1346 fatetur,
682 1290 850 1346 longius
895 1297 1034 1332 autem
1064 1290 1120 1340 id,
1168 1291 1280 1346 quod
1310 1291 1452 1333 onmia
1491 1298 1624 1332 metra
1654 1290 1824 1333 Horatii
1867 1306 1975 1347 per—-

144 1371 297 1415 censet,
342 1380 437 1407 cum
467 1365 547 1406 hoc
578 1364 718 1406 initio:
767 1366 928 1407 ‘Decem
959 1373 993 1406 et
1022 1379 1165 1406 nouem
1195 1366 1332 1407 modos
1363 1373 1583 1407 metrorum
1612 1366 1653 1407 in
1686 1367 1861 1406 carmine
1901 1380 1975 1407 suo

144 1439 376 1496 conposuit?
437 1437 488 1479 In
519 1452 692 1480 numero
724 1453 881 1489 eorum,
929 1452 1036 1492 quae
1067 1452 1118 1479 ex
1151 1436 1452 1480 Grammaticis
1482 1439 1613 1494 petita
1644 1444 1751 1488 sunt,
1797 1438 1976 1480 habetur

143 1512 268 1554 etiam
314 1525 492 1566 sequens
537 1511 764 1567 disputatio
800 1513 846 1553 de
878 1520 1037 1560 satura,
1083 1525 1190 1566 quae
1221 1511 1335 1566 apud
1370 1512 1596 1553 Diomedem
1626 1510 1720 1553 Art.
1754 1510 1900 1554 Gram.
1933 1527 1973 1567 p.

143 1586 238 1627 483.
269 1586 362 1626 484.
395 1584 444 1625 P.
476 1591 514 1625 et
546 1600 585 1640 p.
609 1586 702 1627 485.
726 1586 820 1627 486.
842 1584 914 1635 K„
946 1584 1109 1626 auctior
1140 1592 1293 1635 tamen,
1325 1584 1481 1640 legitur
1512 1592 1636 1639 atque
1668 1599 1720 1626 ex
1748 1586 1974 1627 uetustiore

142 1659 449 1715 Porphyrionis
479 1658 601 1709 libro,
647 1659 758 1700 unde
790 1659 956 1701 codices
988 1658 1119 1700 nostri
1150 1658 1327 1713 profecti
1359 1664 1467 1709 sunt,
1515 1673 1539 1699 a
1570 1658 1709 1700 scriba
1749 1658 1974 1714 insipiente

145 1748 195 1775 ac
224 1733 391 1775 Latinis
421 1733 554 1775 literis
584 1732 854 1775 mediocriter
885 1733 1008 1775 docto
1038 1732 1081 1773 in
1119 1731 1276 1774 librum
1306 1730 1610 1774 Monacensem
1653 1733 1856 1774 translata
1900 1739 1973 1775 est.

144 1806 253 1850 Sunt
284 1814 422 1850 autem
453 1807 580 1850 haec:

822 1990 923 2044 DE
969 1989 1288 2045 SATVRA.

257 2100 411 2144 Satura
441 2101 594 2142 dicitur
625 2115 795 2143 carmen
826 2101 939 2156 apud
970 2100 1184 2143 Romanos
1215 2116 1327 2143 nunc
1358 2101 1527 2156 quidem
1565 2101 1817 2142 maledicum
1849 2107 1889 2142 et
1919 2100 1972 2142 ad

142 2176 356 2232 carpenda
386 2175 602 2217 hominum
633 2175 736 2216 uitia
768 2174 971 2216 archaeae
1003 2174 1245 2216 comoediae
1267 2175 1509 2216 charactere
1531 2174 1809 2230 conpositum,
1842 2174 1966 2230 quale

142 2250 401 2305 scripserunt
422 2249 604 2290 Lucilius
626 2255 664 2289 et
690 2249 886 2290 Horatius
917 2255 956 2289 et
987 2249 1165 2290 Persius.
1226 2249 1287 2289 At
1318 2249 1409 2290 olim
1441 2263 1611 2290 carmen
1632 2248 1744 2302 quod
1766 2262 1817 2289 ex
1837 2248 1969 2290 uariis

141 2323 405 2379 poematibus
436 2321 668 2372 constabat,
714 2330 856 2364 satura
900 2321 1142 2372 uocabatur,
1190 2322 1357 2376 qualem
1402 2322 1660 2377 scripserunt
1691 2323 1901 2364 Pacuuius
1931 2328 1971 2363 et

142 2400 311 2440 Ennius.
373 2398 564 2438 Saturam
596 2402 735 2437 autem
766 2395 920 2437 dictam
952 2395 1040 2437 siue
1072 2411 1096 2437 a
1126 2396 1295 2453 Satyris,
1328 2395 1442 2450 quod
1473 2395 1666 2437 similiter
1696 2395 1740 2436 in
1769 2395 1849 2437 hoc
1879 2410 1971 2437 car-

140 2472 253 2513 mine
284 2471 487 2512 ridiculae
517 2485 584 2512 res
605 2469 911 2525 pudendaeque
933 2470 1144 2520 dicuntur,
1177 2484 1285 2524 quae
1306 2469 1420 2510 uelut
1450 2485 1475 2510 a
1498 2468 1663 2524 Satyris
1684 2469 1967 2524 proferuntur,

141 2546 228 2587 siue
260 2560 284 2586 a
314 2553 457 2586 satura
487 2545 613 2594 lance,
645 2557 752 2598 quae
783 2543 935 2584 referta
973 2543 1103 2585 uariis
1141 2543 1365 2598 multisque
1406 2542 1605 2598 primitiis
1645 2542 1689 2582 in
1729 2557 1849 2584 sacro
1890 2542 1971 2584 diis

141 2619 253 2674 apud
285 2618 455 2660 Priscos
486 2617 744 2659 inferebatur
775 2624 815 2658 et
845 2633 870 2658 a
915 2617 1035 2672 copia
1081 2631 1129 2659 ac
1175 2616 1391 2659 saturitate
1437 2617 1498 2657 rei
1545 2624 1687 2658 satura
1731 2615 1968 2658 uocabatur.

258 2764 290 2801 1)
318 2764 440 2802 diligit,
467 2772 531 2792 non
557 2763 671 2792 debere
695 2771 748 2791 nos
772 2766 816 2792 to.
843 2761 962 2791 odiisse
988 2762 1016 2790 2.
1043 2770 1098 2790 nos
1125 2771 1184 2791 om.
1210 2761 1255 2791 fh.
1307 2761 1340 2800 2)
1367 2762 1514 2800 Aspersus
1538 2760 1616 2790 uolet
1642 2765 1673 2791 et
1697 2764 1802 2790 uouet.
1829 2759 1971 2790 feliciter

142 2820 183 2849 M.
210 2820 352 2858 imperiis
378 2820 456 2859 (sic)
482 2820 569 2849 uolet
595 2823 626 2849 et
651 2824 748 2849 uouet
774 2818 932 2848 foelicitur
956 2818 994 2855 R,
1021 2819 1087 2856 qui,
1113 2819 1216 2856 spatio
1234 2828 1334 2848 uacuo
1352 2819 1449 2848 trium
1466 2826 1620 2847 uersuum
1637 2817 1750 2847 relleto
1767 2826 1835 2847 cum
1852 2826 1971 2855 magna

143 2878 192 2907 lit.
220 2878 291 2906 init.
317 2878 421 2914 rubra,
449 2878 568 2907 omissa
593 2877 812 2914 inscriptione,
841 2875 974 2913 incipit:
1002 2874 1170 2904 SATYRA
1195 2874 1373 2905 DICITVR
1398 2873 1580 2904 CARMEN
1616 2874 1699 2911 apud
1737 2877 1795 2903 etc.
1832 2873 1970 2903 feliciter

142 2944 201 2962 mn.
228 2933 320 2963 AQG.
349 2935 517 2972 inscriptio
543 2934 633 2963 abest
658 2943 676 2963 a
701 2932 762 2962 QG.
813 2933 869 2971 25)
896 2931 976 2961 SAT
988 2932 1085 2961 VRA.
1112 2932 1145 2961 M
1171 2932 1315 2970 (uidetur
1340 2941 1358 2960 a
1383 2941 1424 2960 m.
1444 2932 1462 2960 2
1487 2931 1514 2960 V
1539 2932 1573 2960 in
1598 2930 1623 2959 Y
1648 2931 1758 2968 mut)
1786 2929 1967 2960 SATYRA.

142 2990 177 3018 P..
227 2991 283 3028 20)
311 2990 423 3019 Satura
448 2990 489 3019 M.
517 2991 586 3019 rell.
613 2989 736 3029 Satyra.
765 2990 799 3019 2:
827 2989 945 3029 Satyra
971 2990 1054 3027 apud
1079 2989 1168 3019 Rom.
1196 2999 1290 3019 carm.
1317 2989 1435 3018 dicitur
1459 2997 1542 3018 nunc
1565 2987 1644 3026 quod
1677 2988 1866 3017 maledicum
1901 2996 1969 3017 car-

142 3048 275 3085 pendum
301 3049 330 3076 2.
390 3048 447 3085 27)
476 3048 607 3077 archeae
632 3048 666 3078 R.
692 3049 843 3077 archerae
869 3049 897 3077 2.
963 3047 1020 3086 28)
1047 3046 1144 3076 lucius
1170 3051 1201 3077 et
1225 3047 1350 3076 oratius
1376 3045 1411 3074 R.
1438 3045 1578 3074 lucilius.
1606 3044 1759 3074 horatius.
1788 3044 1911 3082 persius
1937 3044 1967 3073 2.

145 3104 202 3142 29)
231 3108 337 3143 satyra
364 3105 393 3133 2.
466 3106 585 3142 qualem
610 3105 646 3134 P..
671 3105 740 3134 rell.
769 3104 868 3142 quale.
933 3105 989 3143 30)
1017 3107 1157 3143 satyram
1182 3104 1241 3134 R2.
1278 3103 1441 3142 pacuuius.
1470 3102 1583 3132 ennius
1610 3102 1639 3131 2.
1670 3101 1824 3139 pacuuius
1851 3103 1881 3131 et
1897 3099 1967 3138 pri-

143 3171 205 3190 mus
231 3160 265 3189 P..
300 3178 332 3181 W
361 3170 378 3190 a
404 3162 520 3190 saturis
546 3161 580 3191 R.
631 3160 689 3201 31>
716 3161 834 3192 saturis
858 3160 895 3190 R.
