2148 3412
147 977 187 1008 10

149 1348 188 1379 15

153 1717 193 1748 20

207 171 289 211 340
846 176 951 208 ACR.
978 176 1035 207 ET
1062 175 1229 206 i’oni‘H.
1257 174 1406 206 COMM.

323 305 386 344 11.
423 303 626 358 Gnusupe.
686 300 850 356 Mappa
881 299 1043 341 uillosa.
1108 299 1182 340 Hic
1213 312 1434 353 gausapes.

322 386 355 418 et
384 377 495 417 alter.
556 374 655 416 Post
688 373 820 423 illum,
853 373 924 428 qui
956 372 1084 414 tersit.

324 451 388 491 12.
419 449 607 503 Szebleqe't.
638 446 897 492 Ἀνελέξατο.

323 526 480 565 faceret.
543 521 833 579 [Remaneret]
867 521 1139 561 Permaneret
1172 519 1215 559 in
1247 533 1404 560 mensa.

324 598 387 638 13.
421 597 626 652 offendere.
687 595 881 636 Laedere
912 593 1068 643 oculos,
1101 607 1270 634 mouere
1302 591 1516 634 fastidium
1548 602 1588 633 et
1617 591 1833 633 horrorem
1864 591 2015 632 facere.
2046 642 2052 647 Ι

326 680 366 712 ιιι
398 672 529 711 Attica
560 670 688 724 uiryo.
738 670 798 710 Ut.
828 667 1080 722 Tamquam.
1141 664 1276 718 Quasi
1298 681 1381 706 una
1403 665 1453 706 de
1479 664 1758 720 Κανηφόροις,
1792 679 1899 719 quae
1923 679 2044 706 sacra

210 744 254 786 in
287 744 424 799 capite
456 743 588 785 solent
620 750 802 797 portare.

326 820 390 859 14.
425 818 647 873 Hydaspes.
706 814 871 856 Nomen
904 814 1144 869 pincernae.
1220 811 1448 868 Hydaspes
1491 819 1529 853 et
1570 810 1709 853 Alcon
1750 826 2046 854 conseruorum

211 891 395 933 nomina.

329 966 392 1006 15.
426 963 566 1006 Aleon.
627 962 741 1003 Puer
773 960 925 1003 Alcon.

333 1039 475 1080 Chium
504 1038 627 1078 maris
660 1051 817 1092 expers.
881 1033 1052 1076 Scilicet
1084 1036 1218 1089 ferens
1244 1035 1439 1090 procedit.

330 1114 394 1154 15.
432 1112 572 1154 Chium
604 1112 729 1152 »iaris
751 1125 906 1167 expers.
965 1109 1016 1150 In
1049 1124 1131 1164 quo
1161 1122 1272 1163 aqua
1303 1107 1467 1148 marina
1498 1122 1583 1148 non
1613 1107 1806 1157 mittitur,
1840 1107 1929 1149 sine
1960 1122 2050 1149 ma-

213 1186 308 1228 rina.
339 1200 458 1240 aqua.
519 1185 569 1226 In
602 1183 785 1227 Graecia
818 1183 931 1224 enim
963 1183 1065 1225 solet
1096 1183 1195 1224 uino
1227 1196 1337 1236 aqua
1368 1181 1531 1222 marina
1562 1180 1743 1231 misceri,
1789 1188 1832 1222 ut
1863 1196 1948 1223 non
1978 1182 2051 1222 fa—

215 1259 294 1301 cile
327 1266 632 1314 corrumpatur.
696 1259 857 1314 Eoepers
889 1272 991 1313 ergo
1023 1256 1112 1298 sine
1144 1255 1308 1297 marina
1339 1270 1467 1310 aquag
1514 1255 1602 1296 siue
1635 1255 1746 1311 quod
1777 1270 1931 1310 aquam
1962 1269 2051 1296 ma-

215 1334 353 1375 rinam
387 1333 569 1390 [marina
602 1332 730 1389 aqua]
765 1332 903 1381 ducat,
937 1346 1013 1385 per
1044 1345 1159 1371 mare
1189 1330 1286 1370 dum
1320 1330 1587 1371 transferturz
1621 1344 1722 1385 ergo
1754 1344 1908 1386 expers,
1942 1328 2054 1384 quod

215 1423 292 1464 per
321 1417 476 1449 terram
508 1407 729 1448 aduectum
762 1414 836 1455 est,
869 1420 951 1446 non
984 1419 1059 1459 per
1089 1418 1219 1452 mare,
1263 1403 1306 1443 id
1338 1411 1412 1453 est,
1457 1402 1611 1444 Italum
1642 1403 1802 1454 uinum,
1835 1403 1948 1459 quod
1979 1418 2054 1458 per
2114 1431 2118 1438 -

215 1489 371 1522 terrain
401 1481 528 1536 uenit.

331 1555 395 1595 16.
433 1555 507 1596 Hic
545 1556 655 1596 Temo
688 1569 793 1595 erus.
840 1552 1108 1594 Nasidienus.
1170 1552 1247 1594 Hic
1280 1565 1384 1592 erus.
1432 1549 1518 1592 Hic
1552 1550 1806 1608 [apparatis]
1842 1550 2054 1593 Subaudi-

217 1644 309 1669 mus
343 1630 397 1669 ait
430 1627 738 1685 [Nasidienus]

337 1703 400 1742 17.
434 1703 637 1758 adpositis.
700 1700 782 1742 His
814 1699 1044 1755 apparatis,
1092 1713 1200 1752 quae
1234 1707 1401 1753 praesto
1434 1708 1541 1747 sunt,
1588 1698 1631 1738 id
1667 1706 1741 1748 est,
1789 1696 1986 1740 Caecubo
2017 1705 2057 1739 et

223 1774 345 1825 Chio,
378 1775 421 1816 in
454 1775 661 1817 conuiuio.

334 1851 399 1890 17.
431 1850 573 1896 herus,·
597 1850 812 1898 Albanum,
842 1849 1068 1890 Maecenas.
1132 1845 1343 1888 Dominus
1375 1845 1545 1901 prandii
1576 1845 1646 1887 ait.

316 2057 348 2095 1)
374 2056 491 2094 Mappa
517 2055 615 2084 uilosa
641 2065 666 2095 γ.
688 2055 773 2093 (rell.
802 2054 941 2092 uillosa).
971 2055 1021 2083 hic
1047 2063 1206 2092 gausapes
1233 2053 1298 2094 ⁴5,C.
1324 2054 1394 2083 reli.
1421 2063 1480 2083 om.
1512 2054 1563 2083 hic
1588 2064 1754 2093 gausapes.
1805 2055 1839 2093 2)
1865 2055 1943 2084 Post
1967 2055 2058 2085 illum

222 2114 275 2152 qui
301 2114 396 2142 tersit.
421 2112 485 2154 *[,C.
515 2113 584 2141 rell.
613 2122 673 2141 om.
733 2112 768 2149 3)
796 2108 930 2146 Ανεξατο
957 2120 982 2151 γ.
1009 2107 1176 2146 ανελέξατο
1205 2109 1239 2140 C.
1268 2112 1334 2140 rell.
1361 2120 1421 2140 om.
1470 2112 1504 2149 42)
1532 2111 1634 2140 Peru-1.
1661 2112 1692 2141 in
1719 2121 1828 2141 mensa
1852 2121 1878 2153 γ.
1905 2112 1972 2141 rell.
1998 2111 2059 2140 Re-

222 2174 377 2199 maneret.
427 2170 461 2208 5)
489 2170 594 2198 ledere
619 2169 756 2205 occulos,
784 2177 865 2196 mou.
888 2167 968 2199 fast.
988 2171 1014 2195 et
1031 2168 1111 2196 horr.
1140 2167 1244 2197 faeere
1269 2177 1294 2208 γ.
1321 2168 1436 2206 vulgo:
1465 2168 1546 2197 laed.
1573 2178 1618 2197 oc.
1645 2169 1727 2198 horr.
1754 2167 1868 2204 facere,
1896 2167 1968 2198 fast.
1995 2178 2059 2197 mo—

223 2237 308 2258 uere.
337 2226 378 2256 C:
399 2227 526 2256 laedere
543 2227 658 2261 uisum,
679 2234 804 2254 mouere
824 2224 1000 2253 fastidium.
1053 2224 1087 2261 6)
1106 2224 1283 2263 Tamquam
1302 2223 1366 2266 -;‚C.
1387 2224 1487 2259 Quasi
1506 2235 1566 2254 una
1585 2225 1703 2254 detane
1721 2220 1849 2255 ‹DUPIC
1870 2226 1960 2265 (sic),
1980 2234 2060 2263 quae

223 2294 330 2314 sacras
356 2285 389 2313 in
415 2284 521 2320 eapite
547 2282 623 2313 solet
647 2286 772 2320 portare
797 2292 823 2323 γ.
851 2282 932 2312 conf.
960 2281 998 2310 C:
1054 2300 1060 2302 Δ
1095 2301 1134 2303 —-
1163 2277 1383 2324 *Κανηφόρους
1408 2283 1464 2315 aits
1493 2292 1573 2321 quae
1598 2292 1688 2311 sacra
1714 2281 1822 2312 Cereri
1848 2283 1983 2312 sublatis
2008 2291 2060 2311 su-

223 2351 280 2380 pra
306 2345 400 2379 caput
426 2341 585 2376 manibus,
624 2340 655 2368 in
682 2340 837 2377 sportulis
862 2343 987 2377 portare
1012 2338 1164 2368 solebant!
1192 2339 1261 2368 rell.
1301 2338 1398 2368 Attica
1421 2339 1518 2378 vir-90.
1558 2339 1647 2374 Quae
1672 2339 1747 2368 solet
1776 2340 1808 2368 in
1835 2339 1940 2377 capite
1971 2348 2061 2368 sacra

222 2403 360 2436 portare.
411 2398 444 2436 8)
472 2397 596 2426 Nomen
615 2397 787 2435 pincernae
812 2406 837 2437 γ.
859 2397 927 2424 rell.
947 2406 1006 2425 om.
1034 2396 1176 2434 Hydasp.
1203 2402 1233 2425 et
1260 2397 1356 2426 alcon.
1384 2405 1470 2425 cons.
1489 2397 1619 2426 nomina
1643 2406 1669 2437 γ.
1696 2396 1764 2425 rell.
1791 2406 1851 2426 om.
1904 2396 1959 2435 10)
1984 2403 2061 2434 puer

223 2455 335 2485 alchon
360 2464 385 2495 γ.
414 2454 482 2484 rell.
511 2464 570 2484 om.
624 2454 678 2493 11)
709 2451 811 2482 Chium
829 2471 862 2473 ⁷-
876 2453 1016 2490 procedit
1038 2462 1064 2494 γ.
1092 2453 1162 2482 rell.
1191 2463 1251 2482 om.
1305 2453 1359 2491 12)
1386 2453 1417 2482 in
1437 2462 1516 2491 quae
1534 2454 1563 2482 h.
1585 2454 1617 2482 in
1637 2452 1720 2491 quod
1735 2452 1771 2488 Q.
1800 2453 1850 2491 (in
1866 2470 1900 2473 ω
1918 2452 2061 2483 mittitur

225 2522 284 2542 om.
303 2510 352 2551 C).
374 2512 442 2541 rell.
463 2512 494 2541 in
512 2521 578 2550 quo.
599 2516 629 2540 et
649 2514 736 2540 recte
763 2511 903 2548 quidem.
931 2509 1012 2539 conf.
1039 2510 1162 2539 pallad.
1192 2510 1281 2539 Febr.
1311 2510 1369 2539 25:
1389 2510 1465 2548 pira
1490 2509 1521 2538 in
1547 2510 1677 2540 masculo.
1705 2509 1818 2540 octob.
1849 2510 1905 2539 14:
1932 2509 2062 2539 cinerem

223 2570 255 2599 in
280 2569 366 2599 (lolio.
392 2578 464 2598 nam
491 2568 605 2598 mittere
622 2568 650 2597 h.
669 2568 689 2596 l.
716 2572 764 2596 est
791 2567 931 2606 inponere
957 2571 992 2596 ut
1020 2566 1115 2596 Ouid.
1132 2567 1236 2604 F.V1‚
1252 2569 1331 2597 310:
1359 2566 1436 2596 Fert
1462 2566 1564 2596 missos
1580 2567 1699 2596 Vestae
1723 2576 1802 2605 pura
1828 2567 1948 2605 patella
1973 2565 2060 2596 cibos.
2119 2592 2123 2594 ,

225 2627 274 2656 Ne
299 2626 476 2656 confundas
502 2635 578 2663 ergo
604 2625 785 2654 locutiones
811 2625 943 2660 aiienas,
969 2628 1003 2653 ut
1023 2623 1089 2653 Cic.
1109 2625 1147 2653 N.
1162 2625 1204 2654 D.
1222 2624 1264 2657 II,
1283 2626 1344 2654 40:
1372 2624 1465 2654 Luna
1490 2624 1589 2653 mittit
1616 2624 1718 2653 lucem
1736 2624 1769 2653 in
1793 2628 1906 2653 terras.
1932 2624 2062 2653 mittere

226 2684 259 2712 in
283 2683 419 2713 foueam,
447 2683 694 2720 possessionem,
721 2681 874 2717 medium,
902 2682 1073 2710 eonsilium
1100 2684 1157 2710 etc.
1211 2682 1265 2720 14)
1292 2681 1376 2719 quod
1402 2690 1514 2719 aquam
1531 2681 1684 2711 marinam
1708 2681 1804 2710 ducat
1829 2690 1855 2722 γ.
1882 2680 1952 2709 rell.
1979 2679 2062 2718 quod

227 2740 347 2770 marina
373 2750 453 2778 aqna
479 2741 584 2769 ducat.
611 2737 651 2768 C:
678 2742 730 2767 aut
755 2737 848 2767 maris
873 2747 989 2775 eoepers.
1017 2738 1048 2767 id
1074 2743 1133 2775 est,
1166 2748 1227 2768 non
1255 2739 1335 2768 mari
1361 2738 1545 2774 aduectum,
1583 2738 1640 2767 sed
1676 2738 1709 2767 in
1746 2737 1843 2768 Italia
1880 2740 1993 2766 natum
2030 2738 2062 2765 ei:

228 2798 359 2827 factum.
425 2797 480 2834 16)
508 2807 537 2834 p.
566 2800 684 2825 terram
711 2796 879 2824 aduectum
907 2798 967 2831 est,
993 2804 1055 2824 non
1080 2804 1110 2832 p.
1137 2805 1225 2824 mare
1249 2805 1274 2835 γ.
1300 2795 1368 2824 rell.
1407 2805 1436 2833 p.
1462 2798 1593 2833 terram,
1620 2804 1682 2824 non
1708 2804 1737 2833 p.
1764 2805 1804 2824 m.
1832 2794 1906 2823 adu.
1934 2796 1991 2823 est.
2027 2791 2062 2823 id

229 2859 277 2885 est
309 2873 315 2875 -
370 2855 459 2884 uenit
484 2864 510 2895 γ.
539 2855 607 2883 rell.
635 2864 694 2883 om.
763 2854 817 2892 18)
843 2851 900 2882 hic.
928 2852 1018 2881 Tunc
1042 2862 1068 2894 γ.
1095 2853 1195 2882 herus.
1222 2853 1417 2882 Nasidienus
1442 2861 1468 2893 γ.
1494 2851 1542 2881 hic
1567 2851 1666 2881 herus.
1700 2856 1776 2881 tunc
1801 2851 2000 2881 Nasidienus
2026 2847 2061 2879 C.

229 2912 296 2942 rell.
324 2922 384 2941 om.
412 2912 553 2949 Longius
580 2912 723 2941 scholion
750 2911 815 2940 tale
840 2911 873 2939 in
899 2910 990 2939 libris
1017 2913 1082 2939 est:
1110 2910 1170 2940 Hic
1196 2911 1291 2940 herus
1318 2910 1448 2947 (haerus
1466 2910 1510 2948 a).
1537 2909 1588 2938 his
1617 2908 1680 2947 (hic
1706 2905 1798 2945 G?Q)
1826 2907 1992 2946 apparatis
2017 2906 2063 2936 ait

228 2968 435 2998 Nasidienus.
463 2978 497 3009 γι
524 2969 574 2998 his
601 2969 764 3007 apparatis
789 2966 981 2997 subaudimus
1000 2968 1056 2997 ait.
1083 2968 1242 3006 Equidem
1270 2968 1393 2997 scholia
1419 2965 1560 2996 confusis
1587 2966 1694 2995 uerbis
1720 2966 1897 3003 deprauata
1922 2965 1968 2994 sic
1992 2972 2062 2993 con·
2121 2978 2132 2990 κ

230 3026 364 3054 stituere
390 3030 523 3054 conatus
551 3035 637 3054 sum:
678 3025 746 3054 ‘Hic
771 3034 850 3054 erus.
888 3024 950 3054 Hic
975 3025 1184 3054 subaudimus
1210 3024 1262 3054 scit.
1324 3025 1380 3062 20)
1406 3022 1559 3062 adpositis,
1598 3022 1658 3052 His
1684 3022 1861 3061 apparatis,
1897 3029 1977 3060 quae
2002 3023 2061 3050 etc.

230 3091 311 3120 quae
337 3086 465 3119 praesto
493 3100 532 3102 —e
560 3083 710 3112 conuiuio
735 3091 762 3123 γ.
791 3082 860 3111 rell.
887 3091 946 3110 om.
973 3080 1064 3111 Conf.
1082 3080 1124 3111 C:
1146 3099 1185 3102 —
1207 3098 1245 3102 —-—
1267 3081 1378 3119 ‘magis
1405 3086 1436 3109 te
1463 3080 1602 3109 delectat
1627 3079 1798 3118 appositis,
1824 3079 1858 3108 id
1883 3081 1942 3115 est,
1968 3085 2062 3116 quam
2120 3083 2143 3102 ε·-

231 3147 312 3177 quae
338 3139 495 3176 apposita,
523 3144 551 3168 et
579 3140 612 3168 in
639 3140 789 3169 conuiuio
815 3142 944 3177 praesto
969 3143 1055 3174 sunt,
1083 3139 1206 3168 scilicet
1235 3137 1417 3167 Caecubum
1444 3140 1474 3166 et
1501 3135 1640 3166 Chium.7
1705 3137 1763 3175 22)
1789 3135 1943 3165 Dominus
1968 3141 2062 3173 prau-

232 3196 277 3225 dii
302 3195 347 3225 ait
372 3205 397 3236 γ.
424 3196 492 3225 rell.
520 3205 579 3225 om.
