2148 3412
808 145 856 177 IN
881 145 1016 179 SERM.
1043 147 1068 186 1⁷
1095 150 1124 179 6.
1797 141 1877 182 115

1 223 5 247 l

0 248 4 360 j
163 283 238 325 quo
268 269 403 311 morbo
436 269 610 311 Barrus.
673 267 742 325 [Id
773 275 853 311 est:
900 269 1096 327 libidine]
1138 271 1303 313 Barrus
1332 272 1410 314 iste
1441 272 1638 328 cupiebat
1667 287 1711 316 se
1741 274 1878 316 uideri

0 361 4 412 f
51 345 297 391 formosum3
330 341 540 397 significat
571 348 708 383 autem
731 343 941 397 quendam
963 343 1199 386 adulterum
1230 345 1274 385 in
1296 352 1440 401 stupro
1460 345 1673 388 Aemiliae
1694 347 1877 403 uirginis

0 421 3 483 ξ
51 415 232 460 Vestalis
262 421 358 456 ante
389 415 675 470 dampnatum.

0 498 4 550 ι
161 491 226 531 34.
257 488 324 531 Sic
345 489 633 545 quz'promittc't,
657 489 732 530 cz'u.
752 489 844 530 Urb.
865 489 941 530 sz‘bz'
959 503 1090 531 curae.
1150 489 1202 531 Id
1224 497 1302 532 est:
1336 491 1408 546 qui
1438 492 1594 548 accipit
1624 493 1877 535 senatoriam

0 568 3 619 ξ
50 563 307 620 dignitatem.
380 560 491 602 Nam
522 561 594 616 qui
623 561 786 616 accepit
821 561 1084 617 dignitatem,
1128 563 1296 605 uidetur
1325 564 1581 619 promittere,
1628 580 1752 608 curae
1798 567 1878 609 sibi

0 622 3 714 ξ
49 651 137 679 esse
157 635 350 692 patriam.
412 633 533 676 Ordo
564 642 647 676 est:
687 633 835 691 [Nam]
859 634 894 676 si
925 635 1018 689 quis
1048 636 1254 691 promittit
1285 637 1397 679 ciues
1429 644 1468 678 et
1499 637 1663 680 Urbem
1686 639 1766 681 sibi
1788 654 1878 682 esse

0 724 3 754 ξ
50 724 184 760 curae,
216 708 329 764 cogit
349 722 493 750 omnes
514 707 724 756 mortales,
757 708 808 748 de
840 722 883 749 se
915 722 1060 750 curare
1083 716 1122 749 et
1144 709 1195 750 de
1218 710 1302 751 suis
1324 710 1547 761 natalibus,
1579 711 1685 753 sicut
1705 713 1877 756 insanus

0 770 3 852 ξ
47 782 190 825 habitu
219 796 342 832 nouo,
375 787 413 822 et
446 781 517 835 qui
548 780 637 822 uult
667 780 803 821 uideri
834 781 1022 836 pulcher.

157 856 223 897 38.
259 856 295 897 T
293 870 384 903 une,
416 855 522 911 Syri,
556 855 724 903 Damae,
758 861 830 896 aut
850 855 967 896 Dion.
996 855 1053 911 fil.
1086 860 1221 898 audes.
1246 856 1369 898 Tune.
1429 855 1550 898 Tune
1568 857 1648 908 Tu,
1680 872 1704 900 o
1734 859 1876 901 nescio

50 930 121 986 qui
151 929 307 985 ignote,
341 942 484 970 curam
515 927 620 969 uelis
651 927 807 969 habere
837 927 1108 983 reipublicae.
1175 927 1334 971 Sensus
1367 928 1490 986 [est]:
1534 930 1601 971 Tu
1638 931 1710 985 qui
1746 931 1874 973 liber-

54 1002 151 1045 tinis
191 1016 234 1044 es
275 1001 541 1058 parentibus,
592 1001 721 1043 audes
759 1001 849 1057 [ne]
886 1000 1143 1043 tribunatum
1178 1002 1496 1044 administrare?
1556 1003 1670 1059 Syri,
1707 1005 1873 1047 Damae.

49 1075 304 1133 Ignobilium
327 1075 590 1130 quorundam
612 1075 663 1116 de
686 1072 824 1130 Syria.
868 1075 1034 1117 Damae.
1071 1077 1202 1117 Dama
1222 1075 1379 1131 gentile
1396 1076 1628 1131 proprium.
1662 1076 1872 1121 Obiectio.

0 1372 3 1406 Ι

44 1226 162 1257 barrus.
188 1226 216 1255 is
240 1225 374 1255 moechus
388 1224 464 1265 suit,
482 1224 522 1255 C:
551 1225 682 1254 ‘Barrus
706 1224 841 1254 moechus
853 1224 932 1263 ficit,
959 1229 1089 1263 propter
1115 1226 1274 1255 incestum
1291 1224 1449 1256 Aemiliae
1474 1226 1611 1265 virginis
1629 1227 1772 1258 Vestalis
1798 1238 1873 1259 con-

44 1283 223 1313 demnatus:
253 1283 320 1312 eius
344 1285 449 1312 autem
476 1282 604 1312 morbus
628 1281 693 1310 fuit
719 1281 923 1310 adulterandi
954 1282 1106 1319 studium,
1146 1283 1197 1320 qui
1234 1283 1319 1311 bona
1355 1282 1458 1312 forma
1493 1284 1642 1321 corporis,
1681 1288 1717 1313 ut
1754 1285 1874 1322 puellis

43 1348 179 1369 amorem
206 1339 255 1368 sui
280 1339 424 1376 iniceret,
450 1338 683 1368 obambulando
709 1338 799 1367 dedit
824 1339 1021 1368 occasionem
1048 1339 1086 1367 de
1113 1348 1169 1367 sua
1186 1339 1426 1376 pulchritudine
1445 1340 1690 1378 interrogandi.’
1728 1341 1874 1372 Eandem

44 1396 143 1435 stupri
169 1395 285 1426 famam
311 1400 343 1425 et
367 1394 502 1425 Acronis
528 1395 726 1433 subsequens
753 1395 899 1424 scholion
925 1395 987 1425 fert
1013 1399 1053 1432 et,
1083 1396 1168 1433 quod
1194 1396 1269 1424 huic
1294 1396 1363 1425 loco
1389 1396 1500 1425 datum
1527 1400 1588 1433 est,
1626 1397 1872 1436 Porphyrionis.

42 1452 117 1483 Rem
142 1453 245 1491 ipsam
271 1456 367 1490 atque
393 1452 626 1482 sententiarum
652 1451 795 1480 ordinem
821 1451 853 1479 in
879 1451 944 1480 illis
969 1451 1097 1481 Horatii
1122 1452 1271 1481 uersibus
1289 1452 1342 1489 qui
1361 1452 1511 1489 cernitur,
1538 1453 1641 1491 magis
1658 1458 1874 1491 respexerunt

42 1509 111 1553 Βφι
139 1510 260 1539 ‘uam-us
285 1509 347 1539 iste
370 1508 533 1538 uilissimae
556 1507 687 1537 libidinis
712 1507 860 1547 (Porph.)
888 1507 949 1537 fuit
976 1512 1008 1538 et
1024 1509 1187 1546 appetitor
1205 1509 1339 1538 decoris.
1369 1508 1458 1539 Dicit
1477 1519 1561 1547 ergo,
1588 1510 1674 1547 quia,
1702 1510 1785 1540 sicut
1803 1511 1873 1549 qui-

41 1566 121 1596 libet
144 1566 283 1596 rusticus
308 1566 442 1595 indutus
466 1565 617 1602 pretiosis
644 1564 847 1594 uestimentis
872 1565 924 1594 uel
950 1566 1089 1603 quilibet
1114 1566 1309 1595 libidinosus
1335 1567 1495 1595 transiens
1522 1575 1577 1604 per
1602 1569 1723 1596 turmas
1749 1568 1873 1605 puella-

41 1633 110 1653 rum
134 1626 284 1662 prouocat
309 1622 453 1652 homines
478 1622 518 1650 ad
544 1621 780 1659 inquirendum.
821 1631 883 1659 quo
909 1622 953 1651 sit
977 1625 1066 1660 patre
1094 1625 1189 1651 natus
1217 1625 1247 1650 et
1273 1622 1387 1660 quibus
1412 1623 1555 1652 moribus
1581 1623 1709 1661 polleat,
1748 1624 1793 1653 sic
1818 1625 1873 1663 qui

1 1673 3 1677 ⁴
43 1689 76 1710 se
100 1680 212 1710 inserit
237 1680 398 1709 senatorio
423 1679 530 1708 ordini
558 1681 589 1707 et
614 1678 841 1715 rempublicam
867 1678 1095 1708 administrare
1122 1679 1222 1716 cupit.
1251 1678 1432 1716 adstringit
1458 1688 1491 1708 se
1517 1679 1557 1708 ad
1595 1680 1692 1708 istam
1731 1681 1872 1710 necessi-

41 1740 149 1767 tatem.
173 1740 209 1766 ut
234 1736 416 1774 inquiratur
440 1744 459 1764 a
483 1735 618 1765 ciuibus.
646 1744 705 1773 quo
732 1735 774 1763 sit
799 1743 915 1772 genere
940 1739 1048 1765 natus.
1076 1735 1178 1764 nobili
1203 1743 1243 1763 an
1269 1735 1418 1772 ignobili.
1446 1739 1477 1764 et
1504 1736 1536 1764 in
1563 1739 1686 1774 quanto
1712 1736 1755 1765 sit
1774 1745 1873 1767 censu

42 1793 261 1824 constitutus.⁷
297 1792 458 1830 Ambigua
482 1795 598 1829 autem,
624 1795 660 1821 ut
686 1792 748 1821 iam
773 1791 924 1828 uidimus,
961 1792 1058 1821 huius
1085 1792 1223 1820 nominis
1249 1792 1409 1829 scriptura
1435 1796 1485 1821 est
1511 1795 1542 1820 et
1568 1792 1600 1821 in
1625 1792 1716 1821 codd.
1742 1792 1872 1823 Horatii

0 1858 3 1884 ι
43 1852 74 1879 et
97 1850 131 1879 in
156 1849 249 1879 libris
274 1852 356 1878 uett.
394 1849 616 1886 interpretum,
654 1852 750 1886 atque
776 1857 837 1877 non
863 1848 966 1877 solum
992 1848 1051 1876 hoc
1076 1848 1143 1877 loco
1170 1848 1226 1876 sed
1253 1848 1351 1877 etiam
1388 1847 1418 1877 S.
1444 1848 1468 1884 I,
1496 1848 1525 1883 4,
1554 1849 1628 1885 110,
1665 1849 1720 1877 ubi
1756 1849 1872 1879 Baius

42 1914 118 1944 pure
142 1909 252 1935 exstat
276 1906 311 1935 in
336 1905 447 1935 Ambr.
471 1904 568 1934 Bern.
596 1904 630 1940 C,
657 1914 736 1934 corr.
762 1904 793 1933 in
818 1903 877 1933 EH
902 1913 943 1933 ex
967 1903 1098 1941 Baras,
1137 1904 1222 1942 quod
1258 1904 1391 1941 plurimi
1428 1908 1510 1934 uett.
1550 1905 1621 1934 libri
1659 1909 1799 1942 tuentur,
1836 1910 1872 1936 ut

41 1961 137 1992 Fran.
162 1962 263 2005 szJP
287 1961 407 1992 Bernn.
432 1960 490 1990 AB
516 1961 648 1999 aliique.
689 1961 807 1990 Nostro
832 1960 902 1989 loco
926 1960 1068 1990 Barrus
1104 1960 1198 1989 lectio
1235 1960 1324 1998 uulg.
1364 1964 1473 1998 potest
1510 1961 1585 1997 dici,
1624 1962 1726 1991 altera
1761 1965 1871 1991 tamen

0 2056 2 2063 ,
47 2019 182 2049 Varrus
206 2019 239 2048 in
264 2019 458 2056 quibusdam
481 2017 678 2056 peruetustis
704 2017 793 2047 codd.
819 2017 958 2054 Horatii,
983 2020 1020 2046 ut
1046 2016 1127 2059 ΕΒφ
1153 2017 1193 2047 al.
1221 2020 1251 2046 et
1278 2018 1311 2046 in
1337 2017 1444 2047 lemm.
1472 2018 1551 2047 etin
1570 2018 1692 2048 scholio
1718 2019 1871 2048 librorum

42 2074 273 2115 Porphyrionis
300 2074 432 2114 (M2G),
459 2074 572 2103 dumR
588 2074 636 2103 bis
662 2073 794 2111 praebet
826 2074 950 2103 Varus.
978 2071 1206 2103 Consideranti
1231 2074 1311 2102 mihi
1336 2077 1499 2103 uetustam
1524 2075 1683 2104 rationem
1709 2075 1871 2104 scribendi

41 2132 139 2162 uerba
161 2132 243 2162 uelle
268 2141 325 2170 pro
349 2130 440 2167 belle,
465 2130 547 2160 biuis
573 2139 627 2168 pro
652 2129 727 2166 bib.,
753 2129 912 2159 fleuilibus
938 2139 993 2167 pro
1019 2129 1098 2167 θεὰ,
1126 2130 1272 2159 sauinum
1299 2139 1355 2167 pro
1382 2129 1457 2167 sab„
1488 2130 1678 2160 aluanorum
1703 2140 1759 2169 pro
1785 2130 1870 2160 alba-

43 2197 155 2218 norum
178 2188 344 2226 multaque
369 2188 432 2217 alia
456 2187 488 2216 id
514 2195 617 2225 genus
643 2187 675 2216 in
700 2187 881 2217 uenerabili
906 2187 974 2217 cod.
1000 2186 1034 2215 M
1058 2187 1145 2225 origo
1171 2187 1312 2217 nominis
1352 2188 1490 2217 Uarrus
1514 2197 1570 2224 pro
1595 2188 1747 2225 Bao-rus,
1785 2188 1871 2226 quod

44 2245 169 2276 serioris
194 2245 312 2274 aetatis
339 2244 462 2274 scribae
487 2244 518 2273 in
542 2244 729 2273 membrana
754 2252 810 2272 sua
834 2244 988 2281 religiose
1012 2242 1251 2273 transferebant
1275 2246 1307 2273 et
1339 2244 1386 2272 sic
1416 2243 1566 2281 deinceps
1598 2244 1869 2281 multiplicabant,

43 2300 131 2332 facili
156 2304 188 2331 et
212 2300 358 2338 simplice
382 2300 475 2330 modo
501 2300 614 2329 deduci
639 2308 731 2337 posse
756 2299 896 2329 uidetur.
929 2299 1050 2328 Barrus
1074 2299 1194 2328 habent
1219 2298 1351 2328 Acrom‘s
1376 2299 1451 2329 libri
1475 2309 1493 2341 γ
1511 2296 1745 2340 (utbAmbr.).
1771 2300 1870 2329 schol.

44 2367 103 2388 om.
129 2356 253 2394 G,mva.
278 2356 512 2386 Auctoritatem
538 2356 688 2392 Fabricii,
715 2356 769 2394 qui
795 2359 831 2385 ut
856 2355 942 2385 haud
966 2364 1084 2393 paucae
1110 2356 1181 2385 edd.
1209 2364 1291 2385 saec.
1317 2355 1376 2385 XV
1399 2355 1572 2385 Baro-ltus
1596 2357 1713 2393 posuit,
1741 2358 1871 2385 secutus

45 2416 92 2445 est
115 2413 143 2450 Q
167 2414 199 2443 in
224 2413 335 2451 Porplt.
362 2414 506 2443 scribens
530 2413 662 2442 Barrus.
710 2412 803 2449 Vide,
830 2421 911 2451 quae
935 2412 975 2441 de
999 2412 1057 2441 hoc
1082 2412 1210 2442 nomine
1236 2412 1418 2450 disputauit
1442 2412 1486 2441 M.
1512 2412 1634 2450 Haupt.
1660 2412 1743 2441 Mus.
1770 2411 1870 2444 Rhen.

43 2470 99 2501 111.
124 2479 151 2500 a.
182 2470 277 2499 1845.
304 2479 333 2507 p.
364 2470 436 2499 149.

179 2525 212 2564 1)
238 2525 276 2555 Id
302 2529 351 2555 est
373 2526 430 2555 lib.
458 2534 520 2555 om.
546 2534 572 2566 γ.
605 2542 639 2545 ᾖ
665 2533 696 2554 se
719 2525 824 2554 uideri
850 2524 1019 2554 formosum
1042 2533 1069 2566 γ.
1096 2524 1164 2554 rell.
1192 2534 1262 2563 cup.
1289 2524 1442 2555 formosus
1473 2524 1587 2553 uideri.
1652 2524 1687 2563 2)
1712 2524 1870 2562 quendam.

45 2582 113 2612 rell.
138 2583 311 2613 hominem.
338 2582 485 2621 quendam
507 2586 611 2620 recte;
638 2591 712 2611 nam
737 2583 874 2611 Barrum
897 2582 1014 2612 fecisse
1039 2582 1199 2612 incestum
1222 2581 1383 2611 Aemiliae
1409 2581 1540 2618 eiusque
1558 2580 1655 2610 sociis
1675 2588 1716 2609 ex
1733 2581 1872 2611 historia

45 2639 242 2678 ignoramus,
280 2641 370 2670 cuius
408 2640 592 2670 testimonia
626 2640 733 2678 potius
771 2640 899 2669 crimini
935 2640 1169 2670 contradicunt.
1236 2638 1369 2668 Etenim
1405 2636 1549 2674 Aemilia,
1586 2635 1710 2673 illaria,
1749 2639 1781 2666 et
1817 2637 1872 2667 Li·

45 2695 125 2726 cinia
147 2696 295 2727 Vestales
320 2700 486 2735 stupratae
509 2697 656 2726 feruntur
681 2697 720 2726 ab
747 2696 854 2734 equite
880 2696 917 2726 L.
950 2695 1078 2734 Veturio,
1115 2698 1200 2725 teste
1227 2694 1342 2724 Orosio
1365 2694 1404 2731 V,
1434 2693 1484 2730 15,
1511 2693 1565 2731 qui
1590 2701 1608 2721 a
1632 2692 1806 2723 Plutarcho
1832 2692 1871 2728 Q.

0 2746 4 2783 l
46 2751 81 2782 R.
107 2753 147 2783 83
185 2754 370 2784 nominatur
405 2749 573 2788 Βουτέτιος
608 2750 820 2795 βάρβαρος,
858 2761 900 2782 ex
936 2761 997 2790 quo
1028 2752 1158 2781 nomine
1185 2751 1297 2780 Franc.
1334 2749 1500 2780 Fabricius
1535 2748 1614 2779 fecit
1651 2744 1872 2785 Βετούτιος

47 2803 216 2853 Βάῤῥος,
242 2810 314 2840 ideo
340 2810 425 2848 quod
449 2810 647 2848 praecedunt
670 2810 767 2839 uerba
784 2804 912 2853 Βσίρῥου
935 2804 1021 2844 τινὸς
1043 2805 1175 2838 ἱππικοῦ
1193 2804 1352 2849 θεράπων.
1379 2806 1516 2842 Quidam
1534 2805 1571 2834 Τ.
1589 2804 1732 2835 Betucius
1747 2805 1872 2835 Barrus

47 2864 244 2904 AsculensiS,
280 2867 373 2897 homo
399 2866 550 2905 disertus,
577 2864 644 2896 Cic.
670 2865 763 2895 Brut.
791 2866 832 2895 4ss
858 2865 1017 2902 laudatur,
1044 2865 1099 2903 qui
1123 2867 1230 2894 utrum
1255 2867 1362 2893 noster
1386 2862 1503 2892 Barrus
1529 2862 1584 2899 sit,
1617 2870 1681 2892 non
1705 2861 1871 2899 habemus,

48 2929 107 2960 quo
130 2922 316 2953 iudicemus,
332 2940 368 2943 ·—
385 2923 511 2953 emiliae
535 2932 562 2964 γ.
609 2922 645 2961 4)
672 2923 789 2952 lemma
814 2921 858 2951 sic
881 2921 932 2960 qui
950 2929 1049 2960 prom.
1075 2920 1279 2959 amplificaui.
1305 2919 1342 2948 Id
1358 2923 1409 2948 est.
1427 2927 1453 2960 γ.
1473 2918 1541 2947 rell.
1566 2917 1656 2947 Nam.
1682 2918 1758 2948 uide
1783 2927 1870 2957 seqq.

49 2980 239 3009 senatoriam
262 2989 290 3022 γ.
316 2980 386 3009 rell.
413 2989 473 3010 om.
510 2996 552 3000 -
589 2979 672 3008 Nam
697 2979 751 3017 qui
777 2978 902 3016 accepit
925 2978 1123 3016 dignitatem
1146 2986 1173 3019 γ.
1198 2976 1269 3006 rell.
1294 2985 1355 3006 oin.
1423 2974 1457 3014 5)
1482 2973 1540 3004 siba·
1568 2983 1667 3012 prom.
1700 2983 1772 3004 cure
1802 2983 1872 3005 esse

48 3037 129 3072 patr.
153 3043 180 3077 γ.
230 3036 264 3075 6)
290 3034 324 3065 Si
349 3035 405 3074 qui
429 3036 489 3066 ciu.
514 3038 545 3065 et
566 3036 676 3065 urbem
701 3038 733 3065 et
757 3038 864 3065 cetera
889 3035 949 3064 sibi
974 3044 1000 3076 γ.
1050 3035 1084 3073 7)
1112 3037 1143 3064 et
1167 3033 1229 3063 eius
1252 3035 1319 3062 nat.
1343 3041 1370 3074 γ.
1435 3031 1469 3071 9)
1497 3035 1545 3061 est
1571 3041 1634 3061 om.
1658 3041 1685 3073 γ.
1711 3030 1802 3060 Tune
1828 3048 1872 3052 —

48 3091 244 3129 reipublicae
267 3099 292 3133 γ.
318 3092 387 3122 rell.
415 3092 599 3122 om.—lib.
625 3096 652 3121 et
673 3090 845 3121 Kirchner.
870 3091 964 3121 male.
990 3091 1045 3121 lib.
1072 3099 1114 3120 ex
1137 3090 1184 3119 fh.
1209 3098 1273 3119 non
1297 3089 1400 3126 magis
1425 3097 1513 3126 opus,
1551 3097 1621 3118 cum
1645 3091 1733 3117 natus
1759 3090 1791 3117 et
1813 3097 1871 3126 pa-

2 3134 5 3245 !
49 3155 118 3176 rens
141 3156 211 3178 cum
236 3148 378 3179 ablatiuo
394 3151 481 3179 recte
498 3148 635 3178 dicatur.
652 3157 689 3178 ne
704 3146 750 3178 fh.
802 3147 857 3186 11)
885 3146 967 3186 Syri,
993 3147 1110 3177 Damae
1133 3147 1250 3177 lemma
1264 3146 1455 3184 interposui.
1507 3145 1562 3183 12)
1588 3144 1743 3182 ignobilis
1768 3152 1827 3174 nou
1845 3153 1869 3185 γ.

1566 3209 1599 3234 S*

1903 945 1943 977 10
