2148 3412
802 119 849 150 IN
876 119 1009 153 suffit.
1036 119 1062 158 1,
1092 123 1118 150 1.
1848 108 1871 147 9

49 251 194 285 uenter
223 243 403 285 hominis
434 257 510 297 per
540 249 739 283 naturam.
798 241 847 282 Id
879 249 963 282 est:
1008 257 1102 283 cum
1133 247 1306 283 naturae
1337 242 1440 283 fines
1472 257 1554 283 non
1586 241 1721 296 possis
1752 255 1873 282 exce-

49 317 147 358 dere
179 316 468 372 magnitudine
499 315 754 365 diuitiarum,
787 315 886 369 quia
917 314 1030 355 omni
1062 314 1186 355 modo
1218 322 1257 355 et
1287 322 1459 355 naturae
1490 314 1655 369 legibus
1687 314 1873 355 seruien-

48 390 160 440 dum,
193 389 293 444 quid
325 389 399 430 tibi
431 389 602 444 prodest
632 388 713 429 late
745 388 989 443 possidere?
1033 386 1250 441 Numquid
1281 387 1387 434 ideo,
1419 387 1517 441 quia
1547 387 1677 428 habes
1709 395 1872 428 centum

47 463 163 504 milia
193 463 368 513 modios,
400 462 494 517 plus
525 469 642 516 potes
674 476 858 503 comesse
889 476 1013 515 quam
1045 475 1138 513 ego,
1171 460 1243 514 qui
1274 460 1408 501 habeo
1441 469 1606 501 centum
1636 460 1827 501 modios?

161 539 225 578 51.
258 538 322 578 52.
356 545 397 577 at
426 550 553 577 szmue
584 544 650 576 est.
711 534 907 576 Obiectio
941 534 1053 590 [est]

160 611 254 652 dum
290 625 340 651 ω’,
363 625 405 666 p.
478 608 635 649 Iterum
677 608 920 663 interrogat.
996 605 1131 660 Quasi
1177 607 1386 649 contentio
1432 607 1540 648 inter
1584 607 1688 648 duos
1729 607 1873 648 dialo—

46 683 216 738 gismos.

158 756 331 797 haurire.
390 753 615 809 Accipere,
648 768 906 795 consumere.

158 830 377 884 relinquas.
438 826 672 869 Concedas.

159 903 224 943 53.
257 917 332 943 cm·
364 911 388 943 t.
412 917 454 957 p.
487 902 509 941 l.
543 916 573 942 e.
604 917 640 956 9.
671 915 709 942 η.
788 901 998 942 Cumeram
1035 900 1214 941 dicimus
1255 915 1328 941 uas
1359 900 1509 955 ingens
1540 900 1783 948 uimineum,
1830 899 1871 939 in

47 991 127 1030 quo
157 976 367 1017 frumenta
399 975 645 1024 conduntur,
679 974 785 1015 sicut
814 973 912 1029 Ipse
944 973 1046 1015 alibi
1077 972 1233 1028 (Epist.
1266 973 1299 1023 I,
1334 976 1370 1022 7,
1403 975 1499 1029 30):
1542 975 1658 1015 Forte
1684 987 1758 1029 per
1789 988 1873 1014 cm—

42 1058 201 1105 qustam
234 1052 360 1090 tenuis
391 1049 607 1104 uulpeeula
640 1049 784 1089 rimam
804 1048 996 1104 Repserat
1027 1049 1069 1088 in
1101 1062 1304 1088 cumeram
1323 1048 1536 1101 frumenti}
1569 1046 1656 1088 siue
1689 1061 1874 1088 cumerae

45 1122 240 1164 dicuntur
269 1137 371 1163 uasa
400 1121 545 1162 fictilia
576 1121 728 1162 similia
760 1120 895 1170 doliis,
927 1119 999 1161 ubi
1031 1120 1284 1161 frumentum
1316 1136 1434 1161 suum
1467 1120 1728 1175 reponebant
1758 1119 1872 1175 agri-

45 1195 172 1238 colae.
234 1195 378 1235 Tertio
412 1194 573 1251 [modo]
598 1194 794 1235 dicuntur
817 1208 1000 1235 camerae
1020 1209 1122 1235 uasa
1151 1194 1328 1244 minora,
1367 1209 1472 1249 quae
1496 1194 1665 1248 capiunt
1688 1194 1873 1248 quinque

43 1269 111 1309 uel
156 1282 228 1309 sex
272 1267 446 1316 modios,
493 1281 599 1321 quae
646 1267 792 1323 lingua
839 1265 1094 1307 Sabinorum
1141 1269 1324 1308 trimodia
1371 1274 1584 1308 uocantur.
1670 1268 1872 1308 Granarz'a

46 1341 237 1398 [autem]‚
270 1342 432 1390 horrea,
465 1340 507 1380 in
540 1340 692 1394 quibus
722 1342 925 1381 frumenta
956 1347 1215 1394 reponuntur
1226 1356 1235 1388 3
1269 1340 1527 1394 repositoria.

158 1416 223 1456 54.
255 1423 300 1456 ut
331 1416 402 1455 tibi·
428 1428 458 1455 s.
490 1430 519 1455 s.
553 1429 586 1455 o.
648 1411 806 1454 Sensus
827 1413 896 1453 hic
917 1420 998 1454 est:
1030 1413 1089 1453 ita
1120 1413 1267 1454 stultus
1298 1420 1371 1463 est,
1405 1412 1593 1468 quisquis
1627 1428 1675 1454 ex
1706 1412 1873 1468 magnis

43 1487 202 1529 diuitiis
232 1487 320 1528 uult
352 1501 527 1537 sumere,
561 1486 673 1541 quod
704 1486 757 1526 ad
788 1485 917 1527 uitam
949 1486 1081 1540 possit
1112 1486 1313 1529 sufficere=
1347 1493 1388 1526 ut
1411 1486 1495 1536 ille,
1527 1486 1715 1540 quicum
1738 1494 1874 1527 certus

42 1561 191 1603 modus
222 1575 355 1616 aquae
387 1560 438 1602 sit
469 1560 744 1609 necessarius,
776 1559 894 1600 malit
924 1574 1016 1599 cum
1050 1559 1101 1599 de
1131 1558 1301 1600 flumine
1332 1574 1457 1613 quam
1490 1560 1541 1600 de
1572 1560 1684 1601 fonte
1705 1559 1873 1601 haurire

42 1634 248 1677 breuiore.
310 1636 479 1691 Liqufdi,
512 1648 659 1688 aquae,
691 1632 891 1683 humoris,
923 1632 1110 1687 liquoris.

156 1710 220 1750 56.
255 1709 319 1750 57.
355 1709 410 1750 Eo
438 1708 494 1763 fit.
567 1706 737 1747 Exinde
767 1707 824 1756 fit,
871 1713 914 1746 ut
945 1706 1062 1747 multi
1102 1712 1275 1760 propter
1312 1705 1532 1746 auaritiam
1571 1707 1872 1761 periclitentur.

43 1786 167 1840 copia.
226 1781 468 1831 Multitudo,
501 1788 545 1821 ut
576 1779 650 1835 (A.
683 1779 740 1829 II,
774 1781 896 1834 564):
934 1780 1109 1835 Respz'ce'o
1152 1789 1186 1821 el
1227 1795 1326 1835 quae
1369 1782 1419 1821 sil
1459 1796 1517 1821 me
1563 1782 1713 1821 (rreum
1758 1782 1873 1836 copia

43 1857 183 1898 lustro.
247 1856 418 1904 Plenior,
450 1853 595 1895 maior.
657 1852 777 1894 Ordo
809 1860 889 1893 est:
938 1853 1059 1907 copia
1090 1852 1254 1907 plenior
1286 1853 1404 1894 iusto.
1469 1854 1595 1903 Iusto,
1642 1853 1871 1903 moderato,

42 1928 276 1971 sufficienti.
335 1928 386 1968 Id
418 1935 490 1977 est,
522 1927 631 1968 ultra
662 1942 782 1967 usum
815 1926 908 1980 plus
941 1941 1065 1980 quam
1098 1932 1271 1980 oportet.

156 2004 220 2044 58.
255 2017 344 2043 cum
375 2004 477 2057 ripa.
540 1998 649 2042 Cum
681 1999 902 2040 securitate
934 2014 1020 2048 sua,
1066 1998 1109 2038 id
1141 2007 1214 2048 est,
1262 2015 1355 2040 cum
1387 1999 1601 2041 domicilio
1641 2000 1666 2041 i.
1699 2015 1732 2041 e.
1775 2001 1872 2041 sede
1899 2014 1906 2022 ·

43 2077 205 2118 auferat
234 2090 304 2117 eos
335 2074 580 2130 periculum.
653 2072 740 2114 Hic
785 2071 1036 2127 allegoricos
1081 2071 1215 2122 docet,
1262 2072 1408 2126 paucis
1455 2080 1693 2114 contentum
1737 2088 1872 2128 neque

42 2149 234 2191 sordidos
279 2156 474 2203 quaestus
519 2146 689 2196 sectari,
735 2160 870 2200 neque
915 2145 1112 2200 inplicari
1158 2145 1370 2199 periculis.
1447 2147 1628 2188 Auolsos.
1696 2146 1871 2200 Raptos,

157 2272 191 2310 2)
216 2270 468 2308 magnitudinem
491 2268 529 2297 X.
562 2269 647 2297 0111111
680 2267 764 2296 modo
796 2267 845 2308 'fG
872 2266 931 2305 (Q)
959 2271 990 2296 et
1016 2267 1050 2297 C.
1079 2267 1149 2296 rell.
1182 2268 1316 2296 omnino.
1366 2268 1400 2306 4)
1427 2267 1611 2296 commedere
1642 2267 1681 2298 X.
1708 2276 1871 2296 commesse

42 2338 68 2370 γ.
86 2328 154 2357 rell.
174 2336 319 2356 comesse.
369 2327 403 2365 5)
429 2326 514 2355 Mille
531 2334 586 2362 pro
604 2325 694 2354 milia
718 2333 743 2365 γ.
764 2327 813 2353 est
832 2334 891 2353 om.
910 2323 968 2365 γΧ.
1019 2324 1052 2362 6)
1079 2324 1159 2353 Item
1178 2324 1216 2352 X.
1268 2324 1323 2361 11)
1351 2324 1569 2353 reconduntur
1587 2324 1632 2352 fh.
1686 2324 1739 2362 11)
1766 2323 1872 2352 Tertio

42 2383 126 2413 modo
149 2382 325 2421 XG‚mvca.
353 2383 447 2412 modo
478 2392 539 2411 0111.
573 2381 649 2423 «fifh.
717 2381 770 2419 15)
797 2381 847 2409 uel
871 2390 898 2421 γ.
927 2379 994 2409 rell.
1021 2381 1102 2409 sine.
1150 2398 1191 2400 ῌ-
1240 2390 1295 2418 pro
1327 2381 1414 2417 uulg.
1442 2381 1514 2409 lect.
1547 2380 1714 2409 trimodiae
1740 2380 1869 2417 deprau.

44 2450 85 2470 ex
109 2440 246 2470 corbulae
270 2440 436 2470 trimodiae
461 2438 584 2467 Colum.
610 2437 681 2473 XII⁷
712 2438 762 2474 18,
790 2438 825 2473 23
854 2438 907 2474 50,
935 2437 972 2473 83
997 2436 1088 2465 Varr.
1115 2446 1163 2474 ap.
1190 2437 1271 2466 Non.
1304 2438 1329 2471 ¹..
1362 2438 1410 2473 14,
1445 2437 1545 2466 scribe
1577 2446 1646 2465 sum
1678 2445 1696 2477 γ
1720 2437 1870 2465 trimodia

43 2507 86 2526 sc.
118 2506 205 2526 uasa.
238 2496 322 2526 Plin.
355 2495 502 2531 XXXIII,
537 2497 564 2523 1.
597 2494 703 2523 Plaut.
736 2493 821 2522 Men.
856 2493 940 2522 Prol.
976 2493 1026 2522 15.
1065 2497 1222 2522 uocantur
1254 2502 1280 2533 γ.
1315 2494 1383 2521 rell.
1417 2493 1576 2521 dicuntur.
1609 2496 1716 2522 autem
1749 2502 1809 2521 om.
1843 2502 1870 2533 γ.

47 2554 102 2592 16)
127 2554 322 2591 repositaria
344 2563 370 2595 γ.
396 2552 594 2590 repositoriis
620 2551 747 2589 uulgari
774 2550 943 2579 intellectu
965 2559 1043 2578 uasa
1066 2553 1098 2578 et
1123 2558 1255 2578 mensae
1281 2550 1524 2586 inponebantur.
1551 2549 1637 2578 Plin.
1653 2549 1801 2586 XXXIII,
1820 2551 1870 2586 11,

43 2612 83 2641 49
111 2615 141 2641 et
168 2612 219 2640 52.
270 2610 430 2640 Granaria
455 2627 495 2630 ψ
522 2609 714 2646 repositoria
739 2617 798 2637 0111.
824 2606 1000 2643 XG‚1nvca.
1024 2606 1188 2645 granaria.
1216 2606 1338 2641 horrea,
1373 2606 1566 2643 repositoria
1597 2605 1751 2634 frumenti
1776 2614 1870 2643 capa-

43 2668 138 2698 ciora.
173 2668 256 2706 quod
287 2668 367 2697 dicit
397 2667 437 2695 ad
469 2666 687 2695 differentiam
720 2673 917 2693 cumerarum
944 2664 980 2692 C.
1032 2663 1087 2701 17)
1114 2663 1156 2692 Vt
1187 2662 1244 2691 sibi
1275 2663 1319 2691 sit
1342 2661 1377 2690 fh
1411 2672 1465 2699 pro
1490 2662 1533 2691 Vt
1558 2661 1610 2691 tibi
1638 2662 1666 2690 sl
1690 2663 1742 2691 sit.
1769 2662 1819 2691 hic
1844 2671 1871 2703 γ.

43 2725 113 2754 rell.
140 2734 198 2754 0111.
252 2725 306 2763 18)
333 2733 411 2762 quae
424 2723 463 2752 X.
491 2724 560 2753 rell.
587 2722 672 2761 qnod.
717 2722 770 2760 20)
798 2730 911 2758 aquae,
938 2721 1091 2756 humoris,
1119 2720 1251 2757 liquoris
1277 2728 1294 2760 γ
1321 2723 1348 2747 et
1367 2718 1403 2754 C,
1430 2720 1481 2756 qui
1509 2719 1608 2747 addit.
1635 2728 1719 2747 more
1745 2728 1870 2755 graeco.

43 2780 173 2818 Liquidz'.
201 2780 346 2818 liquoris.
376 2780 439 2813 Quo
464 2780 499 2808 fit
526 2779 563 2809 X.
591 2777 721 2816 Liqccc‘di.
748 2778 881 2816 liquoris
898 2776 1073 2814 GanvcaQ.
1103 2787 1127 2806 s.
1154 2781 1249 2813 potus
1277 2776 1295 2804 i.
1323 2785 1434 2812 aquae.
1461 2775 1619 2812 Liquoris,
1646 2784 1757 2812 aquae⁷
1777 2779 1870 2812 potus

43 2836 87 2866 fh.
137 2837 194 2875 22)
220 2836 315 2874 copia.
342 2846 396 2874 pro
422 2837 519 2873 copie,
548 2846 607 2864 0111.
634 2835 815 2871 multitudo⁷
842 2844 868 2876 γ.
897 2834 1108 2870 abundantia,
1137 2832 1310 2861 multitudo
1336 2833 1552 2868 pecuniarum.
1582 2836 1612 2860 et
1644 2832 1809 2860 bonorum.
1836 2836 1869 2860 ut

43 2891 77 2921 C.
126 2893 183 2931 25)
211 2894 231 2922 i.
259 2902 329 2922 cum
353 2902 380 2934 γ.
409 2892 456 2921 uel
479 2902 549 2921 cum
576 2892 657 2921 dom.
684 2890 729 2919 fh.
757 2891 825 2919 rell.
853 2891 903 2920 uel
930 2891 1013 2920 dom.
1064 2889 1121 2927 26)
1150 2888 1269 2917 auferet
1292 2897 1318 2929 γ.
1345 2888 1414 2916 rell.
1442 2887 1563 2916 auferat
1587 2886 1685 2924 (ferat
1710 2888 1869 2925 H01-.>.fflr

44 2948 149 2979 Schol.
175 2949 233 2978 Hic
257 2967 298 2969 —-
328 2949 480 2986 periculis
504 2958 522 2990 γ
546 2949 577 2977 h.
603 2948 623 2976 l.
650 2948 769 2985 posuit.
798 2946 889 2977 Conf.
916 2947 1034 2985 Porph.
1062 2950 1093 2975 et
1119 2945 1161 2975 C:
1195 2945 1276 2973 Haec
1308 2949 1404 2973 aulem
1429 2948 1469 2972 est
1493 2943 1639 2982 alleyorz'a
1665 2961 1703 2964 w
1731 2953 1869 2979 causam,

44 3008 92 3035 et:
126 3004 307 3044 Alleyorz'cos
333 3023 372 3026 —
405 3005 528 3042 perdet.
562 3004 644 3033 Rell.
681 3003 816 3033 inferius
837 3013 867 3032 u.
896 3004 948 3033 59.
977 3003 1017 3032 60
1051 3012 1101 3039 po.
1129 3006 1199 3039 post
1218 3001 1335 3039 impetu.
1368 3000 1492 3029 Aitolsos
1517 3009 1542 3041 γ,
1575 3004 1611 3029 ut
1635 2999 1687 3041 Βφ
1713 3004 1744 3028 et
1770 2999 1809 3036 E,
1836 3000 1870 3027 111

43 3071 104 3100 quo
131 3063 149 3091 2
175 3071 216 3092 m.
244 3071 340 3100 supra
365 3071 382 3091 0
406 3071 457 3099 po.
482 3071 513 3090 v.
540 3061 608 3090 rell.
636 3060 774 3091 aquSOS.
791 3060 931 3095 Qtacite
957 3060 1072 3089 inculc.
1098 3058 1245 3087 Anersos.
1263 3074 1301 3077 -κ
1319 3057 1464 3086 sublatos·
1481 3054 1534 3097 ’[(ἲ.
1551 3056 1620 3085 rell.
1646 3065 1706 3085 om.
1734 3054 1869 3085 Glossas

43 3118 204 3157 Demerqat
235 3117 290 3159 TC.
322 3127 401 3156 spec.
428 3127 489 3155 pro
517 3126 625 3156 ywere
656 3127 716 3146 om.
751 3126 776 3157 γ.
810 3116 917 3154 ῖηῙ1110.
949 3126 975 3157 γ.

1899 906 1940 938 10

1902 1275 1939 1305 15

1898 1641 1940 1672 20
