2148 3412
0 1321 1 1348 .

0 1410 2 1504 ι

0 1522 3 1666 l

0 1693 3 1755 ε

0 1757 5 1858 ἰ

2 2011 9 2338 ΜΨ*

804 162 854 194 IN
879 161 1015 194 sERM.
1042 162 1069 201 1,
1095 166 1125 194 3.
1826 155 1878 195 55

166 284 231 324 46.
264 284 329 324 47.
362 293 404 325 ut
435 284 557 325 abort.
587 285 645 338 su.
678 285 727 326 ol.
759 285 960 341 Sisyphus.
1021 285 1155 327 Filius
1184 284 1375 337 Antonii,
1423 302 1553 343 nepos
1582 287 1722 328 mariti
1754 286 1880 329 Cleo-

55 362 211 410 patrae,
259 354 466 411 Sisyphus
510 356 673 411 pedalis
718 357 808 407 fuit,
855 372 978 411 quem
1024 357 1236 400 Antonius
1281 360 1440 401 dilexit.
1501 360 1587 402 Hic
1632 360 1792 402 solebat
1837 361 1880 401 in

55 428 209 484 scapha
230 435 385 469 natare.
447 428 684 470 Secundum
709 432 820 472 Alios
841 431 917 472 fuit
940 431 1048 471 intra
1070 431 1309 486 bipedalem
1333 440 1546 485 staturam,
1569 434 1731 490 ingenii
1752 434 1880 490 ignei.

53 500 262 543 Antonius
284 502 487 552 triumuir,
517 503 645 543 frater
665 502 856 554 Antonii,
888 504 969 544 uiri
993 502 1259 559 Cleopatrae,
1291 506 1437 548 habuit
1456 508 1588 549 filium
1609 508 1881 564 prodigiosae

53 574 292 623 breuitatis,
324 575 449 616 istum
481 575 695 632 Sisyphum
725 576 968 631 appellauit,
1002 578 1073 632 qui
1103 586 1191 618 erat
1222 579 1505 621 ardentissimi
1536 581 1710 636 ingenii.

165 649 230 688 47.
263 649 329 689 48.
365 649 484 689 Hunc
522 650 683 690 Varum.
754 651 884 691 Hunc.
914 648 1059 691 Alium
1092 651 1235 692 filium.
1302 653 1428 694 Varus
1461 655 1697 709 appellatur
1727 655 1881 697 intror-

54 736 143 763 sum
173 720 352 776 pedibus
383 722 560 763 retortis.
621 723 819 764 De'stortz's.
880 722 993 775 Quia
1024 723 1252 765 introrsum
1283 725 1408 766 habet
1441 742 1562 768 crura
1592 736 1711 769 torta.

163 794 325 836 balbutit
356 796 571 837 Scaurum.
608 796 760 837 Scauri
787 804 894 846 sunt,
926 804 1113 838 extantes
1144 797 1248 839 talos
1280 798 1448 840 habent.
1510 799 1707 842 Suauiter
1742 810 1880 843 autem

52 867 177 908 dixit:
209 868 375 909 balbutit
396 867 597 910 Scaurum
620 866 718 924 [hoc
739 877 812 919 est,
842 869 1115 912 balbutiendo
1136 878 1259 912 uocat
1281 871 1397 913 illum
1420 874 1654 930 scaurum];
1689 876 1748 916 sic
1771 876 1881 916 enim

53 940 315 983 blandientes
346 941 578 984 infantibus
609 942 840 997 infringere
872 943 1061 999 linguam
1096 943 1252 1001 [suam]
1286 945 1432 995 solent,
1479 954 1524 987 ut
1554 961 1623 988 eos
1654 948 1880 990 imitentur.

52 1013 141 1055 Alii
171 1014 316 1056 dicunt
345 1030 514 1057 scauros
544 1031 648 1066 esse,
694 1016 766 1070 qui
797 1016 950 1057 habent
982 1017 1086 1058 talos
1119 1017 1319 1060 inuersos.
1382 1018 1452 1075 [Si
1482 1020 1594 1062 filius
1630 1021 1753 1063 habet
1785 1029 1880 1063 tor—

52 1094 189 1129 tuosos
219 1087 337 1138 talos,
370 1095 489 1143 pater
520 1088 793 1130 balbutiendo
824 1097 945 1131 uocat
976 1091 1200 1147 scaurum]
1264 1093 1424 1133 Prauis.
1487 1092 1702 1136 Distortis.

165 1161 331 1217 [fultum
360 1177 410 1203 m.
442 1171 467 1205 t.
529 1161 644 1215 Quia
674 1163 748 1204 tali
779 1163 987 1218 reliquum
1019 1179 1173 1219 eorpus
1204 1165 1470 1223 sustentant]

163 1236 229 1276 49.
255 1239 426 1291 parcius
455 1237 518 1278 lu'c
547 1238 661 1278 uiuit.
720 1236 806 1278 Hic
827 1237 1021 1287 ostendit,
1057 1238 1266 1290 quomodo
1288 1238 1518 1280 amicorum
1539 1240 1643 1282 uitia
1664 1241 1881 1297 appellare

0 1307 1 1369 ζ
51 1314 91 1350 61
120 1308 339 1350 aestimare
371 1309 610 1360 debeamus,
642 1317 687 1351 ut
717 1310 1026 1351 honestioribus
1056 1310 1198 1352 uerbis
1228 1312 1506 1354 nominentur.

163 1383 243 1423 Hic
273 1384 356 1424 utu.
418 1381 685 1438 Quicumque
716 1383 888 1424 amicus.

163 1456 342 1497 50-—52.
373 1458 589 1498 ‘z‘actautz'or
617 1457 689 1498 hic.
752 1456 838 1508 Qui
870 1464 1019 1498 natura
1050 1460 1206 1499 iac-lctus
1238 1465 1311 1508 est,
1342 1459 1468 1500 habet
1500 1460 1729 1501 stultitiam.

164 1531 384 1571 concinnus
405 1545 482 1571 am.
503 1531 686 1572 Postulat
705 1540 750 1572 ut
770 1532 973 1572 uideatur.
1035 1529 1191 1572 Suauis
1221 1532 1398 1583 dicatur,
1431 1535 1699 1588 compositus,
1734 1535 1881 1584 bonus,

49 1602 95 1643 id
125 1608 198 1652 est,
230 1602 264 1643 si
294 1603 454 1645 iactans
485 1610 546 1645 est
576 1603 741 1658 aliquis,
775 1603 953 1654 dicatur,
999 1604 1111 1659 quod
1141 1605 1229 1646 uult
1260 1607 1396 1647 uideri
1421 1607 1535 1661 apud
1567 1608 1736 1651 amicos.
1783 1623 1882 1650 con-

52 1675 199 1718 cinnus
230 1683 270 1717 et
299 1676 447 1718 bonus.

163 1751 440 1792 truculentior.
501 1750 762 1792 Iracundior.

164 1825 228 1866 52.
264 1825 361 1865 Plus
393 1839 517 1880 aequo
549 1825 658 1866 liber.
717 1824 843 1866 Ultra
875 1839 1000 1879 quam
1032 1831 1207 1879 oportet..
1272 1827 1369 1868 Plus
1401 1841 1524 1882 aequo
1555 1827 1664 1869 liber
1684 1835 1758 1879 est,
1795 1829 1879 1883 qui,

52 1897 163 1952 quod
194 1897 330 1947 sentit,
362 1904 500 1939 tacere
530 1912 614 1939 non
646 1898 787 1952 possit.

162 1972 344 2027 simplex.
403 1970 499 2012 Non
530 1970 757 2027 ambiguus
788 1978 861 2011 aut
890 1971 1107 2028 bilinguis,
1153 1972 1240 2023 sed,
1286 1973 1359 2026 qui
1405 1974 1517 2027 quod
1548 1975 1711 2025 sentiat,
1756 1976 1880 2017 dicat.

51 2044 194 2101 Vulgo
225 2052 363 2086 autem
394 2046 565 2101 simplex
595 2045 807 2086 modestus
838 2044 1003 2087 dicitur.

53 2200 120 2231 qu.
146 2201 233 2238 VIII,
259 2202 312 2231 32.
339 2201 431 2239 Prop.
458 2201 511 2238 lv,
539 2202 570 2237 3,
596 2202 635 2230 41
664 2205 696 2231 et
721 2200 885 2239 Lamprid.
913 2202 945 2230 in
971 2201 1067 2230 Alex.
1095 2201 1168 2231 Seu.
1197 2204 1248 2231 34.
1274 2202 1465 2233 dedecorose
1490 2214 1516 2246 γ.
1543 2205 1620 2234 haec
1645 2215 1720 2243 uox,
1752 2210 1781 2234 et
1809 2207 1881 2235 adu.

54 2262 86 2288 et
109 2258 184 2295 adi„
221 2258 343 2287 usitata
367 2258 406 2287 ab
432 2257 509 2286 Aur.
537 2257 622 2287 Vict.
650 2258 725 2295 epit.
754 2259 771 2287 5
800 2262 831 2287 et
858 2258 909 2287 39.
934 2257 1116 2288 indecorose
1141 2258 1219 2296 th,
1245 2260 1435 2290 uocabulum
1461 2269 1522 2290 non
1548 2261 1712 2291 Latinum.

169 2314 201 2353 1)
228 2314 328 2343 Filius
354 2332 394 2334 Ἀ*
420 2315 508 2352 ignei
534 2324 560 2355 γ.
587 2324 647 2344 0111.
675 2312 877 2352 1nva(G'?)Q.
905 2313 980 2342 Filii
1003 2314 1078 2343 Ant.
1106 2324 1177 2353 nep.
1210 2325 1288 2345 mar.
1322 2316 1369 2345 Cl.
1396 2316 1459 2346 fuit
1484 2318 1619 2354 pedalis.
1670 2318 1738 2347 Alii
1771 2319 1883 2348 dicunt

54 2370 153 2401 fuisse
179 2372 264 2401 intra
289 2372 353 2409 bip.
373 2389 411 2391 ἡ·
427 2372 515 2409 ignei
540 2370 587 2400 fh.
613 2371 656 2399 M.
683 2371 826 2401 Antonio
852 2372 1022 2400 triumuiro
1046 2372 1182 2409 pumilio
1208 2372 1309 2402 fuisse
1335 2374 1455 2402 dicitur
1487 2374 1572 2402 intra
1602 2375 1783 2411 bipedalem
1818 2379 1884 2404 sta-

54 2432 169 2465 turam,
208 2438 301 2467 quem
326 2429 391 2466 ipse
417 2427 593 2467 Sisyphum
617 2427 796 2466 appellabat,
835 2428 872 2457 ob
900 2429 1023 2466 ingenii
1050 2430 1282 2458 calliditatem:
1318 2429 1370 2458 hic
1395 2430 1567 2468 aliquando
1600 2431 1632 2459 in
1657 2430 1884 2460 Alexandrino

53 2486 144 2523 mari,
170 2495 241 2514 cum
266 2485 522 2523 inspectantibus
548 2485 692 2514 Antonio
718 2488 749 2514 61
776 2483 959 2522 Cleopatra,
1005 2485 1035 2513 in
1074 2486 1194 2522 scapha
1218 2486 1436 2515 uelificaretur
1463 2496 1531 2516 cum
1558 2488 1757 2525 aequalibus,
1795 2491 1883 2517 tanta

56 2542 255 2573 dexteritate
281 2542 460 2572 anteuertit
484 2541 575 2570 alios.
602 2545 636 2570 ut
663 2541 709 2570 eis
736 2541 864 2578 quidem
891 2544 976 2570 esset
1001 2541 1283 2578 delectamentum,
1322 2543 1397 2571 aliis
1423 2551 1498 2572 uero
1531 2543 1738 2573 admirationi
1765 2543 1798 2573 C.
1848 2543 1884 2583 3)

56 2598 147 2635 scafa
169 2609 196 2641 γ.
260 2599 296 2637 4)
322 2599 384 2628 11111
412 2608 471 2627 0111.
498 2597 542 2627 fh.
609 2597 643 2635 5>
670 2597 809 2635 appellat
834 2596 1068 2636 1nvath(G·?).
1094 2598 1247 2636 apellauit
1267 2608 1294 2640 γ.
1327 2598 1410 2628 conf.
1437 2598 1473 2628 C.
1539 2600 1573 2638 6)
1602 2600 1701 2629 Alium
1718 2600 1822 2639 filium
1854 2605 1884 2630 et.

60 2655 136 2689 Quia
159 2673 203 2676 ——
227 2658 305 2684 torta
328 2665 356 2696 γ.
384 2655 453 2684 rell.
479 2663 539 2684 om.
589 2653 624 2692 8)
653 2653 762 2683 Scauri
787 2658 883 2683 autem
909 2657 984 2683 sunt
1009 2663 1035 2695 γ.
1052 2672 1088 2674 —e
1109 2653 1260 2684 Suauiter
1286 2659 1391 2684 autem
1418 2656 1506 2684 (lixit
1531 2655 1608 2685 balb.
1634 2666 1777 2686 scaurum
1799 2657 1883 2699 ’(Βφ.

57 2709 206 2751 (Porph.)
230 2712 300 2741 rell.
327 2721 387 2741 om.
454 2710 509 2749 10)
535 2711 594 2740 hoc
621 2714 669 2740 est
696 2719 843 2740 scaurum
870 2710 931 2751 Βφ.
958 2710 1026 2739 rell.
1052 2720 1112 2739 om.
1140 2710 1315 2749 infringere
1343 2711 1467 2754 BqaaQ.
1501 2713 1569 2741 rell.
1599 2715 1630 2741 ct
1654 2712 1773 2750 Porph.
1808 2714 1884 2743 libri

58 2767 221 2807 infingere,
247 2769 329 2806 quod
356 2778 423 2797 uoc.
449 2777 512 2797 11011
540 2768 689 2797 Latinum
717 2772 774 2797 651.
801 2768 882 2797 conf.
909 2767 1115 2807 ilfi-lugimus
1142 2768 1175 2796 in
1200 2767 1271 2798 Aer.
1299 2768 1338 2796 ad
1364 2777 1393 2796 11.
1422 2768 1473 2797 54.
1550 2777 1637 2796 suam
1662 2778 1722 2797 0111.
1748 2779 1774 2810 γ.
1800 2770 1888 2807 quasi

59 2833 110 2854 eos
135 2825 199 2868 Βφ.
250 2825 306 2863 12)
334 2824 429 2853 calces
453 2834 478 2866 γ.
506 2825 573 2853 1611.
599 2824 693 2853 talos.
721 2828 817 2853 recte.
849 2824 933 2854 conf.
962 2824 1057 2862 Apul.
1083 2824 1165 2854 Flor.
1194 2825 1212 2853 3
1239 2834 1309 2853 cum
1335 2824 1428 2853 Auct.
1457 2823 1493 2851 B.
1519 2824 1588 2853 Afr.
1617 2826 1656 2853 38
1684 2829 1714 2854 et.
1741 2825 1818 2854 Hor.
1846 2826 1884 2855 E.

58 2880 100 2917 II,
128 2883 155 2918 1,
186 2883 256 2910 176.
284 2882 372 2911 Pers.
399 2882 437 2918 V,
468 2882 548 2911 104:
574 2885 655 2910 recto
680 2882 757 2910 talo.
790 2899 822 2901 w
853 2881 886 2910 Si
914 2899 917 2900 ν
939 2898 955 2901 —
981 2890 1128 2910 scaurum
1155 2890 1215 2909 om.
1242 2890 1268 2921 γ.
1323 2898 1360 2900 w
1402 2884 1495 2910 toret.
1522 2891 1552 2909 v.
1579 2880 1738 2910 Distortis
1764 2892 1789 2922 γ.
1817 2883 1885 2911 rell.

59 2945 118 2966 om.
170 2937 225 2975 13)
253 2937 358 2966 Schol.
386 2938 417 2966 in
442 2937 488 2966 fh.
514 2947 574 2966 oin.
601 2937 745 2978 ·(G,1nva.
773 2938 847 2975 quia
875 2938 930 2965 tali
957 2936 1221 2975 corpusfulcz'mzt
1249 2941 1276 2965 et
1300 2940 1485 2966 sustentant
1511 2936 1547 2966 C.
1615 2937 1669 2975 14)
1696 2938 1798 2976 qualia
1823 2948 1883 2968 am.

58 2992 140 3022 uitia
164 2993 281 3031 Porph.
332 2995 386 3032 15)
413 2993 558 3022 debemus
584 2997 611 3022 et
633 2994 709 3022 hon.
735 3003 761 3035 γ.
789 2994 874 3022 Nunc
900 2993 1042 3022 ostendit
1068 2994 1240 3021 amicorum
1266 2993 1345 3022 uitia
1369 2992 1536 3021 nominibus
1560 2993 1799 3023 honestioribus
1825 3003 1885 3023 esse

60 3049 274 3078 commutanda.
326 3049 381 3087 16)
409 3049 608 3087 Quicumque
633 3058 693 3078 am.
722 3058 747 3090 γ.
775 3050 843 3078 1611.
870 3059 930 3078 0111.
981 3049 1036 3087 17)
1064 3049 1267 3078 Naturaliter
1284 3049 1508 3078 iactabundum
1527 3049 1673 3087 sequitur
1691 3051 1830 3079 stultitia
1849 3049 1883 3079 C.

62 3106 117 3145 19)
144 3107 170 3135 si
197 3116 258 3137 om.
286 3116 313 3148 γ.
362 3106 420 3144 21)
447 3106 633 3136 Iracundior
657 3106 791 3147 -s,thQ.
818 3116 878 3136 om.
905 3106 1032 3143 Gunva.
1083 3106 1139 3143 24)
1167 3105 1239 3134 Non
1265 3104 1467 3135 dissimulator
1491 3109 1543 3135 aut
1565 3109 1743 3143 assentator,
1774 3106 1829 3135 sed
1848 3105 1883 3135 C.

62 3159 119 3201 25)
145 3161 227 3193 mod.
254 3165 281 3192 et
301 3166 468 3192 mansuetas
491 3161 614 3192 habetur
639 3161 674 3192 C.

1913 959 1920 989 l
1930 958 1949 987 (⁷)

1908 1690 1949 1721 20
