2148 3412
842 119 890 151 IN
915 120 1060 152 EPIST.
1086 120 1113 159 1,
1142 123 1170 152 7.
1844 109 1925 149 413

212 242 278 283 45.
310 255 501 282 uacuum.
560 239 656 282 Non
687 236 902 297 populum.
962 243 1115 285 inbelle.
1149 243 1356 286 Otiosum.

211 315 278 356 46.
311 313 522 355 Strenuus.
582 312 747 355 Fabula
777 315 880 356 haec
911 316 1011 358 satis
1046 323 1142 371 apte
1173 317 1461 372 superioribus
1491 317 1633 371 iuncta
1663 323 1737 367 est,
1775 316 1927 372 quibus

102 386 293 434 ostendit,
325 401 368 428 se
399 386 559 428 diuitiis
590 386 718 427 otium
751 389 976 442 praeferre.

210 461 276 502 48.
309 460 460 501 distare
496 460 676 502 Carinas.
736 460 879 503 Locus
910 463 953 502 in
983 462 1086 504 urbe
1117 463 1271 504 dicitur
1302 467 1454 505 Lautae
1481 464 1667 514 Carinae,
1703 470 1743 505 et
1774 470 1836 505 est
1865 463 1926 505 lo-

102 548 173 576 cus
202 532 255 574 ad
286 532 512 583 Tellurem,
544 540 588 574 ut
622 534 740 575 Poeta
772 535 906 589 (Ver-q.
937 533 991 576 A.
1023 534 1146 585 VIII,
1179 536 1301 589 361):
1335 544 1371 578 et
1402 537 1539 578 Lautz's
1570 540 1725 592 mugire
1755 537 1925 586 Carinis,

100 612 271 662 propter
300 605 477 655 nobiles,
508 605 606 647 licet
635 606 801 662 legatur
832 614 871 648 et
905 609 1025 650 Latis.

213 678 298 736 [49.
330 681 518 736 queritur.
579 679 681 722 Ideo
712 683 903 736 queritur,
937 681 1035 736 quia
1056 681 1231 738 grandis
1251 689 1372 732 natu3
1396 682 1548 724 etenim
1570 682 1740 724 senibus
1762 697 1927 738 semper

34 783 37 805 ᾧ
99 753 318 795 molestum
349 760 410 794 est
439 752 549 809 iter.]

210 827 276 869 50.
309 827 524 868 Adrasum.
556 825 757 868 Tonsum.
816 842 953 869 uacua
984 836 1083 870 tons.
1114 831 1155 871 in
1186 830 1343 871 umbra.
1401 829 1548 884 Ipsum
1578 844 1771 871 uacuum.

212 901 275 940 52.
309 901 493 941 Demetri.
552 899 785 942 Vocatiuus
816 916 936 943 casus
967 910 1040 944 est.
1098 902 1325 958 Philippus
1356 902 1409 943 ad
1447 917 1624 958 puerum
1669 917 1788 944 suum
1833 901 1925 944 De-

34 954 37 1000 l
98 973 292 1015 metrium
326 972 484 1030 [dixit]
546 972 666 1016 Ordo
697 981 759 1015 est
789 983 944 1016 autem:
976 975 1170 1017 Demetri
1200 990 1318 1031 puer,
1350 975 1431 1026 abi,
1465 990 1679 1030 quaerere.

211 1048 274 1089 60.
307 1048 448 1089 scitam·
476 1048 542 1090 lib.
604 1046 768 1104 [Verba
797 1047 1009 1104 Philippi;
1048 1049 1198 1105 placet,
1230 1050 1378 1105 inquit,
1410 1063 1460 1091 ex
1491 1049 1584 1104 ipso
1615 1048 1774 1100 audire,
1814 1049 1927 1104 quod

104 1119 236 1177 dicit]
296 1119 395 1162 Hoc
425 1120 619 1162 dominus
653 1135 786 1164 seruo.

211 1194 275 1236 65.
308 1195 373 1236 66.
407 1196 582 1237 tunicato
614 1210 692 1237 scr.
717 1212 760 1252 p.
823 1194 941 1248 Quas
971 1195 1100 1252 uulgo
1132 1196 1278 1252 γρύτας
1307 1204 1471 1238 uocant.
1551 1198 1747 1239 Tum'cato
1787 1204 1926 1238 autem

92 1267 250 1325 popello
270 1267 295 1308 i.
319 1282 353 1309 e.
368 1269 520 1324 populo
551 1268 706 1311 uilibus
736 1268 996 1311 uestimentis
1027 1270 1186 1320 induto,
1218 1277 1261 1311 ut
1292 1270 1494 1319 dicimus3
1526 1280 1707 1312 senatum
1738 1263 1925 1326 toqatum.

101 1339 310 1398 [Aliterz
344 1342 537 1384 Scrulum
567 1348 628 1383 est
657 1342 836 1383 fractum
866 1342 1062 1400 milium.]

210 1423 390 1471 occupat.
450 1415 698 1471 Inprouisus
728 1415 890 1458 inuenit
919 1423 959 1458 et
988 1416 1208 1472 praeuenit
1239 1416 1471 1458 salutando.
1647 1475 1649 1477 ι

211 1477 276 1529 74.
307 1490 419 1531 uisus
455 1489 617 1531 decurr.
648 1477 770 1545 piscis
804 1491 856 1531 ad
877 1476 1064 1532 'llmnum
1113 1476 1269 1547 [Piscis
1300 1490 1354 1531 ad
1383 1490 1553 1531 hamum
1585 1504 1770 1540 currens,
1803 1505 1928 1533 causa

36 1614 37 1617 Ἴ
100 1561 234 1618 gulae.
307 1561 525 1604 Vulteium
556 1562 766 1619 significat
796 1563 968 1605 auidum
998 1564 1203 1620 pecuniae
1233 1564 1342 1614 fore3
1389 1564 1463 1606 sed
1495 1565 1604 1619 (ut?)
1642 1564 1771 1619 piscis
1802 1564 1923 1606 deci-

35 1642 37 1696 J
98 1635 210 1691 pitur
239 1636 283 1677 in
313 1636 450 1686 hamo,
483 1637 543 1678 sic
576 1635 657 1693 [ut]
681 1636 875 1679 Vulteius
906 1637 1140 1694 deceptus]
1202 1636 1336 1690 Quasi
1367 1637 1509 1693 piscis.
1568 1637 1823 1693 Metaphora
1854 1644 1926 1679 est.

211 1710 276 1751 75.
309 1710 373 1751 76.
406 1711 563 1752 iubetur
607 1711 725 1752 Rura
770 1711 1018 1753 suburbana.
1078 1710 1224 1761 Facto,
1269 1711 1417 1766 inquit,
1462 1726 1598 1761 mane,
1645 1726 1727 1766 quo
1757 1725 1927 1754 necesse

99 1788 187 1825 erat
214 1782 410 1835 milites*)
432 1783 669 1848 (clientesss)
687 1783 748 1825 ire
777 1784 821 1825 'm
852 1784 1064 1838 quandam
1089 1784 1461 1841 [expectationem]
1484 1784 1795 1840 expeditionem
1826 1785 1926 1827 sub-

36 1878 37 1903 3
98 1856 315 1907 urbanam,
346 1855 572 1912 Philippus
589 1856 804 1899 Vulteium
835 1857 949 1899 iubet
981 1872 1133 1913 equum
1164 1858 1421 1900 adscendere
1450 1864 1490 1899 et
1526 1873 1666 1900 secum
1702 1858 1926 1914 proficisci,

35 1981 37 1987 ἲ
99 1929 209 1985 quod
229 1944 458 1985 numquam
489 1938 584 1972 ante
613 1930 808 1973 Vulteius
838 1931 1005 1973 fecerat.

238 2047 269 2086 1)
294 2046 367 2076 Non
391 2056 462 2085 pop.
490 2046 571 2089 γΒφ.
599 2047 666 2076 rell.
695 2057 755 2077 om.
781 2064 823 2067 —
850 2046 997 2078 Otiosum
1022 2056 1048 2089 γ.
1075 2049 1144 2078 rell.
1171 2057 1231 2078 om.
1296 2048 1331 2088 2)
1358 2048 1447 2087 uulg.
1475 2052 1561 2087 apta.
1588 2051 1660 2086 apte
1685 2057 1711 2089 γ.
1743 2052 1839 2079 recte.
1889 2049 1924 2087 4)

99 2102 199 2132 Locus
225 2120 265 2123 -—-
291 2103 380 2133 latis.
407 2103 477 2133 rell.
503 2113 564 2133 om.
603 2103 684 2133 conf.
712 2102 757 2133 C:
798 2102 937 2134 Carinas.
963 2104 1052 2134 locus
1078 2108 1127 2134 est
1151 2105 1190 2133 ad
1217 2104 1388 2135 Tellurem.
1415 2109 1450 2135 ut
1475 2105 1584 2142 Poeta,
1622 2108 1654 2134 et
1680 2106 1776 2136 lautis
1801 2106 1926 2144 mugire

100 2158 243 2200 (mugere
267 2160 299 2202 γ)
326 2159 466 2196 Carinis,
492 2164 619 2199 propter
643 2161 781 2191 nobileis
808 2162 948 2198 scilicet3
986 2161 1064 2190 licet
1088 2161 1225 2199 legatur,
1263 2165 1295 2190 et
1320 2161 1424 2198 laetis,
1453 2166 1512 2192 etc.
1551 2162 1677 2192 scilicet
1702 2171 1762 2191 om.
1788 2171 1814 2202 γ.
1851 2162 1928 2191 latis

99 2225 126 2259 γ,
150 2221 186 2247 ut
210 2217 279 2247 cod.
305 2216 419 2246 Medic.
447 2216 580 2246 Seruius
607 2221 713 2247 tamen
740 2221 880 2247 testatur
893 2217 1000 2247 Lautis
1025 2226 1112 2255 mug.
1140 2216 1268 2247 Carinis
1295 2216 1433 2256 (Ribb.).
1460 2218 1558 2248 lautus
1581 2233 1626 2247 z
1649 2218 1767 2248 nobilis
1793 2216 1860 2248 Cic.
1888 2218 1928 2247 ad

99 2272 172 2305 Diu.
198 2273 269 2311 VII,
298 2274 348 2303 14.
375 2274 462 2303 locus
488 2274 566 2304 latus
591 2273 655 2306 Cic.
682 2273 782 2304 Acad.
801 2274 856 2312 IV,
878 2275 929 2303 12.
956 2272 1038 2303 conf.
1064 2273 1132 2316 Βφε
1159 2274 1248 2304 locus
1273 2284 1422 2313 aquarum
1446 2274 1530 2314 lonye
1554 2273 1675 2314 asmo,
1700 2275 1790 2304 cuius
1814 2275 1927 2304 memi-

100 2329 150 2359 nit
175 2330 270 2368 uirgl.
297 2329 387 2359 lautis
410 2339 496 2368 mug.
523 2331 651 2360 carinis.
678 2329 761 2360 conf.
786 2330 905 2368 Porph.
964 2331 998 2369 7)
1025 2331 1178 2369 queritur.
1203 2331 1279 2360 Ideo
1298 2332 1420 2361 —iter
1444 2341 1504 2362 om.
1531 2341 1558 2374 γ.
1608 2331 1643 2370 9)
1669 2331 1829 2361 Adrasum.
1854 2331 1926 2369 §sse

101 2385 241 2425 (presse)
266 2389 395 2416 tonsum
419 2387 575 2417 calamum
598 2397 625 2429 γ.
652 2387 722 2416 rell.
748 2396 807 2416 om.
834 2386 917 2416 conf.
937 2386 980 2417 C:
1017 2386 1097 2416 Adr.
1122 2386 1347 2418 Praetonsum.
1378 2405 1416 2408 υ-
1436 2386 1548 2429 lasusts
1577 2384 1678 2429 filisa!
1711 2386 1927 2425 (euanuerunt

100 2441 181 2481 litt.)
208 2443 301 2480 ipsust
325 2452 461 2473 uacuum
484 2453 512 2485 γ.
544 2443 626 2473 conf.
653 2443 694 2473 C:
721 2453 830 2474 uacua.
858 2444 963 2481 ipsum
987 2452 1133 2479 uacuum,
1171 2453 1226 2482 per
1250 2443 1468 2484 Hypallagen.
1495 2444 1566 2474 rell.
1594 2454 1654 2474 om.
1721 2444 1776 2483 10)
1803 2443 1927 2474 dimetri

99 2507 125 2539 γ.
150 2500 287 2529 uocatiu.
313 2509 407 2530 casus
434 2504 483 2530 est
507 2510 533 2541 γ.
561 2501 630 2530 rell.
657 2510 716 2529 om.
768 2500 823 2538 11)
851 2500 938 2530 dixit
964 2509 1024 2529 om.
1042 2509 1068 2541 γ.
1095 2503 1202 2529 autem
1228 2510 1252 2541 γ.
1270 2501 1339 2531 rell.
1361 2511 1420 2531 om.
1437 2519 1476 2522 -—
1493 2509 1645 2539 quaerere
1668 2510 1696 2543 γ.
1714 2501 1784 2530 rell.
1812 2509 1929 2539 quaere

103 2554 222 2594 (Hor)
274 2556 329 2594 12)
354 2556 460 2586 Verba
485 2575 527 2577 —
553 2557 632 2586 dicit
658 2566 718 2587 om.
744 2566 769 2598 γ.
797 2556 866 2586 Ηο6
891 2557 930 2586 (16
956 2565 1047 2586 seruo
1071 2565 1097 2598 γ.
1118 2556 1187 2585 rell.
1205 2565 1265 2586 om.
1319 2556 1374 2597 14)
1400 2558 1496 2596 uulgo
1520 2567 1545 2599 γ.
1572 2558 1641 2587 rell.
1668 2558 1791 2596 uulgus.
1816 2561 1927 2596 gratas

101 2610 230 2652 ·(,C(Q).
256 2613 325 2642 rell.
352 2617 475 2643 scrutas
502 2614 619 2652 (scutas
645 2613 690 2652 a),
716 2613 818 2643 forma
844 2623 907 2643 non
932 2612 1051 2642 Latina
1076 2622 1131 2650 pro
1158 2613 1303 2643 sollemni
1328 2624 1358 2643 u.
1383 2618 1496 2651 scruta,
1525 2614 1611 2644 facta
1627 2614 1770 2644 Romana
1787 2622 1927 2652 pronun-

100 2667 236 2698 tiatione
253 2677 294 2698 ex
319 2665 476 2712 γρύτας,
503 2671 588 2708 quod
604 2670 796 2699 uocabulum
814 2669 983 2707 Graecum,
1009 2679 1074 2699 non
1090 2669 1243 2699 Latinum
1262 2674 1320 2700 est.
1336 2675 1505 2701 —uocant
1529 2680 1554 2712 γ.
1582 2671 1651 2700 rell.
1678 2674 1776 2700 uocat.
1801 2669 1925 2708 Vulgo:

101 2723 256 2755 Tunicato
280 2730 387 2755 autem
410 2726 523 2764 populo
546 2727 578 2756 id
597 2730 644 2756 est
662 2727 716 2756 uil.
741 2736 774 2768 ⁴1:
802 2726 920 2764 popello
944 2730 1051 2756 autem
1076 2726 1193 2765 populo
1219 2727 1288 2764 uil„
1314 2736 1372 2756 om.
1400 2727 1568 2756 Tunicato.
1596 2736 1654 2765 ego
1680 2727 1788 2765 posui:
1810 2726 1928 2765 popello

38 2790 40 2810 1
102 2782 124 2811 i.
149 2790 175 2812 e.
201 2784 318 2821 populo
352 2783 483 2813 uilibus.
548 2783 603 2822 16)
630 2783 724 2813 Aliter·
751 2801 790 2804 —
817 2784 943 2813 milium
979 2793 1038 2813 om.
1075 2793 1101 2824 γ.
1165 2783 1220 2821 18)
1246 2783 1344 2821 piscis
1372 2801 1413 2804 >fi
1438 2784 1591 2821 deceptus
1627 2793 1686 2813 om.
1724 2792 1752 2824 γ,
1802 2783 1928 2812 hamum

103 2855 144 2859 —
167 2839 287 2869 hammo
311 2850 342 2869 v.
369 2858 407 2861 -—
436 2849 558 2870 currere
582 2839 646 2872 cfh.
673 2849 797 2870 currens
821 2839 968 2880 vaC(Q).
1034 2841 1090 2880 19)
1115 2840 1158 2870 sic
1181 2843 1214 2868 ut
1235 2839 1342 2871 Vulte.
1367 2839 1446 2875 th.
1477 2839 1519 2869 sic
1542 2840 1650 2869 Vulte.
1676 2848 1747 2870 vca.
1774 2839 1855 2869 conf.
1883 2839 1924 2869 C:

104 2896 170 2925 ‘sed
193 2900 224 2925 ut
245 2897 345 2935 piscis
370 2897 526 2935 decipitur
550 2898 655 2934 hamo,
680 2896 723 2926 sic
747 2897 898 2926 Vulteius
923 2897 1079 2936 deceptus
1104 2901 1148 2927 est
1164 2896 1316 2936 pecunia’.
1341 2900 1428 2926 recte
1444 2897 1503 2926 hoc
1520 2897 1713 2934 cogitatum3
1747 2905 1821 2926 nam
1846 2897 1927 2934 pisci

102 2950 261 2991 Vulteius,
287 2962 351 2982 non
375 2953 505 2984 Vulteio
529 2955 630 2993 piscis
656 2956 860 2992 conparatur.
885 2953 977 2983 Hane
1002 2963 1067 2984 rem
1094 2954 1333 2984 inconsiderate
1358 2953 1494 2983 inuertit
1512 2952 1540 2988 Q
1557 2953 1717 2983 scribens:
1744 2953 1802 2983 sed
1826 2953 1926 2991 piscis

103 3008 262 3047 decipitur
286 3010 320 3039 in
344 3010 448 3047 hamo,
483 3010 527 3041 sic
551 3015 582 3041 ut
604 3010 753 3040 Vulteius
779 3010 931 3048 deceptus
967 3014 1012 3039 est
1043 3010 1183 3048 pecunia.
1231 3010 1289 3048 22)
1316 2997 1574 3047 expectationem
1599 3009 1771 3039 lectionem
1794 3018 1927 3048 prorsus

104 3064 257 3103 insanam,
294 3075 389 3104 quam
413 3067 489 3096 vcfh
515 3067 684 3105 exhibent,
722 3066 837 3097 Editor
861 3066 1035 3104 Pragensis
1061 3075 1240 3105 propagare
1265 3075 1329 3095 uon
1354 3065 1529 3103 abstinuit3
1566 3065 1740 3104 legendum
1775 3070 1826 3095 est
1855 3066 1926 3096 sine

105 3120 200 3150 dubio
216 3131 286 3152 cum
303 3121 403 3165 B<p‚a:
430 3123 656 3162 eaepedc‘tz‘onem.
687 3121 711 3152 C
731 3123 790 3152 hoc
808 3124 907 3153 schol.
926 3132 990 3154 non
1008 3123 1117 3153 habet.
1168 3122 1204 3161 *)
1225 3121 1259 3151 C.
1278 3121 1451 3151 Hermann.
1477 3122 1581 3152 uoluit
1599 3121 1713 3153 diuites.
1725 3120 1924 3160 (comites?).

1953 912 1993 943 10

1953 1279 1992 1311 15

1953 1646 1994 1677 20
