2148 3412
81 957 122 990 10

81 1326 121 1358 15

79 1694 120 1725 :20

149 159 230 198 444
781 168 884 199 Aca.
910 167 970 198 ΕΤ
995 166 1161 200 ΡΟηΡΗ.
1187 166 1336 198 COMM.

261 295 327 332 40.
366 292 463 333 Cum
493 292 624 333 seruis
646 290 736 332 urb.
761 290 864 331 (liar.
925 289 1057 331 Deest
1089 298 1131 330 lu
1162 303 1282 335 uero:
1315 288 1375 330 sic
1406 289 1517 330 enim
1548 288 1627 330 erit
1656 294 1848 331 contexta
1878 302 1972 330 sen-

148 365 289 406 tentia.

259 439 325 478 42.
358 438 459 479 calo.
506 436 588 478 Vel
619 436 671 478 ab
703 451 765 487 eo,
798 436 909 491 quod
931 436 1171 490 frequenter
1192 435 1434 486 aduocetur,
1471 435 1624 477 dicitur
1645 436 1745 485 calo,
1777 435 1844 476 uel
1874 435 1974 490 quia

147 512 254 550 κᾶλα
287 508 452 552 Graece
482 510 600 565 ligna
631 510 839 561 dicuntur,
873 518 911 551 et
942 509 1011 550 ille
1043 509 1158 550 uadit
1190 523 1314 564 saepe
1344 509 1551 565 lignatum
1586 508 1699 565 [cum
1732 508 1896 565 seruis]

768 664 1140 720 EPISTVLA
1181 665 1220 731 I,
1266 666 1340 718 15.

960 775 1151 819 AGRON.

262 877 455 920 Consulit
485 890 660 928 VALAM,
707 877 809 931 quid
853 877 1005 919 sentiat
1035 877 1086 918 de
1118 876 1362 918 salubritate
1393 875 1592 931 regionis,
1639 875 1836 931 quoniam
1882 875 1973 930 ipse

149 951 353 993 Horatius
384 951 553 993 nolebat
582 950 711 992 Baias
742 951 814 991 ire.

262 1026 319 1082 [1.
354 1027 468 1077 Quae
489 1028 537 1067 sil
558 1026 679 1067 hiems
707 1026 848 1067 Veliae.
908 1023 1191 1079 Hyperbaton
1222 1023 1376 1065 abhinc
1407 1038 1539 1077 usque
1571 1024 1624 1064 ad
1654 1023 1847 1064 ultimum
1878 1037 1974 1064 uer-

147 1115 257 1142 sum:
290 1101 473 1142 Scribere
504 1108 538 1141 te
567 1100 677 1141 nobis
709 1100 777 1140 tibi
803 1113 875 1140 nos
907 1098 1120 1140 accredere
1146 1112 1228 1153 par
1259 1095 1344 1153 est.]

260 1175 432 1216 Salei-ml
502 1174 606 1215 Velia
642 1188 691 1215 ac
724 1173 938 1214 Salernum
968 1171 1126 1227 oppida
1149 1170 1281 1227 [sunt]
1305 1170 1535 1211 Lucaniae.
1595 1170 1811 1213 Salernum
1832 1185 1856 1212 a
1877 1171 1975 1213 salis

147 1247 270 1303 copia
301 1255 363 1289 est
392 1247 562 1289 dictum.

261 1324 298 1362 2.
328 1336 423 1363 nam
444 1322 543 1362 mihi
563 1322 695 1362 Baias.
756 1319 882 1370 Mire,
915 1319 1035 1373 quasi
1065 1319 1175 1360 hanc
1205 1318 1403 1359 iniuriam
1434 1318 1627 1368 sentiant,
1660 1318 1694 1359 si
1715 1318 1799 1360 illis
1818 1319 1976 1375 frigida

146 1394 272 1436 etiam
292 1394 523 1450 frigoribus
555 1394 705 1436 mediis
743 1394 1046 1449 praeferantur.
1107 1391 1193 1434 Hic
1226 1393 1446 1448 ponendus
1482 1392 1652 1434 ultimus
1688 1407 1834 1435 uersus
1857 1394 1972 1449 (525):

146 1468 328 1510 Scribere
351 1477 384 1510 te
405 1468 528 1518 nobis,
563 1469 633 1509 libi
650 1483 722 1510 nos
745 1468 961 1509 adcredere
979 1482 1059 1523 par
1081 1476 1146 1509 est.

259 1543 296 1583 3.
329 1543 451 1585 Musa
482 1556 642 1597 supera.
665 1541 874 1583 Antonius.
934 1540 1060 1582 Musa
1081 1539 1293 1582 Antonius
1314 1539 1500 1596 Augusti
1530 1541 1717 1583 medicus
1748 1540 1974 1582 Horatium

144 1615 335 1666 iusserat,
367 1623 410 1656 ut
440 1615 731 1671 psychrolusia
762 1615 952 1670 (lauacro
983 1614 1160 1670 frigido)
1192 1621 1377 1655 uteretur
1408 1622 1580 1670 propter
1610 1615 1826 1656 oculorum
1857 1614 1974 1656 dolo-

146 1704 246 1730 rem.
281 1691 298 1743 Η
329 1689 455 1730 Musa
484 1687 699 1730 Antonius
730 1687 994 1743 aegritudine
1025 1686 1212 1743 Augusti
1242 1695 1372 1729 artem
1406 1704 1522 1729 suam
1554 1688 1804 1730 inlustrauit.
1865 1687 1972 1730 Nam

147 1777 254 1813 cuin,
286 1762 428 1805 dolore
462 1761 678 1820 [arteriae]
712 1761 927 1803 arthritico
958 1760 1167 1811 laborans,
1200 1761 1253 1802 ad
1286 1776 1489 1803 summam
1516 1761 1771 1820 [materiem]
1796 1762 1974 1804 maciem

147 1946 190 1960 Ξ
215 1930 284 1969 sed)
311 1939 380 1960 cum
406 1930 443 1959 R.
471 1948 508 1950 -—
539 1934 568 1960 et
594 1930 715 1960 ambitio
740 1930 799 1959 hec
825 1934 874 1959 est
898 1929 942 1959 M.
969 1933 999 1958 et
1024 1928 1145 1958 ambitio
1170 1933 1212 1958 est
1237 1928 1272 1957 R.
1300 1929 1371 1958 rell.
1399 1934 1430 1960 et
1453 1939 1490 1959 em
1514 1931 1663 1970 aiizbigJao.
1690 1934 1717 1960 et
1741 1940 1803 1960 om.
1831 1931 1860 1960 2.
1885 1930 1969 1960 maia

163 2002 206 2016 z
232 1988 336 2017 maius
362 1997 418 2025 pro
443 1987 562 2026 mauis)
591 1991 619 2016 et
648 1997 689 2016 ex
713 1987 848 2025 amhiquo
873 1986 991 2016 ambitio
1015 1986 1092 2015 haec
1118 1989 1167 2015 est
1194 1986 1232 2015 el.
1259 1986 1411 2016 distincto
1434 1996 1464 2015 v.

263 2045 294 2083 1)
323 2044 454 2073 Lemma
482 2042 550 2073 Cum
574 2043 668 2073 seruis
692 2043 825 2072 subsidia
849 2041 993 2072 MRA2G
1020 2052 1076 2081 pro
1103 2041 1181 2071 Cum
1208 2043 1311 2071 seruis
1335 2042 1400 2072 urb.
1426 2042 1507 2072 dz'ar.
1534 2043 1602 2072 Hoc
1628 2043 1726 2073 schol.
1753 2044 1787 2073 in
1800 2042 1893 2073 MRG
1911 2052 1973 2073 non

146 2101 358 2138 penultimum
386 2101 441 2130 sed
466 2101 617 2130 ultimum
642 2105 699 2130 est.
726 2111 786 2130 om.
818 2101 906 2129 vai'h.
957 2100 991 2138 3)
1019 2100 1058 2129 ab
1084 2108 1119 2128 eo
1145 2108 1203 2137 quo
1217 2099 1259 2128 M.
1286 2117 1327 2120 ἡ
1353 2104 1501 2130 aaocetur
1527 2100 1569 2130 M.
1600 2101 1726 2130 aduocec
1751 2102 1779 2129 2.
1828 2101 1864 2139 4)
1889 2096 1973 2130 κᾶλα

147 2167 206 2188 om.
232 2157 359 2187 MRQG.
385 2154 470 2188 καλα
494 2158 582 2187 vasli.
610 2176 631 2178 -ῌ
676 2167 740 2187 cum
764 2157 859 2187 seruis
883 2158 961 2186 vafh
987 2158 1117 2186 initium
1143 2157 1304 2186 lemmatis
1330 2157 1498 2194 pertinens
1524 2157 1564 2186 ad
1590 2158 1686 2186 schol.
1714 2158 1916 2195 praecedens.

258 2213 419 2245 ACRON.
468 2214 640 2253 Inscriptio
666 2215 807 2244 omnium
832 2214 898 2243 fere
923 2214 1014 2244 codd.
1041 2213 1168 2243 Horatii
1186 2212 1315 2251 (Ambr.
1334 2213 1621 2256 -sAEsseFHIJOP
1639 2214 1729 2243 Harl.
1749 2215 1848 2244 2724.
1874 2214 1971 2243 Bern.

145 2272 170 2300 Β
197 2272 273 2310 etc.)
301 2275 367 2301 est:
404 2272 464 2300 AD
491 2270 728 2301 NVMONIVM
752 2270 916 2300 VALAM.
963 2270 1022 2299 AD
1049 2270 1287 2301 NOMONIVM
1311 2270 1475 2299 VALAM.
1509 2271 1576 2299 XV.
1603 2271 1698 2300 Fran.
1746 2270 1806 2300 AD
1832 2270 1972 2300 NVMO·

145 2322 221 2357 DIV
244 2319 370 2357 VALX.
397 2328 486 2357 Barc.
527 2328 587 2358 AD
614 2327 852 2358 NVMONIVM
886 2328 1062 2358 VELIVM
1099 2327 1189 2358 Sorb.
1227 2326 1330 2363 Unus,
1369 2328 1469 2357 Notre
1505 2328 1618 2365 Dame,
1656 2337 1739 2357 saec.
1764 2327 1825 2357 XII
1861 2328 1970 2357 addit:

144 2384 316 2414 AMICVM
341 2383 465 2422 SVVM,
503 2385 613 2414 nullus
638 2394 713 2414 uero
739 2385 908 2414 confirmat
934 2393 1123 2422 praenomen
1152 2383 1239 2414 Caius
1264 2393 1289 2413 s.
1317 2382 1366 2420 C..
1405 2384 1489 2422 quod
1525 2384 1589 2413 Fea
1625 2385 1724 2414 tacite
1760 2385 1881 2414 nomini
1917 2385 1973 2414 ad.-

146 2442 262 2479 posuit.
292 2441 327 2471 C.
355 2440 581 2471 NVMONIVS
607 2441 726 2470 VALA
751 2442 863 2479 utique
888 2442 1024 2471 occurrit
1051 2443 1082 2470 in
1108 2441 1211 2470 numis
1241 2450 1290 2478 ap.
1318 2441 1453 2470 Eckhel.
1479 2441 1520 2470 D.
1547 2441 1586 2470 N.
1615 2451 1639 2470 S.
1668 2452 1696 2479 p.
1724 2442 1798 2471 263.
1837 2442 1972 2472 Arneth.

145 2499 185 2535 ΙΙ,
214 2500 264 2528 20.
291 2499 453 2529 Akerman
479 2499 502 2529 I.
530 2510 560 2537 p.
588 2501 639 2529 68.
683 2499 712 2529 Α
737 2499 862 2529 Velleio
887 2499 928 2531 ΙΙ.
959 2501 1019 2528 119
1047 2498 1159 2528 VALA
1183 2497 1420 2534 NVMONIVS,
1458 2498 1586 2536 legatus
1611 2498 1700 2535 Vari,
1739 2496 1832 2537 quem
1867 2500 1972 2529 nostri

146 2556 247 2585 filium
272 2556 371 2585 fuisse
396 2560 520 2594 putant,
546 2560 578 2585 et
603 2556 655 2594 qui
680 2565 707 2585 a.
734 2566 764 2585 u.
792 2566 816 2585 c.
846 2557 907 2585 7132
935 2557 1078 2585 desertor
1105 2555 1233 2591 occidit,
1264 2557 1529 2584 conmemoratur.
1548 2571 1588 2575 -—
1607 2554 1808 2592 Argumento
1832 2556 1972 2593 primum

145 2613 247 2643 locum
274 2613 358 2649 dedi,
385 2613 468 2651 quod
495 2614 527 2643 in
554 2614 621 2642 cod.
649 2622 711 2642 non
737 2612 858 2642 factum
884 2617 942 2643 est.
969 2612 993 2641 C
1018 2613 1117 2642 habet
1142 2613 1217 2642 hoc:
1244 2610 1391 2641 Consulit.
1416 2611 1569 2640 Horatius
1595 2610 1730 2641 Vaalam
1756 2611 1833 2651 (sic)
1862 2612 1901 2641 de
1926 2612 1972 2642 lo-
2034 2639 2036 2656 ζ

145 2679 250 2699 corum
276 2670 474 2708 quorundam
501 2670 692 2700 salubritate
717 2670 757 2699 ad
782 2669 988 2708 lippitudinis
1015 2678 1091 2698 suae
1109 2670 1317 2704 curationem,
1345 2668 1493 2706 quoniam
1511 2668 1605 2697 Musa
1621 2667 1719 2698 Baias
1737 2668 1827 2698 adire
1845 2669 1972 2698 dissua-
2034 2684 2035 2711 ;

147 2727 252 2756 debat.

259 2784 293 2823 9)
319 2784 421 2813 ualam
447 2794 472 2825 γ.
498 2784 620 2814 Vallam
645 2782 782 2818 vcath.
850 2782 905 2821 11)
931 2783 1142 2822 IIyperbaton
1172 2800 1197 2803 —
1236 2787 1286 2811 est
1310 2791 1370 2811 om.
1396 2791 1422 2823 γ.
1485 2783 1540 2820 13)
1567 2786 1642 2812 sunt
1667 2792 1726 2812 om.
1752 2791 1778 2824 γ.
1841 2780 1897 2821 14)
1924 2784 1971 2811 est
2032 2794 2034 2798 ,

146 2840 276 2869 dictum.
294 2850 320 2881 γ.
340 2841 408 2870 rell.
428 2841 471 2870 di.
491 2846 551 2872 est,
605 2841 660 2879 15)
687 2840 778 2878 quasi
803 2848 829 2880 γ.
848 2839 917 2868 rell.
943 2839 1037 2876 quod.
1089 2840 1143 2878 16)
1169 2838 1377 2876 praeferatur.
1403 2838 1463 2867 Hic
1477 2848 1581 2876 —par
1598 2842 1641 2868 est
1662 2847 1688 2880 γ.
1713 2839 1783 2868 rell.
1803 2848 1862 2868 om.
1914 2837 1970 2876 18)
2032 2860 2033 2863 ,

148 2895 238 2924 ,Musa
263 2914 300 2918 -—
330 2897 461 2926 dolorem
486 2898 570 2927 libri.
599 2915 638 2918 fl*
665 2897 801 2926 Horatio
826 2894 894 2936 *(‚C.
922 2899 1008 2924 reete
1035 2896 1141 2925 etiam.
1179 2895 1254 2924 Tac.
1281 2894 1424 2932 A.X111‚
1452 2895 1510 2925 40:
1548 2896 1663 2934 quibus
1689 2896 1837 2933 iusserat,
1862 2898 1898 2924 ut
1922 2904 1970 2925 re-
2030 2909 2033 2918 ι

147 2953 308 2981 ¹sisterent.
347 2952 413 2982 Cic.
441 2954 472 2983 iu
497 2954 586 2983 Verr.
620 2953 661 2990 11,
696 2954 747 2983 67.
773 2953 841 2981 rell.
868 2952 1044 2981 Horatium.
1110 2952 1163 2990 19)
1191 2955 1225 2981 ut
1250 2951 1375 2980 lauacro
1387 2950 1512 2991 smTyz'do
1536 2956 1682 2982 uteretur
1708 2952 1743 2981 C.
1781 2955 1816 2980 ut.
1839 2951 1901 2990 ipse
1926 2951 1969 2981 lu-
2030 2987 2031 2994 ἶ

146 3012 192 3037 tro
216 3019 245 3038 v.
277 3014 312 3038 ut
337 3009 397 3047 ipse
423 3010 547 3039 lauacro
572 3010 655 3039 cafh.
682 3014 718 3039 ut
737 3009 931 3048 psacrolztcia
955 3018 982 3050 γ.
1026 3010 1117 3046 posui
1139 3008 1351 3047 psychrolusz'a
1376 3004 1647 3050 (Ψυχρολουσία),
1675 3008 1757 3038 conf.
1778 3006 1865 3038 Coel.
1892 3007 1968 3037 Aur.
2028 2998 2032 3017 ⁷

145 3065 239 3094 Acut.
266 3066 290 3101 Ι,
320 3068 368 3095 14.
399 3068 469 3096 112.
497 3067 721 3106 psychrolutes
741 3061 1006 3110 (Ψυχρολούτης)
1025 3065 1145 3094 Seneca
1170 3065 1207 3094 E.
1229 3066 1280 3095 53.
1308 3066 1360 3095 83.
1409 3066 1467 3104 20)
1491 3065 1639 3095 Musa—
1655 3066 1780 3103 accepit
1803 3063 1872 3107 γ,(3.
1898 3064 1968 3094 rell.
2028 3094 2030 3120 ἱ

145 3131 206 3151 om.
237 3140 276 3143 —
304 3122 403 3152 illust.
430 3122 495 3164 ·(,C.
546 3124 602 3162 21)
628 3124 767 3154 arteriae
792 3132 816 3164 γ.
843 3122 1012 3152 arthritico
1038 3122 1072 3152 C.
1099 3123 1266 3152 materiem
1292 3131 1317 3163 γ.
1343 3122 1476 3152 maciem
1502 3121 1538 3151 C.
1557 3140 1597 3143 —
1623 3122 1784 3152 laboraret
1805 3122 1846 3152 ad
1871 3131 1897 3163 γ.
1923 3122 1970 3151 la·
2028 3126 2029 3164 J

143 3179 269 3209 boraret
294 3183 321 3208 et
344 3179 384 3208 ad
409 3179 443 3210 C.
