2148 3412
198 950 239 982 10

197 1679 238 1711 20

195 2046 213 2076 Ν.)

217 2047 235 2076 :5¹

267 151 318 191 58
893 156 999 190 ACR.
1026 155 1085 188 ET
1110 153 1277 187 PORPH.
1303 152 1451 186 COMM.

376 284 451 325 Ιιαο
483 283 562 337 que
591 283 634 322 in
664 281 817 322 trutina
841 288 1016 336 ponetur
1048 279 1194 319 eadem.
1253 275 1305 316 Id
1335 282 1414 317 est:
1463 274 1541 331 [et]
1574 275 1626 315 de
1655 275 1748 329 ipso
1784 272 1931 315 eodem
1960 273 2085 314 modo

265 356 564 398 aestimabitur.
624 353 907 409 Allegoricos:
941 352 1013 407 qui
1034 350 1216 407 ignoscit
1245 349 1361 390 uitiis
1382 348 1572 397 aliorum,
1604 362 1701 388 mox
1722 347 1897 388 eandem
1918 345 2087 387 ueniam

265 436 552 485 consequetur.

376 504 440 544 73.
473 504 540 557 qui
566 515 614 542 ne
646 500 725 541 tub.
748 513 893 555 propr.
953 497 1050 539 Hoc
1081 496 1202 538 dicit:
1250 496 1376 548 Quod
1422 495 1456 536 si
1501 494 1596 549 quis
1639 494 1725 535 suis
1769 492 1935 549 magnis
1975 491 2087 533 uitiis
2140 516 2141 519 =

264 576 432 617 ueniam
462 574 597 629 poscit
627 574 679 615 ab
711 573 859 621 amico,
906 570 1141 612 minoribus
1171 569 1287 610 uitiis
1318 568 1443 610 amici
1480 567 1605 609 debet
1644 567 1876 623 ignoscere.
1955 566 2089 607 Tuber
2141 594 2144 624 J

263 656 323 691 est
353 649 503 711 bebus,
538 646 656 702 [hinc
686 645 917 694 tuberosus,
949 644 992 685 id
1023 651 1084 685 est
1113 641 1397 699 gibberosus]

377 722 442 762 76.
476 722 599 775 deniq.
631 727 825 775 quatenus
847 733 931 760 exc.
950 733 1039 773 pen.
1060 719 1130 758 uit.
1150 719 1248 758 irae.
1309 714 1522 768 Quoniam
1553 714 1656 755 uitia
1686 713 1773 754 irae
1804 719 1844 754 et
1874 711 1957 753 alia
1985 710 2089 752 uitia
2138 731 2139 737 =

263 809 346 836 non
378 800 550 848 possunt
580 792 746 848 penitus
767 790 927 832 aboleri
948 790 1001 831 ab
1022 789 1275 839 hominibus,
1312 788 1511 830 debemus
1532 787 1745 829 moderate
1767 800 1816 827 ea
1835 785 2088 840 uituperare.
2134 789 2143 810 ἕ·

266 866 314 909 Si
343 882 427 908 non
447 872 633 921 possunt,
665 865 813 919 inquit,
845 862 1101 905 dissimulari
1121 863 1225 904 uitia
1245 862 1488 911 amicorum,
1521 861 1667 902 saltem
1688 859 1788 901 talia
1809 859 2088 908 aestimemus,

266 940 406 995 qualia
436 947 543 990 sunt,
574 954 653 980 nec
682 938 882 979 debemus
913 952 963 978 ea
992 936 1255 992 malignitate
1285 943 1428 977 nostra
1458 949 1627 990 augere.
1687 933 1777 975 Iam
1808 932 2010 988 paulatim
2041 945 2090 972 eo
2136 932 2145 987 ο]

265 1013 492 1062 descendit,
539 1018 584 1053 ut
612 1012 813 1053 aduersus
845 1010 1009 1052 Stoicos
1040 1009 1236 1064 disputet,
1282 1009 1354 1063 qui
1384 1008 1541 1058 dicunt,
1589 1007 1730 1049 omnia
1765 1013 1939 1062 peccata
1968 1005 2090 1060 paria
2136 997 2140 1047 ζ

264 1100 376 1127 esse:
408 1086 594 1126 animum
624 1099 725 1140 ergo
756 1083 982 1139 peccantis,
1014 1097 1098 1124 non
1129 1081 1405 1135 quantitatem
1434 1081 1597 1136 peccati
1628 1080 1915 1135 spectandum.
2134 1128 2137 1130 ‚

378 1160 555 1200 78ffl81.
588 1158 838 1200 Ponderibus
868 1158 1075 1212 oduloe'sque
1104 1157 1200 1198 suis.
1259 1155 1310 1196 Id
1341 1161 1419 1196 est:
1455 1153 1677 1211 [propriis]
1716 1152 2089 1203 aestimationibus,

264 1231 444 1281 iudiciis,
476 1230 686 1272 mensuris
716 1230 841 1272 debet
869 1230 942 1280 uti,
979 1236 1019 1270 et
1048 1230 1128 1271 hoc
1157 1229 1282 1270 modo
1313 1227 1436 1269 debet
1467 1227 1617 1283 punire
1648 1234 1879 1283 peccatum.
1940 1227 2090 1270 Modu-

265 1305 399 1360 lisque.
459 1303 685 1345 Mensuris.

377 1392 425 1418 ac
454 1392 518 1418 res
548 1385 593 1418 ut
623 1392 656 1433 q.
689 1392 719 1418 e.
750 1378 776 1417 τ’.
809 1392 839 1417 s.
872 1377 908 1417 d.
941 1391 972 1416 c.
1044 1375 1176 1416 Prout
1207 1382 1267 1416 est
1311 1390 1395 1416 una
1427 1389 1618 1429 quaeque
1649 1389 1715 1417 res
1746 1382 1786 1416 et
1816 1375 2089 1429 quemadmo-
2135 1366 2137 1372 ⁸

263 1449 364 1491 dum
393 1450 542 1491 uitium
572 1456 633 1491 est
664 1449 707 1489 in
738 1448 887 1502 quauis
918 1463 975 1498 re,
1017 1448 1075 1489 ita
1105 1455 1144 1489 et
1174 1463 1311 1502 paena
1341 1448 1502 1489 ratione
1533 1448 1724 1503 procedit
1753 1448 1780 1489 i.
1811 1462 1846 1489 e.
1877 1463 1954 1503 pro
1985 1463 2089 1504 qua·
2134 1458 2136 1461 '

262 1523 377 1564 litate
414 1523 507 1564 uitii
543 1537 724 1578 paenam
764 1521 965 1563 debemus
1005 1520 1218 1562 adhibere.
1292 1521 1379 1562 Hic
1423 1528 1562 1562 autem
1607 1522 1742 1577 tangit
1788 1520 1967 1573 Stoicos,
2017 1522 2089 1577 qui

263 1596 419 1646 dicunt,
451 1595 593 1637 omnia
621 1595 726 1636 uitia
755 1595 875 1650 paria
905 1609 1006 1636 esse.
1073 1595 1243 1636 Coercet.
1305 1593 1406 1636 Seil.
1422 1595 1541 1637 ratio.

376 1671 412 1711 si
440 1671 525 1725 quis
557 1684 646 1711 eum
676 1683 851 1710 seruum.
912 1667 954 1708 A
986 1667 1112 1709 simili
1149 1675 1443 1724 argumentum
1473 1668 1572 1711 facit
1603 1676 1643 1710 et
1678 1670 1812 1720 docet,
1843 1684 1927 1712 non
1949 1669 2089 1711 omnia

262 1749 436 1797 peccata
466 1742 620 1783 similia
650 1756 753 1792 esse,
785 1756 834 1783 ac
865 1755 941 1796 per
970 1741 1050 1783 hoc
1079 1756 1157 1783 nec
1187 1742 1346 1784 similes
1376 1757 1534 1797 paenas
1564 1757 1667 1786 esse.

376 1816 611 1870 le'qurrierz't.
675 1815 1016 1872 [Degustauerit]
1049 1814 1320 1871 Deglutierit.

375 1890 441 1930 82.
490 1889 670 1930 Labeone
712 1891 786 1930 ins.
831 1890 856 1930 τ’.
895 1904 926 1929 s.
965 1889 1000 1929 d.
1077 1889 1113 1928 1.
1156 1887 1306 1930 Labeo
1350 1889 1454 1930 iuris
1485 1890 1644 1944 peritus
1674 1890 1941 1946 uituperabat
1971 1892 2087 1948 leges
2130 1896 2131 1903 ¹

261 1960 448 2016 Augusti
479 1960 694 2010 Caesaris3
739 1961 839 2002 huic
883 1961 1007 2003 modo
1052 1961 1321 2016 reprehendit
1364 1961 1568 2004 Horatius
1613 1963 1839 2019 ingratiam
1877 1963 2086 2007 Caesaris.

262 2036 299 2076 2.
331 2034 513 2075 Martius
542 2032 753 2076 Antistius
797 2033 945 2075 Labeo
989 2033 1092 2075 iuris
1136 2034 1294 2089 peritus
1337 2043 1592 2077 memoratae
1637 2037 1855 2089 libertatis,
1901 2054 1999 2081 nam
2043 2039 2088 2080 in

260 2106 504 2163 Augustum
548 2107 679 2149 libere
724 2107 914 2149 inuectus
959 2114 1038 2154 est3
1079 2107 1173 2149 ideo
1205 2107 1330 2148 etiam
1362 2123 1458 2150 eum
1488 2124 1599 2152 nunc
1629 2117 1754 2166 poeta
1783 2112 1892 2153 male
1922 2119 2085 2164 tractat,

260 2186 306 2220 ut
336 2180 594 2235 gratificetur
622 2178 832 2236 Augusto.

372 2254 438 2295 83.
469 2268 600 2296 sanos.
662 2251 897 2308 Sapientes.

376 2358 407 2395 1)
436 2357 470 2386 Id
498 2363 546 2387 cst
572 2376 611 2377 ψ
639 2359 765 2387 acstim.
793 2357 995 2394 0111.G,1nva.
1023 2362 1051 2387 ct
1080 2368 1141 2387 om.
1168 2368 1193 2398 γ.
1244 2359 1278 2396 2)
1307 2360 1401 2396 alleg.
1428 2370 1488 2389 om.
1514 2370 1540 2401 γ.
1590 2362 1626 2400 4)
1653 2363 1718 2391 suis·
1743 2373 1850 2401 magn.
1876 2365 1934 2394 uit.
1959 2374 1986 2406 γ.
2014 2365 2082 2394 rell.

259 2423 363 2452 magn.
389 2424 435 2444 su.
462 2416 519 2443 uit.
570 2415 604 2453 6)
631 2415 736 2444 Tuber
782 2434 785 2435 ν
810 2416 998 2453 gibberosus
1025 2425 1085 2444 om.
1112 2425 1138 2456 γ.
1189 2414 1222 2453 7)
1254 2415 1402 2447 Quatenus
1421 2417 1500 2445 uitia
1519 2426 1542 2457 γ.
1570 2419 1639 2447 rell.
1671 2418 1815 2451 Quoniam
1839 2422 1897 2450 uit.
1947 2422 1982 2460 S)
2007 2422 2083 2451 abo-

256 2470 306 2499 liri
331 2470 376 2499 fh.
427 2471 461 2509 9)
488 2469 719 2499 dissimulanda
741 2476 811 2500 secut
837 2471 871 2501 C.
899 2472 1105 2501 dissimulare
1128 2471 1204 2513 ·(‚fh.
1233 2489 1272 2491 ἡ»
1300 2472 1414 2501 saltem
1440 2474 1519 2502 talia
1537 2473 1747 2515 yG(Q),mva.
1775 2477 1888 2506 saltem
1914 2482 2011 2508 lamen
2036 2479 2080 2508 fh.

257 2527 437 2555 estimemus
461 2536 487 2568 γ.
514 2527 721 2556 aestimentur
736 2527 772 2562 Q.
801 2528 870 2558 rell.
898 2529 1124 2557 eristiinenmr.
1176 2528 1231 2566 10)
1256 2532 1365 2557 nostra
1390 2528 1514 2569 *fG(Q).
1540 2531 1610 2561 rell.
1638 2542 1699 2562 om.
1751 2534 1806 2572 11)
1833 2543 1916 2564 omn.
1943 2545 2028 2573 pecc.
2055 2545 2081 2576 γ.

257 2583 327 2612 rell.
356 2591 439 2620 pecc.
466 2593 550 2613 omn.
619 2584 673 2622 12)
700 2583 902 2621 spectandum
926 2593 952 2624 γ.
980 2584 1095 2621 Porph.
1129 2584 1294 2613 similiter:
1332 2584 1463 2615 animum
1486 2587 1677 2624 spectarzclmn
1701 2598 1762 2618 non
1788 2595 1897 2628 quant.
1925 2596 1983 2621 etc.
2011 2601 2081 2630 spe-
2128 2615 2129 2620 ,

258 2643 344 2668 etant
366 2639 563 2678 man(G?).
591 2644 733 2677 spectent
759 2639 805 2669 1'11.
858 2640 912 2678 13)
941 2640 977 2669 Id
1003 2646 1048 2669 est
1074 2650 1100 2682 γ.
1127 2641 1197 2669 rell.
1223 2650 1282 2670 om.
1311 2642 1450 2679 propriis
1475 2652 1536 2673 om.
1563 2653 1580 2685 γ
1604 2649 1636 2674 et
1654 2644 1689 2683 C,
1716 2647 1769 2684 qui
1796 2647 1911 2677 habet:
1933 2665 1971 2669 —
1989 2658 2081 2687 aequo
2128 2656 2130 2663 ’

258 2695 386 2732 iudicio,
413 2697 631 2725 aestimatione
648 2700 680 2725 et
698 2705 849 2725 mensura
874 2697 1078 2725 conuenienti
1105 2697 1200 2726 debet
1219 2698 1267 2727 uti
1285 2702 1344 2727 etc.
1397 2699 1451 2737 15)
1479 2700 1639 2730 Mensuris
1664 2711 1691 2742 γ.
1710 2703 1779 2732 rell.
1800 2713 1860 2733 om.
1912 2703 1967 2743 19)
1985 2705 2080 2735 Ratio
2126 2699 2133 2743 ξ,

256 2759 282 2791 γ.
308 2760 390 2788 supp.
417 2753 499 2781 ratio
525 2751 559 2781 C.
609 2752 666 2790 21)
694 2757 824 2790 peccata
850 2753 970 2781 similia
996 2762 1066 2782 csse
1091 2763 1117 2794 γ.
1146 2754 1214 2782 rell.
1242 2763 1307 2791 pec.
1328 2764 1396 2784 esse
1415 2756 1543 2786 similia.
1594 2757 1652 2797 22)
1678 2759 1815 2797 Degust.
1835 2771 1938 2802 ο111.γ.
1958 2762 2079 2799 Deglu-

256 2806 344 2835 tierit
370 2816 395 2847 γ.
422 2808 459 2836 cf.
486 2807 600 2836 Alcim.
627 2808 716 2837 Auit.
743 2809 795 2845 IV,
823 2809 897 2837 364.
950 2806 1007 2848 23)
1033 2819 1051 2850 γ
1076 2810 1172 2839 habet
1198 2811 1258 2838 ‹luo
1284 2811 1416 2841 scholia.
1443 2813 1510 2842 rell.
1538 2823 1597 2844 om.
1616 2819 1639 2843 t.
1660 2815 1788 2845 Martius
1805 2817 1928 2858 yuqu.
1955 2818 2080 2848 Marcus

255 2862 328 2891 Asc.
357 2864 400 2899 (ξς
438 2863 479 2891 Μ.
507 2863 550 2892 fh.
578 2864 660 2893 conf.
686 2865 803 2902 Porph.
832 2865 899 2906 Ba:
938 2865 973 2894 In
1006 2866 1145 2903 gratiam
1170 2866 1308 2904 Augusti
1341 2869 1504 2899 labeonem
1536 2871 1683 2900 insanum
1717 2873 1846 2907 iudicat,
1884 2875 1937 2911 qui
1969 2878 2079 2904 contra

255 2927 415 2947 caesarem
440 2920 541 2949 multa
561 2920 759 2958 pertinaciter
786 2921 1034 2959 (contumaciter
1060 2922 1192 2961 Porph.)
1231 2928 1259 2952 et
1286 2925 1374 2954 dixit
1400 2931 1429 2955 et
1456 2926 1543 2956 fecit.
1569 2937 1629 2965 quo
1655 2929 1734 2958 dicit
1762 2930 1857 2959 etiam
1884 2931 2076 2960 insaniorem

254 2975 344 3003 illum
372 2975 456 3004 inter
481 2985 574 3005 sanos
601 2978 778 3015 computari
805 2978 857 3016 qui
886 2979 1114 3007 discretionem
1140 2981 1262 3016 peccati
1302 2991 1363 3010 nou
1401 2983 1584 3013 considerat
1622 2985 1653 3014 in
1689 2986 1845 3016 uindicta.
1883 2986 1921 3016 C:
1948 2987 2078 3017 Martius

254 3030 418 3060 Antistius
444 3031 550 3061 Labeo
576 3034 619 3064 iu.
649 3043 740 3063 mem.
769 3035 824 3063 lib.
852 3035 953 3063 multa
978 3034 1068 3064 libere
1094 3040 1203 3064 contra
1229 3036 1398 3067 Caesarem
1425 3044 1456 3069 et
1482 3041 1604 3070 dixisse
1631 3044 1662 3070 et
1680 3041 1797 3072 fecisse
1821 3044 1948 3080 dicitur,
1975 3045 2014 3073 ab
2041 3053 2076 3073 eo
2126 3048 2127 3051 ’

254 3086 338 3116 latas
364 3087 451 3124 leges
476 3089 685 3119 contumaciter
711 3090 860 3129 (Pol-ph.)
887 3091 1134 3129 reprehendens.
1162 3101 1259 3130 quare
1285 3094 1317 3123 iu
1342 3097 1479 3132 gratiam
1505 3097 1645 3135 Augusti
1673 3107 1741 3128 eum
1768 3099 1818 3128 hic
1844 3101 1946 3138 carpit
1972 3104 2002 3130 et
2027 3100 2075 3130 in-

252 3151 358 3172 sanum
381 3145 535 3175 nominat.
586 3147 642 3185 26)
668 3147 766 3178 etiam
792 3158 817 3189 γ.
868 3148 925 3187 28)
949 3149 993 3187 gl.
1019 3149 1184 3187 sapientes
1210 3150 1282 3180 hab.
1308 3150 1342 3180 fh
1371 3152 1553 3190 (perperam
1578 3153 1632 3192 Q.)
