2148 3412
136 968 172 999 10

132 1338 170 1368 15

840 169 943 201 ACR.
970 170 1030 200 ET
1056 168 1222 201 PORPH.
1250 168 1399 200 COMM.

203 162 224 201 υ.)

230 163 252 201 U!

258 162 281 201 (Χ)

314 297 378 336 19.
417 297 465 336 Et
495 295 592 336 milei
620 309 696 343 νος,
728 308 807 335 >non
840 309 899 335 me
920 307 953 334 r.
977 293 1077 334 subi.
1100 307 1235 334 conor.
1296 291 1404 333 Nam
1437 290 1569 333 Stoici
1602 291 1757 340 dieunt,
1790 299 1928 333 natum
1958 292 2031 333 ho-

199 369 368 418 minem,
400 375 442 408 ut
475 383 498 408 a
528 382 573 408 re
606 367 776 422 publica
808 375 991 421 regatur,
1031 366 1234 421 Epicurei
1265 381 1380 416 uero,
1426 373 1471 406 ut
1516 366 1640 407 homo
1685 380 1773 407 rem
1819 365 2033 422 publicam

198 449 329 498 regat.
391 440 588 482 Aliter:
628 440 745 481 auari
793 440 991 495 quoniam
1039 440 1231 494 pecuniis
1277 439 1476 489 seruiunt,
1523 439 1618 480 ideo
1665 438 1869 480 Horatius
1915 439 2032 493 quasi

198 515 473 570 philosophus
505 515 625 556 dicit:
660 530 800 563 conor,
846 522 890 554 ut
922 513 1023 554 mihi
1054 513 1240 554 seruiant
1271 513 1490 568 pecuniae,
1522 528 1606 553 non
1637 520 1682 553 ut
1713 527 1792 569 ego
1822 512 1906 554 illis
1937 527 2033 553 ser—

198 589 324 630 uiam.
384 588 495 630 Nam
526 588 598 629 illa
629 587 752 629 nobis
783 587 983 637 seruiunt,
1031 600 1138 640 quae
1178 586 1525 640 contempnimus.
1586 585 1781 626 Aliter:
1817 585 1896 627 hoc
1927 585 2034 641 Epi-

200 662 313 703 curei
347 661 502 703 Stoicis
533 669 750 717 opponunt
782 660 1052 716 sequentibus
1084 660 1264 715 gloriam
1295 660 1475 709 uirtutis,
1513 659 1632 714 quasi
1664 659 1725 700 illi
1756 659 1882 701 rebus
1903 659 2034 700 serui-

199 743 282 786 ant,
321 736 420 776 dum
452 735 656 790 adpetunt
687 734 879 790 gloriam.

313 810 378 850 20.
417 810 466 851 Ut
495 824 580 852 ⁴710oe
612 811 744 864 lonya.
804 807 939 848 Deest
971 817 1036 848 est.

314 885 381 928 21.
414 884 654 925 debentibus.
686 881 980 922 Mercenariis.

304 958 423 1013 pz'yer
455 971 598 998 annus.
659 955 852 1011 Longus,
884 953 1042 995 tardus.

312 1032 376 1071 22.
408 1039 598 1071 macrum.
659 1028 744 1070 Pro
778 1029 1045 1076 emalricum,
1079 1026 1124 1067 id
1153 1033 1227 1076 est,
1259 1041 1550 1068 nouercarum.

311 1104 375 1145 23.
409 1106 476 1145 sic.
506 1102 705 1144 Nondum
738 1100 947 1150 constitui,
982 1116 1109 1155 quam
1142 1107 1297 1141 sectam
1329 1115 1492 1155 sequar.

308 1178 408 1219 mihi
437 1179 556 1219 tarda
585 1178 656 1233 flu.
715 1176 766 1216 Id
789 1184 867 1217 est:
902 1174 1076 1216 molesta
1108 1182 1203 1216 sunt
1232 1174 1336 1215 mihi
1368 1174 1430 1215 illi
1461 1181 1651 1230 tempora
1682 1181 1720 1215 et
1751 1174 1902 1230 grauia
1933 1189 2028 1215 cum

195 1258 422 1302 transeant,
456 1266 522 1292 me
555 1252 606 1292 de
637 1248 905 1306 philosophia
937 1263 1021 1289 non
1052 1248 1230 1304 legente.

313 1327 377 1367 24.
410 1328 585 1367 nauiter.
618 1324 761 1365 Recte.
820 1323 860 1364 id
891 1323 1008 1378 quod.
1039 1321 1342 1377 Philosophiae
1374 1322 1570 1363 studium.

309 1401 375 1440 211.
400 1401 542 1456 pueris
575 1399 822 1453 senibusque.
895 1395 981 1436 Per
1010 1395 1089 1437 hoc
1120 1395 1366 1446 ostenditur,
1413 1395 1527 1437 omni
1559 1395 1684 1437 aetati
1723 1396 2035 1452 philosophiam

194 1473 237 1514 in
269 1480 431 1514 tantum
463 1472 678 1527 prodesse,
715 1470 797 1527 [in]
833 1476 1038 1524 quantum
1069 1469 1310 1524 profecerit.

308 1548 373 1587 27.
404 1560 541 1601 reqam
572 1546 764 1600 solerque.
826 1559 964 1598 reqam
987 1543 1031 1583 in
1062 1543 1188 1584 rebus
1219 1543 1450 1599 prosperis,
1483 1544 1589 1585 soler
1620 1543 1664 1584 in
1695 1544 1898 1586 aduersis.

307 1621 372 1661 28.
406 1620 498 1662 Non
524 1621 664 1676 possis.
727 1616 899 1659 Scilicet
933 1627 968 1659 et
998 1620 1042 1659 si.
1105 1618 1353 1659 contendere.
1386 1616 1560 1667 Videre,
1593 1625 1662 1658 aut
1689 1626 1851 1674 poterat
1880 1617 2034 1660 subau-

195 1693 319 1734 ditur.
386 1694 556 1750 Lyncus.
589 1692 641 1733 Id
674 1702 734 1734 est
765 1691 904 1746 LynX.

305 1767 370 1807 30.
411 1768 495 1808 inu.
543 1768 678 1808 memb.
731 1767 936 1822 Glyconis.
1018 1762 1186 1820 Glycon
1232 1764 1403 1820 quidam
1451 1765 1605 1806 athleta
1649 1765 1900 1807 fortissimus
1944 1765 2033 1807 fuit.

191 1852 289 1881 AL11
321 1842 486 1883 Milonis
517 1840 677 1895 legunt,
710 1840 824 1881 illius
857 1837 1142 1888 Crotoniatae,
1176 1838 1248 1892 qui
1279 1838 1393 1893 apud
1426 1837 1630 1894 Olympia
1661 1838 1703 1879 in
1736 1853 1872 1895 agone
1904 1839 2032 1880 inter-

191 1914 346 1955 fectum
378 1922 543 1955 taurum
576 1913 661 1955 suis
692 1913 848 1954 umeris
880 1913 1034 1954 dicitur
1065 1911 1296 1953 sustulisse.

306 1988 371 2029 31.
405 1989 567 2030 Noclosa
604 2002 711 2043 corp.
759 2002 821 2029 no.
863 1987 982 2043 proh.
1029 1986 1228 2041 chirayra.
1290 1984 1424 2027 Deest
1455 2001 1490 2026 α.
1551 1985 1602 2026 Id
1634 1992 1712 2027 est:
1748 1986 2030 2035 exercitando,

329 2162 363 2199 3)
390 2165 492 2199 regat.
519 2161 571 2189 Al.
599 2161 687 2190 anari
714 2170 743 2198 q.
770 2169 799 2197 p.
828 2159 973 2188 sei-uiant
1009 2158 1055 2188 fh.
1094 2159 1240 2188 seruiunt
1270 2158 1448 2199 y(QG),va.
1487 2162 1588 2197 regat.
1629 2158 1829 2199 Subz'mzyere]
1872 2159 2031 2195 Quoniam

190 2216 390 2256 vath(G‘?).
441 2219 476 2255 4)
504 2218 584 2246 dicit
609 2227 634 2258 γ.
660 2217 728 2246 rell.
756 2216 812 2246 ait.
834 2234 869 2236 w
887 2225 950 2244 11011
975 2220 1010 2244 ut
1036 2224 1094 2252 ego
1121 2215 1187 2244 illis
1215 2217 1364 2245 seruiam.
1392 2216 1461 2245 rell.
1489 2225 1552 2245 non
1578 2225 1635 2254 ego
1661 2217 1737 2245 illis.
1788 2217 1822 2254 6)
1850 2216 1914 2246 illis
1937 2218 2030 2246 rebus

191 2275 291 2304 tacite
316 2276 379 2304 inc.
408 2274 446 2309 Q.
497 2275 532 2312 8)
558 2274 659 2303 Deest
686 2279 735 2303 est
759 2283 785 2315 γ.
814 2273 882 2302 rell.
908 2282 966 2301 om.
1029 2272 1063 2310 9)
1093 2271 1324 2303 Mercennariis
1349 2272 1414 2315 γ,().
1441 2273 1512 2301 rell.
1541 2282 1601 2302 om.
1666 2274 1721 2312 10)
1749 2272 1903 2311 Longus.
1919 2274 2030 2303 tardus

189 2331 257 2374 μθ.
284 2332 353 2361 rell.
379 2341 437 2361 om.
504 2333 557 2370 17)
585 2332 617 2360 in
643 2336 769 2361 tantum
794 2340 820 2372 γ.
848 2330 917 2359 rell.
944 2339 1003 2359 0111.
1099 2330 1205 2359 deleui
1230 2329 1274 2368 in,
1299 2330 1384 2368 quod
1411 2340 1494 2359 011111.
1520 2330 1596 2359 libri
1623 2334 1767 2359 tuentur.
1836 2330 1890 2368 18)
1917 2330 2030 2369 Reyam

191 2391 226 2419 in
248 2407 292 2411 —
318 2390 464 2418 aduersis
490 2399 517 2430 γ.
545 2390 614 2418 rell.
641 2399 700 2418 om.
755 2389 809 2427 19)
837 2387 868 2417 S.
896 2392 925 2417 et
952 2388 980 2417 si
1005 2397 1030 2428 γ.
1058 2387 1127 2417 rell.
1155 2397 1216 2417 orn.
1253 2387 1372 2417 Videre
1397 2390 1453 2416 aut
1486 2396 1536 2424 po.
1570 2387 1627 2416 sub
1659 2387 1793 2416 auditur
1818 2397 1844 2428 γ.
1870 2387 1940 2416 rell.
1968 2396 2027 2417 om.

191 2446 249 2485 20)
276 2447 401 2476 linceus
429 2447 449 2476 i.
478 2447 560 2475 linx.
586 2455 613 2487 γ.
642 2446 710 2475 rell.
738 2455 798 2475 0111.
849 2445 905 2482 21)
935 2443 1061 2483 Glycon
1086 2454 1115 2483 q.
1141 2445 1254 2474 adleta
1278 2454 1304 2486 γ.
1331 2444 1401 2474 rell.
1433 2442 1484 2473 Gl.
1510 2443 1590 2472 athl.
1619 2453 1647 2481 q.
1699 2444 1755 2481 22)
1781 2443 1896 2473 Alii—
1924 2447 2029 2473 sustu-

189 2504 268 2533 lisse
292 2514 318 2546 γ.
344 2504 414 2533 rell.
441 2513 502 2533 om.
537 2502 619 2532 conf.
648 2502 689 2532 C:
718 2501 782 2531 ⁴G1.
811 2502 877 2531 ath.
906 2511 935 2540 q.
964 2501 984 2530 f.
1012 2501 1087 2533 fort.
1113 2511 1165 2531 nec
1189 2501 1261 2540 quia
1285 2501 1365 2539 desp.
1404 2500 1479 2530 Alia
1504 2501 1720 2537 comparatio:
1760 2501 1851 2538 quasi
1877 2500 1976 2536 dicat,
2003 2499 2028 2528 si

190 2570 255 2590 non
280 2561 384 2598 possis
412 2561 474 2590 iam
500 2561 651 2590 robustus
678 2568 759 2595 esse,
798 2568 890 2597 quam
917 2558 1013 2588 fuerit
1039 2558 1176 2597 Glycon,
1216 2569 1280 2588 non
1306 2559 1405 2588 debes
1432 2558 1552 2587 idcirco
1590 2558 1731 2595 corporis
1758 2558 1950 2587 exercitium
1975 2566 2029 2586 ne-

190 2618 331 2656 glegere,
350 2619 426 2656 quia
451 2617 643 2647 exercitatio
670 2616 811 2654 corporis
837 2616 921 2644 uitia
946 2620 1074 2653 purgat.
1123 2615 1188 2645 Alii
1211 2615 1338 2646 Milonis
1363 2615 1469 2654 legunt,
1496 2614 1584 2643 illius
1609 2613 1722 2643 scilicet
1746 2612 1948 2650 Crotoniatas,
1975 2613 2027 2651 qui

194 2674 338 2714 Olympiis
362 2676 394 2704 in
421 2684 469 2712 ag.
497 2675 619 2703 dicitur
645 2674 712 2703 suis
739 2673 879 2702 humeris
904 2672 1006 2702 uinum
1031 2677 1158 2702 taurum
1184 2677 1261 2702 sust.
1298 2681 1444 2710 manuque
1468 2675 1620 2707 mactasse,
1647 2675 1674 2700 et
1697 2670 1876 2700 comedisse)
1896 2688 1937 2691 ἡ
1955 2669 2024 2700 Cro-

188 2732 301 2761 1011151ίί
324 2741 350 2773 γ.
377 2731 562 2761 Crotoniatas
582 2730 617 2761 C.
644 2731 737 2769 posui
763 2729 965 2760 Crotoniatae
985 2726 1234 2771 (Κροτωνιάτης,
1260 2729 1351 2766 citou,
1379 2732 1412 2757 ut
1431 2723 1619 2769 Σωκράτου,
1646 2722 1830 2765 Μιλτιάδου,
1858 2728 1931 2757 inde
1951 2726 2027 2756 Cro-

188 2788 300 2817 toniati
325 2793 356 2817 et
384 2788 601 2826 Crotoniates).
640 2787 722 2818 conf.
751 2787 821 2816 Liu.
848 2787 964 2823 XXIV,
991 2788 1020 2815 3.
1053 2786 1120 2816 Cic.
1148 2787 1188 2816 N.
1215 2787 1255 2816 D.
1283 2786 1306 2824 I,
1338 2787 1386 2815 11.
1414 2785 1455 2822 11,
1483 2785 1512 2813 2.
1540 2784 1608 2813 Ι1111.
1634 2783 1675 2821 II,
1707 2786 1732 2813 1.
1760 2802 1801 2805 u<
1827 2784 1912 2822 apud
1937 2784 2027 2813 olim-

184 2844 263 2880 pias.
291 2846 381 2882 posui
410 2845 562 2885 Olympia
587 2854 629 2874 sc.
658 2845 835 2874 certamina
863 2843 994 2881 (Iustin.
1020 2843 1092 2877 VII,
1121 2844 1155 2882 2)
1182 2853 1207 2873 s.
1236 2843 1405 2873 sollemnia
1431 2840 1514 2879 (Cio.
1541 2841 1681 2879 Hau-usp.
1705 2843 1760 2871 10:
1787 2841 1955 2871 sollemnia
1980 2840 2026 2868 lu-

190 2901 329 2939 dorum).
368 2902 412 2930 sic
448 2902 489 2930 (ul
526 2901 688 2941 Olympia.
727 2900 791 2930 Cic.
831 2899 942 2929 Diuin.
971 2899 1012 2935 II,
1042 2901 1092 2930 70.
1129 2900 1284 2930 ludicrum
1323 2898 1542 2937 Olympiorum
1568 2898 1638 2927 Liu.
1664 2896 1819 2935 XXVIII,
1848 2899 1876 2926 7.
1901 2900 2025 2935 poterat

191 2958 287 2988 etiam
307 2958 401 2987 scribi
420 2959 503 2996 apud
520 2958 712 2998 Olympiam,
740 2961 775 2986 ut
793 2957 946 2986 uictorem
964 2956 1133 2995 Olympiae
1157 2957 1238 2995 Nep.
1265 2956 1365 2995 praef.
1393 2954 1478 2985 conf.
1497 2953 1561 2984 Cic.
1582 2954 1674 2983 Tusc.
1694 2954 1717 2991 Ι,
1737 2955 1791 2984 46.
1818 2954 1888 2982 ludi
1915 2953 2026 2992 Olym-

190 3014 259 3052 piae
283 3013 348 3043 Cic.
375 3015 413 3043 N.
442 3015 482 3043 D.
510 3015 551 3051 ΙΙ,
579 3016 609 3044 2.
639 3014 822 3053 Olympiam
855 3014 986 3043 uincere
1018 3012 1084 3043 Cic.
1119 3013 1209 3043 Orat.
1236 3013 1293 3052 ΙΙΙ,
1321 3013 1373 3042 32.
1399 3012 1482 3040 Ε1111.
1509 3021 1560 3049 ap.
1589 3010 1657 3040 Cic.
1683 3010 1758 3040 Seu.
1787 3011 1816 3040 5.
1881 3008 1939 3049 24)
1963 3009 2011 3039 No

189 3071 263 3100 dosa
322 3089 328 3090 ν
356 3072 430 3109 qui-u⁴
457 3072 722 3101 exercitationem
749 3081 794 3101 co.
820 3072 878 3100 uit.
904 3074 1031 3108 purgat.
1059 3071 1169 3108 posui:
1209 3080 1238 3108 q.
1268 3069 1502 3099 exercitatione
1527 3078 1572 3098 co.
1602 3068 1658 3096 uit.
1688 3071 1851 3106 purgatur.
1877 3065 1916 3096 cf.
1942 3066 2023 3095 Plin.

188 3127 334 3163 XXXIV,
363 3129 398 3156 ὃς
430 3129 576 3166 purgatis
604 3128 797 3166 diligentius
822 3128 916 3157 uitiis
943 3126 1067 3165 (aeris).
1095 3126 1215 3156 Lucan.
1243 3126 1329 3164 VIII,
1358 3126 1442 3156 518:
1479 3125 1600 3154 crimen
1637 3124 1755 3162 gladio.
1795 3122 1963 3154 claudian.
1990 3122 2023 3151 in

189 3184 318 3220 Eutrcp.
347 3183 369 3221 l7
399 3185 480 3213 383:
510 3186 626 3214 sordes.
657 3185 739 3214 Pliu.
770 3184 854 3221 VIII,
882 3185 940 3213 27:
968 3184 1136 3213 fastidium
1163 3182 1241 3212 folio
1267 3183 1355 3212 lauri.
