2148 3412
780 114 829 147 IN
855 115 999 148 EPIST.
1023 115 1068 154 11,
1096 119 1123 147 2.
1783 106 1862 148 557

38 236 82 278 id
111 241 184 286 est,
216 242 301 277 tam
332 235 579 291 simpliciter
608 238 862 293 loqueretur,
895 253 974 281 nee
1004 255 1030 281 a
1058 254 1124 281 me
1156 239 1248 296 ipso
1281 241 1420 296 quiuis
1442 241 1548 284 alius
1569 242 1648 284 hoe
1670 242 1864 292 auferret,

37 309 81 352 id
111 314 185 360 est,
215 309 295 351 hoe
325 308 500 351 audiret.
561 311 710 367 Manqo
742 320 880 353 autem
911 312 1065 354 dieitur
1095 314 1215 368 quasi
1246 316 1456 369 manciaqo
1486 315 1555 356 uel
1584 330 1795 370 mmzuaqo.

150 383 215 424 14.
246 383 366 425 semel
394 383 460 424 liic
481 386 662 426 cessauit.
722 385 813 426 Iam
844 386 948 428 haee
978 387 1109 428 uerba
1140 394 1246 438 sunt,
1281 388 1432 443 quibus
1463 404 1618 445 mango
1648 389 1789 439 utitur,
1822 396 1866 430 ut

37 462 249 507 monstret,
283 463 533 499 cessatorem
564 472 667 509 esse,
700 473 824 514 quem
854 460 1014 511 uendit,
1046 461 1125 503 hoe
1141 467 1215 512 est,
1246 462 1482 517 fugitiuum.
1528 462 1585 504 Et
1606 462 1712 505 bene
1734 464 1864 513 semel,

37 531 150 587 quod
178 530 313 572 leuius
345 529 543 572 delictum
574 538 647 573 est.

148 606 214 646 17.
246 604 322 646 Ille
350 604 460 659 ferat
485 607 670 661 prelium.
740 604 919 660 Opinor‚
964 607 1112 662 inquit,
1160 608 1234 662 qui
1264 609 1443 664 emptori
1475 617 1570 651 ante
1600 610 1866 666 proposuerit

37 685 76 722 et
105 678 288 735 pretium
318 679 542 733 acceperit,
573 694 658 721 non
689 679 845 721 subibit
876 695 1069 735 paenam,
1101 681 1136 723 si
1166 682 1322 738 fugerit
1351 683 1559 725 uenditus.

149 753 214 795 18.
250 753 435 795 Prudens
466 754 594 795 emisti
619 755 822 795 uitiosum.
886 752 997 795 Cum
1027 769 1110 795 non
1142 755 1185 796 in
1214 756 1407 798 fraudem
1437 757 1633 799 inductus
1664 771 1719 798 es.

148 827 253 868 dicta
284 827 357 868 tibi
383 834 439 868 est
470 827 549 868 lex.
609 826 660 868 Id
692 834 771 868 est:
806 843 900 869 eum
933 827 1171 870 conditione
1203 829 1352 871 emisti.

149 901 214 942 19.
245 901 473 956 Insequeris
489 908 618 943 tamen
634 901 751 943 laune.
791 900 1069 944 Venditorem
1086 902 1257 952 seilicet,
1281 917 1329 944 ae
1350 917 1426 958 per
1446 904 1557 944 hunc.
1579 918 1621 945 se
1642 903 1864 960 signifieat.

149 975 216 1017 20.
248 976 315 1016 21.
348 975 454 1016 Dixi
480 989 541 1016 me
568 977 734 1031 piqrum
762 975 902 1031 profic.
936 977 1018 1026 tibi,
1051 976 1142 1017 (lixi
1173 977 1338 1018 Talibus
1370 977 1473 1033 offic.
1501 992 1626 1034 prope
1665 993 1866 1020 mancum.

36 1048 132 1091 Hoc
162 1055 236 1099 est,
267 1048 322 1090 ad
353 1048 623 1090 scribendum
654 1049 837 1091 debilem
867 1057 907 1090 et
936 1048 1044 1090 bene
1075 1064 1276 1100 mancum,
1310 1051 1422 1105 quod
1443 1051 1592 1092 uitium
1618 1067 1770 1103 *manus
1793 1059 1866 1094 est.

149 1123 213 1164 23.
251 1123 360 1174 Quid
375 1132 459 1165 tum
471 1124 638 1180 profeci.
699 1122 816 1175 Quid
836 1123 1010 1178 profeci,
1041 1123 1189 1179 inquit,
1222 1123 1506 1178 praedicendo
1528 1125 1677 1166 uitium
1697 1126 1866 1167 meum?

147 1211 302 1239 mecum
330 1198 521 1251 facientia
550 1199 653 1239 iura.
714 1195 766 1237 Id
796 1203 870 1247 est,
901 1211 979 1252 pro
1009 1210 1089 1246 me,
1121 1202 1162 1238 et
1192 1204 1254 1239 est
1284 1197 1405 1252 quasi
1435 1198 1696 1240 exclamatio.

148 1272 214 1312 24.
247 1270 295 1312 Si
321 1279 452 1312 tamen
481 1271 725 1327 acltemptas?
783 1269 830 1312 Si
862 1270 986 1312 modo
1017 1270 1154 1312 adhue
1186 1270 1398 1322 sollicitas,
1430 1278 1475 1312 ut
1505 1271 1687 1314 scribam
1717 1272 1806 1314 tibi.

149 1345 214 1386 26.
246 1344 413 1387 Luculli
437 1345 561 1386 miles.
622 1343 762 1387 Huius
797 1344 981 1399 exempli
1002 1344 1243 1386 narratione
1265 1344 1352 1387 uult
1374 1346 1594 1387 ostendere
1616 1346 1867 1388 uendentem

39 1417 220 1469 stultum,
254 1405 378 1473 quern
408 1433 476 1460 res
506 1433 591 1460 non
622 1418 784 1469 doceat,
817 1418 921 1473 quid
951 1418 1004 1460 sit
1034 1418 1146 1460 utile.

149 1492 317 1534 Luculli
342 1493 465 1534 miles.
524 1491 623 1534 Hoe
652 1493 808 1533 factum
840 1500 914 1543 est,
946 1492 1094 1548 inquit,
1127 1494 1250 1546 bello,
1298 1495 1410 1549 quod
1441 1495 1621 1552 populus
1651 1494 1868 1537 Romanus

37 1565 141 1608 duee
171 1565 309 1608 Lucio
339 1565 520 1608 Lucullo
553 1580 647 1607 eum
676 1565 939 1617 Mithridate,
976 1583 1076 1623 rege
1107 1568 1300 1620 Pontico,
1332 1569 1480 1626 gessit3
1528 1576 1568 1611 et
1601 1570 1765 1612 Luculli
1789 1571 1864 1611 mi-

38 1640 118 1682 les:
149 1639 404 1683 Valerianus
435 1646 506 1681 aut
538 1637 803 1683 Seruilianus
836 1643 907 1697 (ex
920 1641 956 1697 17)
988 1642 1237 1700 exereitu[s]
1271 1642 1440 1698 (eius‘t).

150 1716 215 1756 27.
248 1716 302 1756 ad
331 1728 467 1757 assem.
526 1713 678 1769 Usque
708 1715 763 1755 ad
794 1730 944 1766 assem,
974 1715 1053 1758 hoe
1086 1724 1158 1767 est,
1191 1723 1277 1758 tota
1307 1716 1476 1758 uiatica.

149 1789 215 1831 28.
246 1785 456 1831 meus
477 1789 610 1846 lupus.
670 1787 787 1831 Bene
820 1790 938 1846 lupus
968 1789 1089 1831 miles
1120 1790 1349 1841 Romanus,
1381 1791 1481 1846 quia
1511 1791 1555 1832 in
1585 1791 1713 1833 tutela
1744 1790 1864 1832 Mar-

37 1862 90 1905 tis
120 1868 181 1904 est
209 1862 344 1918 lupus.

150 1937 217 1979 28.
248 1938 313 1978 29.
346 1937 425 1979 sibi
437 1937 757 1979 ethostilratus.
802 1935 916 1990 Quia
932 1938 1067 1994 potuit
1082 1938 1274 1994 perdere,
1293 1938 1413 1994 quasi
1430 1939 1591 1994 raptori
1608 1940 1713 1996 (etP)
1730 1939 1868 1981 hosti?

150 2011 216 2053 30.
249 2011 315 2052 31.
348 2012 601 2053 Praesidium
631 2013 764 2068 reyale
795 2013 881 2054 loeo
913 2013 1060 2063 deiecit,
1091 2021 1136 2054 ut
1156 2014 1284 2063 aiunt,
1316 2013 1476 2056 Summe
1498 2015 1662 2056 munito.
1723 2012 1864 2056 Ordo:

38 2084 195 2141 Ingens
224 2084 349 2141 lupus
379 2085 531 2128 deiecit
562 2085 823 2141 praesidium
855 2086 999 2142 regale
1030 2086 1123 2129 1000
1154 2101 1314 2129 summe
1345 2086 1517 2130 munito.

177 2281 209 2321 1)
235 2282 378 2321 loquetur
401 2280 444 2311 M.
471 2299 513 2302 —
539 2282 642 2311 aufert
664 2281 701 2311 R.
767 2281 802 2321 2)
830 2282 942 2312 audire
966 2281 1038 2312 MP..
1065 2286 1171 2313 autem
1196 2292 1254 2313 om.
1282 2282 1367 2314 vafh.
1396 2283 1515 2313 dicitur
1538 2283 1616 2322 quod
1638 2284 1674 2313 R.
1740 2285 1775 2323 3)
1800 2284 1866 2314 Iam

39 2337 110 2368 haec
135 2339 232 2369 uerba
256 2337 372 2368 MR2G
399 2338 531 2378 (marg.)
557 2338 625 2368 Iam
649 2348 735 2368 nune
759 2340 816 2369 afh-
840 2338 938 2377 (hunc
963 2339 1009 2379 v).
1037 2357 1078 2360 —
1104 2344 1137 2369 ut
1161 2349 1222 2369 uon
1240 2339 1340 2380 satur
1377 2350 1455 2370 cess.
1492 2340 1557 2370 MA
1595 2341 1679 2379 (‘alt.
1706 2344 1770 2370 uet.
1797 2341 1866 2371 eod.

39 2393 143 2435 fatus')
169 2394 261 2426 RQG.
287 2398 322 2425 ut
346 2399 487 2425 monstret
509 2394 628 2431 vath.
655 2395 737 2425 conf.
763 2396 835 2439 Βφε
861 2397 961 2426 uerba
986 2397 1103 2426 iterum
1127 2398 1312 2436 mangonis.
1350 2398 1387 2426 Id
1415 2402 1481 2428 est:
1510 2399 1593 2428 sicut
1619 2399 1699 2428 solet
1725 2399 1795 2427 fieri
1821 2398 1867 2426 la-

40 2452 105 2482 tuit
127 2452 283 2491 fugiendo
309 2453 349 2482 ad
372 2457 502 2491 tempus
527 2456 675 2483 metuens
700 2452 855 2490 flagellari
879 2463 898 2483 a
921 2463 982 2483 me.
1010 2457 1037 2483 et
1059 2453 1151 2493 utfit.
1179 2455 1277 2484 semel
1303 2454 1398 2493 fugit.
1449 2456 1484 2493 4)
1510 2454 1649 2485 uendidit
1671 2454 1760 2484 vafh.
1787 2455 1867 2484 bene

40 2517 124 2538 nemo
148 2509 225 2548 quid
248 2509 319 2540 MR.
345 2511 425 2540 bene
448 2519 532 2539 nemo
557 2510 639 2548 quod
665 2510 787 2547 2‚vafh.
814 2511 895 2540 bene
919 2510 1007 2540 semel
1030 2511 1115 2548 quod
1142 2511 1177 2546 Q.
1227 2511 1262 2550 5)
1287 2511 1428 2541 delictum
1441 2511 1662 2550 MRA2G(Q).
1683 2511 1811 2541 delitum
1836 2521 1866 2539 v.

40 2564 156 2596 dictum
181 2565 245 2597 afh.
296 2567 330 2605 6)
356 2567 410 2597 Ille
435 2568 502 2605 inq.
528 2567 575 2596 fh.
604 2566 725 2605 Opiuor
750 2577 810 2597 om.
835 2566 947 2608 vaih..
976 2568 1010 2605 7)
1036 2567 1138 2606 accipe
1161 2577 1226 2598 non
1251 2572 1281 2598 ut
1314 2568 1368 2598 ibit
1401 2568 1470 2598 MR.
1508 2568 1577 2600 rell.
1617 2569 1776 2606 acceperit
1810 2577 1868 2596 uon

41 2621 168 2661 (nullam
191 2623 286 2663 vafh)
314 2625 447 2654 subibit.-
495 2624 530 2663 8)
556 2625 623 2654 ind.
650 2628 692 2654 est
714 2624 786 2654 MR.
836 2623 870 2662 9)
896 2623 950 2653 illa
974 2624 1100 2655 MR2G.
1136 2626 1204 2655 rell.
1232 2626 1264 2655 id
1291 2630 1350 2655 est.
1403 2626 1456 2665 10)
1484 2636 1520 2655 ac
1545 2624 1659 2655 MRQG
1685 2625 1741 2654 kae
1765 2634 1795 2654 v.
1821 2624 1868 2654 hic

41 2679 105 2710 ash.
131 2689 188 2719 per
213 2690 247 2711 se
270 2681 456 2718 MR2‚vafh.
481 2690 536 2719 per
559 2681 613 2711 hoc
639 2691 672 2711 se
698 2680 733 2716 Q.
759 2668 851 2719 posui
876 2690 931 2719 per
956 2681 1032 2711 hunc
1058 2691 1100 2711 se.
1152 2682 1208 2721 13)
1234 2691 1335 2720 poene
1359 2692 1461 2712 manc.
1498 2682 1544 2712 ili.
1582 2683 1651 2712 rell.
1688 2682 1769 2711 bene
1805 2690 1866 2710 ma.

43 2736 99 2776 14)
117 2746 176 2776 per
200 2746 250 2768 me
274 2738 318 2767 M.
345 2737 429 2773 Quid
452 2738 572 2776 profeci
598 2739 701 2776 inquit
727 2748 788 2768 om.
815 2738 881 2767 afli.
935 2739 988 2778 16)
1015 2742 1120 2769 atteut.
1146 2738 1212 2769 afh.
1239 2743 1367 2777 attempt.
1384 2738 1455 2775 G‚v.
1508 2738 1563 2777 17)
1590 2738 1694 2768 Huius
1719 2747 1755 2767 ex
1781 2747 1866 2767 narr.

41 2793 127 2824 vafh.
156 2804 197 2824 ex
223 2798 327 2825 ortum
352 2805 393 2825 ex
419 2795 598 2834 conpendio
623 2782 676 2824 est.
703 2812 746 2816 ——
771 2794 932 2825 uenientes
955 2795 1026 2824 MR.
1052 2796 1122 2826 rell.
1158 2795 1344 2825 uendentem.
1411 2795 1468 2834 18)
1494 2796 1601 2825 deceat
1626 2796 1672 2824 fh.
1739 2793 1794 2834 19)
1821 2796 1868 2824 lu-

42 2849 107 2880 cilli
131 2850 166 2881 Μ
190 2855 216 2880 et
241 2852 435 2882 seruilianus
462 2861 567 2882 exere.
593 2850 817 2891 MRAaGffl).
844 2852 1034 2882 Valerianus
1060 2852 1261 2883 Seruilianus
1287 2861 1389 2881 exerc.
1416 2860 1464 2881 va.
1490 2852 1562 2883 Val.
1590 2852 1679 2881 Seru.
1692 2851 1868 2890 praefectus

43 2908 205 2938 exercitus
229 2907 275 2938 fh.
301 2909 378 2938 uide
401 2909 642 2947 Dillenburger.
669 2909 701 2937 in
727 2909 856 2939 dissert.
883 2909 1078 2940 Emmerich.
1103 2920 1134 2948 p.
1155 2910 1207 2939 22.
1234 2910 1391 2941 Duntzer.
1416 2908 1454 2945 V,
1481 2909 1544 2938 308
1572 2907 1786 2945 (Seruilianus
1812 2918 1867 2938 no-

41 2972 112 2994 men
138 2973 180 2994 ex
205 2965 427 3004 dittographia
462 2970 567 2996 ortum
604 2966 812 3005 suspicatur).
851 2966 948 2996 Orell.
975 2968 1016 2996 ad
1041 2967 1070 2996 h.
1098 2977 1126 2996 u.
1165 2966 1405 3005 (legendumne
1430 2965 1573 2994 Valerius
1598 2964 1800 2995 Seruilianus
1826 2975 1865 2994 an

41 3019 230 3052 Valerianus
254 3022 303 3052 uel
326 3020 562 3058 Seruiliai·1us‘?'
597 3023 689 3061 posui
719 3026 775 3052 aut
799 3032 834 3052 eac
860 3024 1000 3053 exercitu
1035 3023 1107 3054 eius.
1144 3024 1196 3052 uel
1233 3023 1294 3052 sic:
1333 3026 1388 3051 aut
1424 3022 1514 3052 miles.
1553 3021 1741 3053 Exercitus.
1807 3022 1864 3060 23)

43 3077 174 3108 tutelam
197 3082 288 3110 mart.
312 3078 437 3114 MR2G.
474 3079 544 3120 quia
567 3079 716 3116 MR2‚va.
754 3079 929 3119 rell.‚quod,
996 3080 1054 3120 25)
1079 3082 1207 3118 raptore
1232 3079 1318 3108 hoste
1340 3078 1386 3108 sh.
1420 3078 1506 3117 perd.
1535 3082 1562 3108 et
1584 3077 1658 3107 hosti
1682 3077 1771 3116 quasi
1809 3087 1860 3107 ra-

43 3134 127 3171 ptori
151 3134 189 3164 R.

1894 912 1933 945 10

1894 1282 1932 1314 15

1892 2024 1933 2054 25
