<?xml version="1.0" encoding="UTF-8"?>
<!DOCTYPE html PUBLIC "-//W3C//DTD XHTML 1.0 Transitional//EN"
    "http://www.w3.org/TR/xhtml1/DTD/xhtml1-transitional.dtd">
<html xmlns="http://www.w3.org/1999/xhtml" xml:lang="en" lang="en">
 <head>
  <title>
</title>
<meta http-equiv="Content-Type" content="text/html;charset=utf-8" />
  <meta name='ocr-system' content='tesseract 3.04.00' />
  <meta name='ocr-capabilities' content='ocr_page ocr_carea ocr_par ocr_line ocrx_word'/>
</head>
<body>
  <div class='ocr_page' id='page_1' title='image "acronisetporphyr02pseuuoft_0199.png"; bbox 0 0 2148 3412; ppageno 0'>
   <div class='ocr_carea' id='block_1_1' title="bbox 0 2163 17 3384">
    <p class='ocr_par' dir='ltr' id='par_1_1' title="bbox 0 2163 17 3384">
     <span class='ocr_line' id='line_1_1' title="bbox 0 2163 17 3384; baseline 0 0"><span class='ocrx_word' id='word_1_1' title='bbox 0 2163 17 3384; x_wconf 95' lang='lat' dir='ltr'> </span> 
     </span>
    </p>
   </div>
   <div class='ocr_carea' id='block_1_2' title="bbox 767 118 1843 165">
    <p class='ocr_par' dir='ltr' id='par_1_2' title="bbox 767 118 1843 165">
     <span class='ocr_line' id='line_1_2' title="bbox 767 118 1843 165; baseline -0.002 -7"><span class='ocrx_word' id='word_1_2' title='bbox 767 127 812 158; x_wconf 75' lang='lat' dir='ltr'>[N</span> <span class='ocrx_word' id='word_1_3' title='bbox 839 128 974 158; x_wconf 71' lang='lat' dir='ltr'>snnM.</span> <span class='ocrx_word' id='word_1_4' title='bbox 999 127 1044 165; x_wconf 88' lang='lat'>11,</span> <span class='ocrx_word' id='word_1_5' title='bbox 1073 131 1100 159; x_wconf 93' lang='lat'>1.</span> <span class='ocrx_word' id='word_1_6' title='bbox 1769 118 1843 157; x_wconf 77' lang='grc'>191</span> 
     </span>
    </p>
   </div>
   <div class='ocr_carea' id='block_1_3' title="bbox 137 251 685 304">
    <p class='ocr_par' dir='ltr' id='par_1_3' title="bbox 137 251 685 304">
     <span class='ocr_line' id='line_1_3' title="bbox 137 251 685 304; baseline -0.005 -11"><span class='ocrx_word' id='word_1_7' title='bbox 137 260 172 293; x_wconf 81' lang='lat' dir='ltr'>et</span> <span class='ocrx_word' id='word_1_8' title='bbox 200 251 293 293; x_wconf 67' lang='lat' dir='ltr'>odit.</span> <span class='ocrx_word' id='word_1_9' title='bbox 352 251 406 292; x_wconf 77' lang='lat' dir='ltr'>Et</span> <span class='ocrx_word' id='word_1_10' title='bbox 433 264 510 304; x_wconf 88' lang='lat' dir='ltr'>pro</span> <span class='ocrx_word' id='word_1_11' title='bbox 542 257 685 292; x_wconf 77' lang='lat' dir='ltr'>tamen.</span> 
     </span>
    </p>
   </div>
   <div class='ocr_carea' id='block_1_4' title="bbox 27 322 1850 527">
    <p class='ocr_par' dir='ltr' id='par_1_4' title="bbox 27 322 1850 527">
     <span class='ocr_line' id='line_1_4' title="bbox 137 322 1847 382; baseline -0.001 -16"><span class='ocrx_word' id='word_1_12' title='bbox 137 326 201 366; x_wconf 99' lang='lat'>24.</span> <span class='ocrx_word' id='word_1_13' title='bbox 239 324 347 375; x_wconf 76' lang='lat' dir='ltr'>Quid</span> <span class='ocrx_word' id='word_1_14' title='bbox 365 325 544 378; x_wconf 74' lang='lat' dir='ltr'>faciam?</span> <span class='ocrx_word' id='word_1_15' title='bbox 562 325 681 365; x_wconf 75' lang='lat' dir='ltr'>saltat</span> <span class='ocrx_word' id='word_1_16' title='bbox 703 324 903 366; x_wconf 55' lang='lat' dir='ltr'>Milonius.</span> <span class='ocrx_word' id='word_1_17' title='bbox 951 322 1068 376; x_wconf 76' lang='lat' dir='ltr'>Quid</span> <span class='ocrx_word' id='word_1_18' title='bbox 1087 324 1268 366; x_wconf 84' lang='lat' dir='ltr'>faciam?</span> <span class='ocrx_word' id='word_1_19' title='bbox 1308 324 1414 366; x_wconf 89' lang='lat' dir='ltr'>Item</span> <span class='ocrx_word' id='word_1_20' title='bbox 1435 324 1651 367; x_wconf 80' lang='lat' dir='ltr'>Horatius.</span> <span class='ocrx_word' id='word_1_21' title='bbox 1695 324 1847 382; x_wconf 77' lang='lat' dir='ltr'>[Quia]</span> 
     </span>
     <span class='ocr_line' id='line_1_5' title="bbox 27 396 1848 448; baseline -0.002 -7"><span class='ocrx_word' id='word_1_22' title='bbox 27 399 173 442; x_wconf 87' lang='lat' dir='ltr'>uitium</span> <span class='ocrx_word' id='word_1_23' title='bbox 202 396 349 446; x_wconf 85' lang='lat' dir='ltr'>habeo,</span> <span class='ocrx_word' id='word_1_24' title='bbox 380 403 425 437; x_wconf 90' lang='lat' dir='ltr'>ut</span> <span class='ocrx_word' id='word_1_25' title='bbox 454 396 573 437; x_wconf 88' lang='lat' dir='ltr'>multi</span> <span class='ocrx_word' id='word_1_26' title='bbox 603 396 770 438; x_wconf 85' lang='lat' dir='ltr'>habent.</span> <span class='ocrx_word' id='word_1_27' title='bbox 844 396 955 438; x_wconf 81' lang='lat' dir='ltr'>Nam</span> <span class='ocrx_word' id='word_1_28' title='bbox 1000 398 1193 440; x_wconf 64' lang='lat' dir='ltr'>Milonius</span> <span class='ocrx_word' id='word_1_29' title='bbox 1239 412 1397 448; x_wconf 88' lang='lat' dir='ltr'>scurra,</span> <span class='ocrx_word' id='word_1_30' title='bbox 1444 398 1478 440; x_wconf 87' lang='lat' dir='ltr'>si</span> <span class='ocrx_word' id='word_1_31' title='bbox 1523 398 1665 440; x_wconf 90' lang='lat' dir='ltr'>ebrius</span> <span class='ocrx_word' id='word_1_32' title='bbox 1708 398 1848 448; x_wconf 88' lang='lat' dir='ltr'>fuerit,</span> 
     </span>
     <span class='ocr_line' id='line_1_6' title="bbox 28 468 1850 527; baseline -0.001 -13"><span class='ocrx_word' id='word_1_33' title='bbox 28 472 175 515; x_wconf 79' lang='lat' dir='ltr'>saltare</span> <span class='ocrx_word' id='word_1_34' title='bbox 195 485 278 511; x_wconf 92' lang='lat' dir='ltr'>non</span> <span class='ocrx_word' id='word_1_35' title='bbox 301 469 464 510; x_wconf 82' lang='lat' dir='ltr'>desinit.</span> <span class='ocrx_word' id='word_1_36' title='bbox 527 468 733 510; x_wconf 77' lang='lat' dir='ltr'>Similiter</span> <span class='ocrx_word' id='word_1_37' title='bbox 753 476 796 510; x_wconf 89' lang='lat' dir='ltr'>ut</span> <span class='ocrx_word' id='word_1_38' title='bbox 818 484 897 525; x_wconf 83' lang='lat' dir='ltr'>ego</span> <span class='ocrx_word' id='word_1_39' title='bbox 919 470 1142 511; x_wconf 83' lang='lat' dir='ltr'>commissa</span> <span class='ocrx_word' id='word_1_40' title='bbox 1162 470 1381 512; x_wconf 87' lang='lat' dir='ltr'>hominum</span> <span class='ocrx_word' id='word_1_41' title='bbox 1402 478 1541 513; x_wconf 85' lang='lat' dir='ltr'>tacere</span> <span class='ocrx_word' id='word_1_42' title='bbox 1562 487 1646 513; x_wconf 92' lang='lat' dir='ltr'>non</span> <span class='ocrx_word' id='word_1_43' title='bbox 1667 487 1850 527; x_wconf 87' lang='lat' dir='ltr'>possum.</span> 
     </span>
    </p>
   </div>
   <div class='ocr_carea' id='block_1_5' title="bbox 26 542 1916 661">
    <p class='ocr_par' dir='ltr' id='par_1_5' title="bbox 26 542 1916 661">
     <span class='ocr_line' id='line_1_7' title="bbox 26 542 1916 600; baseline -0.002 -12"><span class='ocrx_word' id='word_1_44' title='bbox 26 545 244 588; x_wconf 89' lang='lat' dir='ltr'>Milonium</span> <span class='ocrx_word' id='word_1_45' title='bbox 276 543 334 584; x_wconf 86' lang='lat' dir='ltr'>ait</span> <span class='ocrx_word' id='word_1_46' title='bbox 363 542 562 584; x_wconf 85' lang='lat' dir='ltr'>ebrietate</span> <span class='ocrx_word' id='word_1_47' title='bbox 594 542 781 592; x_wconf 87' lang='lat' dir='ltr'>dissolui,</span> <span class='ocrx_word' id='word_1_48' title='bbox 813 550 857 584; x_wconf 91' lang='lat' dir='ltr'>ut</span> <span class='ocrx_word' id='word_1_49' title='bbox 889 549 1031 584; x_wconf 84' lang='lat' dir='ltr'>contra</span> <span class='ocrx_word' id='word_1_50' title='bbox 1064 543 1263 584; x_wconf 85' lang='lat' dir='ltr'>decorum</span> <span class='ocrx_word' id='word_1_51' title='bbox 1294 543 1415 586; x_wconf 85' lang='lat' dir='ltr'>saltet</span> <span class='ocrx_word' id='word_1_52' title='bbox 1444 551 1484 586; x_wconf 89' lang='lat' dir='ltr'>et</span> <span class='ocrx_word' id='word_1_53' title='bbox 1514 545 1656 600; x_wconf 89' lang='lat' dir='ltr'>plures</span> <span class='ocrx_word' id='word_1_54' title='bbox 1686 559 1736 587; x_wconf 85' lang='lat' dir='ltr'>ex</span> <span class='ocrx_word' id='word_1_55' title='bbox 1767 560 1850 587; x_wconf 84' lang='lat' dir='ltr'>una</span> <span class='ocrx_word' id='word_1_56' title='bbox 1898 555 1916 585; x_wconf 89' lang='lat'>5</span> 
     </span>
     <span class='ocr_line' id='line_1_8' title="bbox 27 616 525 661; baseline -0.012 1"><span class='ocrx_word' id='word_1_57' title='bbox 27 619 194 661; x_wconf 88' lang='lat' dir='ltr'>lucerna</span> <span class='ocrx_word' id='word_1_58' title='bbox 224 617 262 658; x_wconf 91' lang='lat' dir='ltr'>ei</span> <span class='ocrx_word' id='word_1_59' title='bbox 292 616 525 657; x_wconf 83' lang='lat' dir='ltr'>uideantur.</span> 
     </span>
    </p>
   </div>
   <div class='ocr_carea' id='block_1_6' title="bbox 134 690 1849 820">
    <p class='ocr_par' dir='ltr' id='par_1_6' title="bbox 134 690 1849 820">
     <span class='ocr_line' id='line_1_9' title="bbox 137 690 1849 747; baseline 0.001 -15"><span class='ocrx_word' id='word_1_60' title='bbox 137 692 312 733; x_wconf 84' lang='lat'>24—25.</span> <span class='ocrx_word' id='word_1_61' title='bbox 344 698 390 731; x_wconf 88' lang='lat' dir='ltr'>ut</span> <span class='ocrx_word' id='word_1_62' title='bbox 419 690 537 731; x_wconf 80' lang='lat' dir='ltr'>semel</span> <span class='ocrx_word' id='word_1_63' title='bbox 564 691 640 731; x_wconf 80' lang='lat' dir='ltr'>icto</span> <span class='ocrx_word' id='word_1_64' title='bbox 672 690 768 731; x_wconf 74' lang='lat' dir='ltr'>Ace.</span> <span class='ocrx_word' id='word_1_65' title='bbox 797 691 941 744; x_wconf 80' lang='lat' dir='ltr'>feruor</span> <span class='ocrx_word' id='word_1_66' title='bbox 969 692 1098 747; x_wconf 73' lang='lat' dir='ltr'>capili.</span> <span class='ocrx_word' id='word_1_67' title='bbox 1166 690 1374 733; x_wconf 85' lang='lat' dir='ltr'>Percusso</span> <span class='ocrx_word' id='word_1_68' title='bbox 1405 691 1578 733; x_wconf 88' lang='lat' dir='ltr'>cerebro</span> <span class='ocrx_word' id='word_1_69' title='bbox 1609 691 1849 734; x_wconf 85' lang='lat' dir='ltr'>uinolentia.</span> 
     </span>
     <span class='ocr_line' id='line_1_10' title="bbox 134 763 1070 820; baseline -0.001 -14"><span class='ocrx_word' id='word_1_70' title='bbox 134 766 284 820; x_wconf 79' lang='lat' dir='ltr'>feruor.</span> <span class='ocrx_word' id='word_1_71' title='bbox 343 763 554 814; x_wconf 82' lang='lat' dir='ltr'>Ebrietas,</span> <span class='ocrx_word' id='word_1_72' title='bbox 591 763 689 819; x_wconf 82' lang='lat' dir='ltr'>quia</span> <span class='ocrx_word' id='word_1_73' title='bbox 721 771 847 819; x_wconf 87' lang='lat' dir='ltr'>caput</span> <span class='ocrx_word' id='word_1_74' title='bbox 876 764 1070 819; x_wconf 87' lang='lat' dir='ltr'>percutit.</span> 
     </span>
    </p>
   </div>
   <div class='ocr_carea' id='block_1_7' title="bbox 27 836 1918 968">
    <p class='ocr_par' dir='ltr' id='par_1_7' title="bbox 27 836 1918 968">
     <span class='ocr_line' id='line_1_11' title="bbox 134 836 1850 894; baseline -0.001 -14"><span class='ocrx_word' id='word_1_75' title='bbox 134 851 396 893; x_wconf 74' lang='lat' dir='ltr'><strong><em>numerusque</em></strong></span> <span class='ocrx_word' id='word_1_76' title='bbox 418 838 603 879; x_wconf 71' lang='lat' dir='ltr'>lucernis.</span> <span class='ocrx_word' id='word_1_77' title='bbox 663 836 714 878; x_wconf 86' lang='lat' dir='ltr'>Id</span> <span class='ocrx_word' id='word_1_78' title='bbox 735 843 817 878; x_wconf 86' lang='lat' dir='ltr'>est:</span> <span class='ocrx_word' id='word_1_79' title='bbox 852 836 1069 892; x_wconf 83' lang='lat' dir='ltr'>Opinione</span> <span class='ocrx_word' id='word_1_80' title='bbox 1091 838 1198 879; x_wconf 88' lang='lat' dir='ltr'>ebrii</span> <span class='ocrx_word' id='word_1_81' title='bbox 1219 838 1404 880; x_wconf 87' lang='lat' dir='ltr'>numeris</span> <span class='ocrx_word' id='word_1_82' title='bbox 1425 838 1705 889; x_wconf 88' lang='lat' dir='ltr'>lucernarum,</span> <span class='ocrx_word' id='word_1_83' title='bbox 1739 839 1850 894; x_wconf 83' lang='lat' dir='ltr'>quia,</span> 
     </span>
     <span class='ocr_line' id='line_1_12' title="bbox 27 910 1918 968; baseline -0.001 -15"><span class='ocrx_word' id='word_1_84' title='bbox 27 912 97 968; x_wconf 88' lang='lat' dir='ltr'>qui</span> <span class='ocrx_word' id='word_1_85' title='bbox 127 910 265 952; x_wconf 88' lang='lat' dir='ltr'>ebrius</span> <span class='ocrx_word' id='word_1_86' title='bbox 294 910 352 960; x_wconf 86' lang='lat' dir='ltr'>fit,</span> <span class='ocrx_word' id='word_1_87' title='bbox 396 925 480 952; x_wconf 91' lang='lat' dir='ltr'>non</span> <span class='ocrx_word' id='word_1_88' title='bbox 511 925 554 952; x_wconf 92' lang='lat' dir='ltr'>se</span> <span class='ocrx_word' id='word_1_89' title='bbox 584 917 702 965; x_wconf 84' lang='lat' dir='ltr'>putat</span> <span class='ocrx_word' id='word_1_90' title='bbox 732 926 860 952; x_wconf 86' lang='lat' dir='ltr'>unam</span> <span class='ocrx_word' id='word_1_91' title='bbox 892 911 1108 954; x_wconf 84' lang='lat' dir='ltr'>lucernam</span> <span class='ocrx_word' id='word_1_92' title='bbox 1138 912 1297 963; x_wconf 83' lang='lat' dir='ltr'>uidere,</span> <span class='ocrx_word' id='word_1_93' title='bbox 1342 926 1420 953; x_wconf 89' lang='lat' dir='ltr'>nec</span> <span class='ocrx_word' id='word_1_94' title='bbox 1450 927 1578 953; x_wconf 85' lang='lat' dir='ltr'>unam</span> <span class='ocrx_word' id='word_1_95' title='bbox 1608 913 1751 953; x_wconf 82' lang='lat' dir='ltr'>lunam</span> <span class='ocrx_word' id='word_1_96' title='bbox 1783 928 1850 954; x_wconf 85' lang='lat' dir='ltr'>ar·</span> <span class='ocrx_word' id='word_1_97' title='bbox 1880 921 1918 952; x_wconf 78' lang='lat'>10</span> 
     </span>
    </p>
   </div>
   <div class='ocr_carea' id='block_1_8' title="bbox 27 983 1851 1101">
    <p class='ocr_par' dir='ltr' id='par_1_8' title="bbox 27 983 1851 1101">
     <span class='ocr_line' id='line_1_13' title="bbox 27 983 1851 1043; baseline 0.001 -16"><span class='ocrx_word' id='word_1_98' title='bbox 27 986 203 1028; x_wconf 85' lang='lat' dir='ltr'>bitratur</span> <span class='ocrx_word' id='word_1_99' title='bbox 232 983 461 1039; x_wconf 77' lang='lat' dir='ltr'>adspicere.</span> <span class='ocrx_word' id='word_1_100' title='bbox 527 984 616 1025; x_wconf 85' lang='lat' dir='ltr'>qu.</span> <span class='ocrx_word' id='word_1_101' title='bbox 648 983 745 1038; x_wconf 82' lang='lat' dir='ltr'>(VI,</span> <span class='ocrx_word' id='word_1_102' title='bbox 777 985 899 1040; x_wconf 80' lang='lat'>305):</span> <span class='ocrx_word' id='word_1_103' title='bbox 948 986 1000 1043; x_wconf 84' lang='lat' dir='ltr'>Et</span> <span class='ocrx_word' id='word_1_104' title='bbox 1041 987 1204 1040; x_wconf 69' lang='lat' dir='ltr'>yemmis</span> <span class='ocrx_word' id='word_1_105' title='bbox 1249 988 1433 1041; x_wconf 71' lang='lat' dir='ltr'>eoesurqit</span> <span class='ocrx_word' id='word_1_106' title='bbox 1475 1001 1612 1028; x_wconf 73' lang='lat' dir='ltr'>mensu</span> <span class='ocrx_word' id='word_1_107' title='bbox 1659 987 1851 1028; x_wconf 75' lang='lat' dir='ltr'>lucernis.</span> 
     </span>
     <span class='ocr_line' id='line_1_14' title="bbox 31 1057 466 1101; baseline -0.007 0"><span class='ocrx_word' id='word_1_108' title='bbox 31 1057 103 1101; x_wconf 88' lang='lat' dir='ltr'>Sic</span> <span class='ocrx_word' id='word_1_109' title='bbox 132 1057 258 1100; x_wconf 87' lang='lat' dir='ltr'>ebriis</span> <span class='ocrx_word' id='word_1_110' title='bbox 288 1057 466 1099; x_wconf 88' lang='lat' dir='ltr'>uidetur.</span> 
     </span>
    </p>
   </div>
   <div class='ocr_carea' id='block_1_9' title="bbox 28 1129 1919 1556">
    <p class='ocr_par' dir='ltr' id='par_1_9' title="bbox 28 1129 1919 1336">
     <span class='ocr_line' id='line_1_15' title="bbox 137 1129 1853 1187; baseline 0.001 -15"><span class='ocrx_word' id='word_1_111' title='bbox 137 1132 201 1172; x_wconf 86' lang='grc'>26.</span> <span class='ocrx_word' id='word_1_112' title='bbox 239 1131 379 1173; x_wconf 84' lang='lat' dir='ltr'>Castor</span> <span class='ocrx_word' id='word_1_113' title='bbox 409 1132 556 1186; x_wconf 73' lang='lat' dir='ltr'>qaudet</span> <span class='ocrx_word' id='word_1_114' title='bbox 586 1133 705 1187; x_wconf 72' lang='lat' dir='ltr'>equis.</span> <span class='ocrx_word' id='word_1_115' title='bbox 766 1129 918 1174; x_wconf 82' lang='lat' dir='ltr'>Castor</span> <span class='ocrx_word' id='word_1_116' title='bbox 949 1147 1116 1187; x_wconf 85' lang='lat' dir='ltr'>quoque</span> <span class='ocrx_word' id='word_1_117' title='bbox 1147 1140 1186 1174; x_wconf 87' lang='lat' dir='ltr'>et</span> <span class='ocrx_word' id='word_1_118' title='bbox 1217 1132 1372 1174; x_wconf 86' lang='lat' dir='ltr'>Pollux</span> <span class='ocrx_word' id='word_1_119' title='bbox 1417 1147 1467 1174; x_wconf 89' lang='lat' dir='ltr'>ex</span> <span class='ocrx_word' id='word_1_120' title='bbox 1511 1148 1596 1178; x_wconf 88' lang='lat' dir='ltr'>uno</span> <span class='ocrx_word' id='word_1_121' title='bbox 1641 1148 1721 1180; x_wconf 88' lang='grc'><strong>,0110</strong></span> <span class='ocrx_word' id='word_1_122' title='bbox 1765 1133 1853 1174; x_wconf 85' lang='lat' dir='ltr'>nati</span> 
     </span>
     <span class='ocr_line' id='line_1_16' title="bbox 31 1204 1900 1261; baseline 0.001 -14"><span class='ocrx_word' id='word_1_123' title='bbox 31 1205 192 1247; x_wconf 83' lang='lat' dir='ltr'>diuersa</span> <span class='ocrx_word' id='word_1_124' title='bbox 222 1204 360 1246; x_wconf 85' lang='lat' dir='ltr'>studia</span> <span class='ocrx_word' id='word_1_125' title='bbox 390 1204 588 1261; x_wconf 80' lang='lat' dir='ltr'>habent[;</span> <span class='ocrx_word' id='word_1_126' title='bbox 622 1220 715 1246; x_wconf 89' lang='lat' dir='ltr'>cum</span> <span class='ocrx_word' id='word_1_127' title='bbox 746 1205 877 1261; x_wconf 82' lang='lat' dir='ltr'>igitur</span> <span class='ocrx_word' id='word_1_128' title='bbox 906 1206 1015 1247; x_wconf 87' lang='lat' dir='ltr'>inter</span> <span class='ocrx_word' id='word_1_129' title='bbox 1044 1207 1194 1248; x_wconf 84' lang='lat' dir='ltr'>fratres</span> <span class='ocrx_word' id='word_1_130' title='bbox 1215 1207 1292 1248; x_wconf 90' lang='lat' dir='ltr'>hoc</span> <span class='ocrx_word' id='word_1_131' title='bbox 1315 1207 1380 1257; x_wconf 91' lang='lat' dir='ltr'>sit,</span> <span class='ocrx_word' id='word_1_132' title='bbox 1411 1222 1495 1248; x_wconf 88' lang='lat' dir='ltr'>non</span> <span class='ocrx_word' id='word_1_133' title='bbox 1515 1207 1670 1249; x_wconf 86' lang='lat' dir='ltr'>mirum</span> <span class='ocrx_word' id='word_1_134' title='bbox 1692 1214 1765 1256; x_wconf 88' lang='lat' dir='ltr'>est,</span> <span class='ocrx_word' id='word_1_135' title='bbox 1787 1222 1854 1249; x_wconf 76' lang='lat' dir='ltr'>nie</span> <span class='ocrx_word' id='word_1_136' title='bbox 1892 1251 1900 1258; x_wconf 50' lang='grc'>,</span> 
     </span>
     <span class='ocr_line' id='line_1_17' title="bbox 28 1279 1919 1336; baseline -0.002 -13"><span class='ocrx_word' id='word_1_137' title='bbox 28 1280 128 1324; x_wconf 87' lang='lat' dir='ltr'>uitia</span> <span class='ocrx_word' id='word_1_138' title='bbox 156 1279 372 1322; x_wconf 88' lang='lat' dir='ltr'>hominum</span> <span class='ocrx_word' id='word_1_139' title='bbox 403 1279 611 1336; x_wconf 68' lang='lat' dir='ltr'>carpere]</span> <span class='ocrx_word' id='word_1_140' title='bbox 669 1281 819 1335; x_wconf 72' lang='lat' dir='ltr'>yaudet</span> <span class='ocrx_word' id='word_1_141' title='bbox 849 1281 967 1335; x_wconf 69' lang='lat' dir='ltr'>equis.</span> <span class='ocrx_word' id='word_1_142' title='bbox 998 1287 1111 1321; x_wconf 79' lang='lat' dir='ltr'>amat</span> <span class='ocrx_word' id='word_1_143' title='bbox 1140 1294 1270 1334; x_wconf 84' lang='lat' dir='ltr'>equos</span> <span class='ocrx_word' id='word_1_144' title='bbox 1301 1280 1484 1322; x_wconf 84' lang='lat' dir='ltr'>domare.</span> <span class='ocrx_word' id='word_1_145' title='bbox 1882 1290 1919 1320; x_wconf 82' lang='lat'>15</span> 
     </span>
    </p>

    <p class='ocr_par' dir='ltr' id='par_1_10' title="bbox 29 1354 1854 1486">
     <span class='ocr_line' id='line_1_18' title="bbox 138 1354 1854 1410; baseline 0.001 -16"><span class='ocrx_word' id='word_1_146' title='bbox 138 1355 202 1394; x_wconf 88' lang='lat'>27.</span> <span class='ocrx_word' id='word_1_147' title='bbox 234 1362 327 1410; x_wconf 76' lang='lat' dir='ltr'>quot</span> <span class='ocrx_word' id='word_1_148' title='bbox 358 1356 534 1410; x_wconf 74' lang='lat' dir='ltr'>capitum</span> <span class='ocrx_word' id='word_1_149' title='bbox 564 1356 725 1402; x_wconf 72' lang='lat' dir='ltr'>uiuum,</span> <span class='ocrx_word' id='word_1_150' title='bbox 772 1363 821 1396; x_wconf 82' lang='lat' dir='ltr'>lo.</span> <span class='ocrx_word' id='word_1_151' title='bbox 867 1355 972 1396; x_wconf 82' lang='lat' dir='ltr'>stud.</span> <span class='ocrx_word' id='word_1_152' title='bbox 1017 1355 1147 1397; x_wconf 65' lang='lat' dir='ltr'>Milia.</span> <span class='ocrx_word' id='word_1_153' title='bbox 1212 1356 1494 1396; x_wconf 75' lang='lat' dir='ltr'>Terentianum</span> <span class='ocrx_word' id='word_1_154' title='bbox 1524 1355 1630 1395; x_wconf 84' lang='lat' dir='ltr'>illud</span> <span class='ocrx_word' id='word_1_155' title='bbox 1663 1354 1854 1409; x_wconf 90' lang='lat' dir='ltr'>(Phorm.</span> 
     </span>
     <span class='ocr_line' id='line_1_19' title="bbox 29 1426 1636 1486; baseline -0.001 -16"><span class='ocrx_word' id='word_1_156' title='bbox 29 1426 84 1478; x_wconf 90' lang='grc' dir='ltr'>Π,</span> <span class='ocrx_word' id='word_1_157' title='bbox 113 1428 152 1478; x_wconf 88' lang='grc'>4,</span> <span class='ocrx_word' id='word_1_158' title='bbox 187 1427 249 1468; x_wconf 82' lang='grc'>14.</span> <span class='ocrx_word' id='word_1_159' title='bbox 281 1429 363 1469; x_wconf 81' lang='lat'>454</span> <span class='ocrx_word' id='word_1_160' title='bbox 394 1426 430 1468; x_wconf 86' lang='lat' dir='ltr'><strong>F</strong></span> <span class='ocrx_word' id='word_1_161' title='bbox 434 1428 500 1483; x_wconf 91' lang='lat' dir='ltr'>l.):</span> <span class='ocrx_word' id='word_1_162' title='bbox 536 1429 642 1478; x_wconf 80' lang='lat' dir='ltr'>Quot</span> <span class='ocrx_word' id='word_1_163' title='bbox 671 1428 860 1478; x_wconf 67' lang='lat' dir='ltr'>homiues,</span> <span class='ocrx_word' id='word_1_164' title='bbox 893 1437 947 1470; x_wconf 86' lang='lat' dir='ltr'>tot</span> <span class='ocrx_word' id='word_1_165' title='bbox 976 1430 1206 1469; x_wconf 69' lang='lat' dir='ltr'>sententiae.</span> <span class='ocrx_word' id='word_1_166' title='bbox 1239 1443 1339 1470; x_wconf 77' lang='lat' dir='ltr'>suus</span> <span class='ocrx_word' id='word_1_167' title='bbox 1371 1430 1510 1486; x_wconf 74' lang='lat' dir='ltr'>cuique</span> <span class='ocrx_word' id='word_1_168' title='bbox 1541 1444 1636 1470; x_wconf 81' lang='lat' dir='ltr'>mos.</span> 
     </span>
    </p>

    <p class='ocr_par' dir='ltr' id='par_1_11' title="bbox 139 1500 1856 1556">
     <span class='ocr_line' id='line_1_20' title="bbox 139 1500 1856 1556; baseline 0 -14"><span class='ocrx_word' id='word_1_169' title='bbox 139 1501 203 1542; x_wconf 84' lang='lat'>29.</span> <span class='ocrx_word' id='word_1_170' title='bbox 233 1509 359 1543; x_wconf 68' lang='lat' dir='ltr'>nostr.</span> <span class='ocrx_word' id='word_1_171' title='bbox 381 1502 468 1543; x_wconf 81' lang='lat' dir='ltr'>mel.</span> <span class='ocrx_word' id='word_1_172' title='bbox 490 1510 570 1543; x_wconf 76' lang='lat' dir='ltr'>utr.</span> <span class='ocrx_word' id='word_1_173' title='bbox 629 1500 725 1543; x_wconf 89' lang='lat' dir='ltr'>Hoc</span> <span class='ocrx_word' id='word_1_174' title='bbox 753 1508 834 1543; x_wconf 87' lang='lat' dir='ltr'>est:</span> <span class='ocrx_word' id='word_1_175' title='bbox 868 1501 940 1556; x_wconf 90' lang='lat' dir='ltr'>qui</span> <span class='ocrx_word' id='word_1_176' title='bbox 960 1501 1110 1543; x_wconf 86' lang='lat' dir='ltr'>melior</span> <span class='ocrx_word' id='word_1_177' title='bbox 1139 1501 1217 1542; x_wconf 87' lang='lat' dir='ltr'>fuit</span> <span class='ocrx_word' id='word_1_178' title='bbox 1248 1509 1287 1543; x_wconf 86' lang='lat' dir='ltr'>et</span> <span class='ocrx_word' id='word_1_179' title='bbox 1317 1516 1383 1543; x_wconf 89' lang='lat' dir='ltr'>me</span> <span class='ocrx_word' id='word_1_180' title='bbox 1405 1508 1443 1543; x_wconf 90' lang='lat' dir='ltr'>et</span> <span class='ocrx_word' id='word_1_181' title='bbox 1464 1509 1517 1552; x_wconf 88' lang='lat' dir='ltr'>te,</span> <span class='ocrx_word' id='word_1_182' title='bbox 1549 1501 1736 1551; x_wconf 81' lang='lat' dir='ltr'>Trebati,</span> <span class='ocrx_word' id='word_1_183' title='bbox 1769 1502 1856 1543; x_wconf 85' lang='lat' dir='ltr'>uita</span> 
     </span>
    </p>
   </div>
   <div class='ocr_carea' id='block_1_10' title="bbox 29 1574 1922 1764">
    <p class='ocr_par' dir='ltr' id='par_1_12' title="bbox 29 1574 1922 1764">
     <span class='ocr_line' id='line_1_21' title="bbox 30 1574 1853 1627; baseline 0.001 -11"><span class='ocrx_word' id='word_1_184' title='bbox 30 1588 104 1616; x_wconf 85' lang='lat' dir='ltr'>sua</span> <span class='ocrx_word' id='word_1_185' title='bbox 131 1574 157 1615; x_wconf 92' lang='lat' dir='ltr'>i.</span> <span class='ocrx_word' id='word_1_186' title='bbox 189 1588 221 1616; x_wconf 92' lang='lat' dir='ltr'>e.</span> <span class='ocrx_word' id='word_1_187' title='bbox 255 1588 381 1616; x_wconf 88' lang='lat' dir='ltr'>censu</span> <span class='ocrx_word' id='word_1_188' title='bbox 412 1581 451 1616; x_wconf 93' lang='lat' dir='ltr'>et</span> <span class='ocrx_word' id='word_1_189' title='bbox 481 1574 693 1616; x_wconf 79' lang='lat' dir='ltr'>natalibus</span> <span class='ocrx_word' id='word_1_190' title='bbox 724 1589 789 1616; x_wconf 90' lang='lat' dir='ltr'>me</span> <span class='ocrx_word' id='word_1_191' title='bbox 821 1575 1052 1625; x_wconf 80' lang='lat' dir='ltr'>antecedit3</span> <span class='ocrx_word' id='word_1_192' title='bbox 1085 1575 1162 1616; x_wconf 88' lang='lat' dir='ltr'>fuit</span> <span class='ocrx_word' id='word_1_193' title='bbox 1194 1575 1305 1616; x_wconf 85' lang='lat' dir='ltr'>enim</span> <span class='ocrx_word' id='word_1_194' title='bbox 1326 1575 1451 1617; x_wconf 85' lang='lat' dir='ltr'>ualde</span> <span class='ocrx_word' id='word_1_195' title='bbox 1472 1575 1626 1617; x_wconf 82' lang='lat' dir='ltr'>nobilis</span> <span class='ocrx_word' id='word_1_196' title='bbox 1647 1575 1853 1627; x_wconf 77' lang='lat' dir='ltr'>Lucilius,</span> 
     </span>
     <span class='ocr_line' id='line_1_22' title="bbox 29 1647 1922 1705; baseline -0.001 -16"><span class='ocrx_word' id='word_1_197' title='bbox 29 1653 168 1703; x_wconf 83' lang='lat' dir='ltr'>utpote</span> <span class='ocrx_word' id='word_1_198' title='bbox 199 1648 266 1703; x_wconf 91' lang='lat' dir='ltr'>qui</span> <span class='ocrx_word' id='word_1_199' title='bbox 297 1655 405 1690; x_wconf 86' lang='lat' dir='ltr'>esset</span> <span class='ocrx_word' id='word_1_200' title='bbox 434 1648 580 1705; x_wconf 79' lang='lat' dir='ltr'>magni</span> <span class='ocrx_word' id='word_1_201' title='bbox 611 1647 787 1703; x_wconf 89' lang='lat' dir='ltr'>Pompei</span> <span class='ocrx_word' id='word_1_202' title='bbox 820 1664 934 1690; x_wconf 84' lang='lat' dir='ltr'>auus.</span> <span class='ocrx_word' id='word_1_203' title='bbox 1881 1657 1922 1688; x_wconf 82' lang='lat'>20</span> 
     </span>
     <span class='ocr_line' id='line_1_23' title="bbox 141 1721 898 1764; baseline 0.003 -3"><span class='ocrx_word' id='word_1_204' title='bbox 141 1722 206 1762; x_wconf 83' lang='lat'>29.</span> <span class='ocrx_word' id='word_1_205' title='bbox 240 1722 374 1763; x_wconf 71' lang='lat' dir='ltr'>Lucili</span> <span class='ocrx_word' id='word_1_206' title='bbox 401 1724 496 1763; x_wconf 76' lang='lat' dir='ltr'>ritu.</span> <span class='ocrx_word' id='word_1_207' title='bbox 557 1721 738 1764; x_wconf 81' lang='lat' dir='ltr'>Satirico</span> <span class='ocrx_word' id='word_1_208' title='bbox 769 1737 898 1763; x_wconf 91' lang='lat' dir='ltr'>more.</span> 
     </span>
    </p>
   </div>
   <div class='ocr_carea' id='block_1_11' title="bbox 32 1794 1856 1984">
    <p class='ocr_par' dir='ltr' id='par_1_13' title="bbox 32 1794 1856 1984">
     <span class='ocr_line' id='line_1_24' title="bbox 139 1794 1856 1853; baseline 0.001 -18"><span class='ocrx_word' id='word_1_209' title='bbox 139 1795 204 1835; x_wconf 87' lang='lat'>30.</span> <span class='ocrx_word' id='word_1_210' title='bbox 234 1795 312 1842; x_wconf 69' lang='lat' dir='ltr'>ille,</span> <span class='ocrx_word' id='word_1_211' title='bbox 343 1795 457 1840; x_wconf 80' lang='lat' dir='ltr'>uelut</span> <span class='ocrx_word' id='word_1_212' title='bbox 482 1795 589 1850; x_wconf 77' lang='lat' dir='ltr'>fidis.</span> <span class='ocrx_word' id='word_1_213' title='bbox 649 1794 745 1837; x_wconf 89' lang='lat' dir='ltr'>Hoc</span> <span class='ocrx_word' id='word_1_214' title='bbox 776 1794 968 1837; x_wconf 80' lang='lat' dir='ltr'>Lucilius</span> <span class='ocrx_word' id='word_1_215' title='bbox 1000 1809 1051 1837; x_wconf 86' lang='lat' dir='ltr'>ex</span> <span class='ocrx_word' id='word_1_216' title='bbox 1081 1794 1351 1838; x_wconf 82' lang='lat' dir='ltr'>Anacreonte</span> <span class='ocrx_word' id='word_1_217' title='bbox 1389 1794 1597 1853; x_wconf 84' lang='lat' dir='ltr'>[Graeco]</span> <span class='ocrx_word' id='word_1_218' title='bbox 1645 1796 1770 1837; x_wconf 82' lang='lat' dir='ltr'>traxit</span> <span class='ocrx_word' id='word_1_219' title='bbox 1817 1804 1856 1838; x_wconf 90' lang='lat' dir='ltr'>et</span> 
     </span>
     <span class='ocr_line' id='line_1_25' title="bbox 32 1865 1856 1925; baseline 0.002 -17"><span class='ocrx_word' id='word_1_220' title='bbox 32 1865 200 1918; x_wconf 86' lang='lat' dir='ltr'>Alcaeo,</span> <span class='ocrx_word' id='word_1_221' title='bbox 246 1865 491 1924; x_wconf 80' lang='lat' dir='ltr'>(Graecis?)</span> <span class='ocrx_word' id='word_1_222' title='bbox 522 1867 680 1924; x_wconf 85' lang='lat' dir='ltr'>lyricis,</span> <span class='ocrx_word' id='word_1_223' title='bbox 726 1883 830 1923; x_wconf 85' lang='lat' dir='ltr'>quos</span> <span class='ocrx_word' id='word_1_224' title='bbox 861 1869 919 1910; x_wconf 82' lang='lat' dir='ltr'>ait</span> <span class='ocrx_word' id='word_1_225' title='bbox 949 1867 1230 1911; x_wconf 85' lang='lat' dir='ltr'>Aristoxenus</span> <span class='ocrx_word' id='word_1_226' title='bbox 1260 1869 1381 1911; x_wconf 88' lang='lat' dir='ltr'>libris</span> <span class='ocrx_word' id='word_1_227' title='bbox 1411 1869 1596 1925; x_wconf 86' lang='lat' dir='ltr'>propriis</span> <span class='ocrx_word' id='word_1_228' title='bbox 1627 1870 1719 1911; x_wconf 88' lang='lat' dir='ltr'>uice</span> <span class='ocrx_word' id='word_1_229' title='bbox 1750 1870 1856 1911; x_wconf 86' lang='lat' dir='ltr'>ami-</span> 
     </span>
     <span class='ocr_line' id='line_1_26' title="bbox 34 1955 431 1984; baseline 0.003 -1"><span class='ocrx_word' id='word_1_230' title='bbox 34 1955 172 1984; x_wconf 86' lang='lat' dir='ltr'>corum</span> <span class='ocrx_word' id='word_1_231' title='bbox 202 1956 298 1984; x_wconf 86' lang='lat' dir='ltr'>usos</span> <span class='ocrx_word' id='word_1_232' title='bbox 328 1956 431 1984; x_wconf 85' lang='lat' dir='ltr'>esse.</span> 
     </span>
    </p>
   </div>
   <div class='ocr_carea' id='block_1_12' title="bbox 0 2113 1864 3059">
    <p class='ocr_par' dir='ltr' id='par_1_14' title="bbox 0 2113 1864 3059">
     <span class='ocr_line' id='line_1_27' title="bbox 165 2113 1860 2157; baseline 0.002 -13"><span class='ocrx_word' id='word_1_233' title='bbox 165 2114 199 2153; x_wconf 84' lang='lat'>2)</span> <span class='ocrx_word' id='word_1_234' title='bbox 226 2115 306 2145; x_wconf 84' lang='lat' dir='ltr'>Item</span> <span class='ocrx_word' id='word_1_235' title='bbox 330 2114 487 2145; x_wconf 77' lang='lat' dir='ltr'>Horatius</span> <span class='ocrx_word' id='word_1_236' title='bbox 512 2124 539 2157; x_wconf 80' lang='grc' dir='ltr'>γ.</span> <span class='ocrx_word' id='word_1_237' title='bbox 564 2115 632 2144; x_wconf 85' lang='lat' dir='ltr'>rell.</span> <span class='ocrx_word' id='word_1_238' title='bbox 659 2124 718 2144; x_wconf 90' lang='lat' dir='ltr'>om.</span> <span class='ocrx_word' id='word_1_239' title='bbox 752 2113 829 2148; x_wconf 74' lang='lat' dir='ltr'>Quia</span> <span class='ocrx_word' id='word_1_240' title='bbox 854 2113 918 2144; x_wconf 82' lang='lat' dir='ltr'>afh.</span> <span class='ocrx_word' id='word_1_241' title='bbox 946 2114 1029 2150; x_wconf 67' lang='lat' dir='ltr'>Quid</span> <span class='ocrx_word' id='word_1_242' title='bbox 1052 2126 1082 2146; x_wconf 86' lang='lat' dir='ltr'>v.</span> <span class='ocrx_word' id='word_1_243' title='bbox 1112 2116 1181 2145; x_wconf 86' lang='lat' dir='ltr'>rell.</span> <span class='ocrx_word' id='word_1_244' title='bbox 1208 2126 1268 2145; x_wconf 89' lang='lat' dir='ltr'>om.</span> <span class='ocrx_word' id='word_1_245' title='bbox 1331 2116 1366 2155; x_wconf 89' lang='grc'>4)</span> <span class='ocrx_word' id='word_1_246' title='bbox 1394 2115 1512 2146; x_wconf 74' lang='lat' dir='ltr'>desiuit</span> <span class='ocrx_word' id='word_1_247' title='bbox 1536 2126 1618 2146; x_wconf 90' lang='lat' dir='ltr'>omn.</span> <span class='ocrx_word' id='word_1_248' title='bbox 1644 2116 1730 2146; x_wconf 86' lang='lat' dir='ltr'>libri.</span> <span class='ocrx_word' id='word_1_249' title='bbox 1768 2117 1860 2147; x_wconf 73' lang='lat' dir='ltr'>desiit</span> 
     </span>
     <span class='ocr_line' id='line_1_28' title="bbox 0 2169 1858 2213; baseline 0.002 -13"><span class='ocrx_word' id='word_1_250' title='bbox 0 2189 2 2213; x_wconf 45' lang='grc' dir='ltr'><strong><em>ξ</em></strong></span> <span class='ocrx_word' id='word_1_251' title='bbox 37 2169 73 2206; x_wconf 84' lang='lat' dir='ltr'>Q.</span> <span class='ocrx_word' id='word_1_252' title='bbox 90 2188 130 2191; x_wconf 44' lang='grc' dir='ltr'><strong><em>ῳ</em></strong></span> <span class='ocrx_word' id='word_1_253' title='bbox 149 2172 202 2210; x_wconf 91' lang='lat' dir='ltr'>qui</span> <span class='ocrx_word' id='word_1_254' title='bbox 227 2182 292 2201; x_wconf 81' lang='lat' dir='ltr'>cum</span> <span class='ocrx_word' id='word_1_255' title='bbox 314 2172 405 2202; x_wconf 77' lang='lat' dir='ltr'>semel</span> <span class='ocrx_word' id='word_1_256' title='bbox 429 2176 511 2202; x_wconf 87' lang='lat' dir='ltr'>esset</span> <span class='ocrx_word' id='word_1_257' title='bbox 537 2172 658 2209; x_wconf 86' lang='lat' dir='ltr'>ebrius,</span> <span class='ocrx_word' id='word_1_258' title='bbox 685 2172 794 2201; x_wconf 82' lang='lat' dir='ltr'>statim</span> <span class='ocrx_word' id='word_1_259' title='bbox 820 2171 939 2201; x_wconf 87' lang='lat' dir='ltr'>saltare</span> <span class='ocrx_word' id='word_1_260' title='bbox 964 2171 1123 2210; x_wconf 72' lang='lat' dir='ltr'>incipiebat</span> <span class='ocrx_word' id='word_1_261' title='bbox 1148 2172 1184 2202; x_wconf 81' lang='lat' dir='ltr'>C.</span> <span class='ocrx_word' id='word_1_262' title='bbox 1225 2172 1304 2206; x_wconf 69' lang='lat' dir='ltr'>Quid</span> <span class='ocrx_word' id='word_1_263' title='bbox 1315 2171 1449 2212; x_wconf 76' lang='lat' dir='ltr'>faciam.</span> <span class='ocrx_word' id='word_1_264' title='bbox 1477 2174 1523 2203; x_wconf 89' lang='lat' dir='ltr'>ita</span> <span class='ocrx_word' id='word_1_265' title='bbox 1548 2173 1653 2211; x_wconf 84' lang='lat' dir='ltr'>inquit</span> <span class='ocrx_word' id='word_1_266' title='bbox 1678 2183 1727 2203; x_wconf 89' lang='grc'><strong>1116</strong></span> <span class='ocrx_word' id='word_1_267' title='bbox 1745 2183 1763 2202; x_wconf 85' lang='lat' dir='ltr'>a</span> <span class='ocrx_word' id='word_1_268' title='bbox 1781 2174 1858 2203; x_wconf 86' lang='lat' dir='ltr'>scri-</span> 
     </span>
     <span class='ocr_line' id='line_1_29' title="bbox 0 2216 1858 2279; baseline 0.001 -22"><span class='ocrx_word' id='word_1_269' title='bbox 0 2216 3 2279; x_wconf 60' lang='lat'>;</span> <span class='ocrx_word' id='word_1_270' title='bbox 35 2227 134 2258; x_wconf 82' lang='lat' dir='ltr'>hendo</span> <span class='ocrx_word' id='word_1_271' title='bbox 157 2228 319 2259; x_wconf 86' lang='lat' dir='ltr'>abstinere</span> <span class='ocrx_word' id='word_1_272' title='bbox 343 2239 405 2258; x_wconf 92' lang='grc'><strong>11011</strong></span> <span class='ocrx_word' id='word_1_273' title='bbox 429 2239 559 2268; x_wconf 81' lang='lat' dir='ltr'>possum</span> <span class='ocrx_word' id='word_1_274' title='bbox 583 2233 620 2259; x_wconf 87' lang='lat' dir='ltr'>ut</span> <span class='ocrx_word' id='word_1_275' title='bbox 646 2229 799 2259; x_wconf 89' lang='lat' dir='ltr'>milonius</span> <span class='ocrx_word' id='word_1_276' title='bbox 829 2228 936 2257; x_wconf 87' lang='lat' dir='ltr'>ebrius</span> <span class='ocrx_word' id='word_1_277' title='bbox 965 2238 982 2257; x_wconf 84' lang='lat' dir='ltr'>a</span> <span class='ocrx_word' id='word_1_278' title='bbox 1018 2229 1175 2266; x_wconf 82' lang='lat' dir='ltr'>saltando,</span> <span class='ocrx_word' id='word_1_279' title='bbox 1214 2230 1268 2267; x_wconf 88' lang='lat' dir='ltr'>qui</span> <span class='ocrx_word' id='word_1_280' title='bbox 1306 2238 1341 2259; x_wconf 98' lang='grc'>60</span> <span class='ocrx_word' id='word_1_281' title='bbox 1378 2233 1523 2268; x_wconf 82' lang='lat' dir='ltr'>tempore</span> <span class='ocrx_word' id='word_1_282' title='bbox 1559 2229 1648 2258; x_wconf 77' lang='lat' dir='ltr'>simul</span> <span class='ocrx_word' id='word_1_283' title='bbox 1681 2234 1716 2259; x_wconf 87' lang='lat' dir='ltr'>ut</span> <span class='ocrx_word' id='word_1_284' title='bbox 1753 2230 1858 2259; x_wconf 88' lang='lat' dir='ltr'>ebrius</span> 
     </span>
     <span class='ocr_line' id='line_1_30' title="bbox 1 2283 1858 2329; baseline 0.001 -16"><span class='ocrx_word' id='word_1_285' title='bbox 1 2318 4 2327; x_wconf 25' lang='grc' dir='ltr'>ὁ</span> <span class='ocrx_word' id='word_1_286' title='bbox 35 2283 156 2322; x_wconf 79' lang='lat' dir='ltr'>fuisset,</span> <span class='ocrx_word' id='word_1_287' title='bbox 182 2286 299 2315; x_wconf 87' lang='lat' dir='ltr'>saltare</span> <span class='ocrx_word' id='word_1_288' title='bbox 325 2287 500 2322; x_wconf 80' lang='lat' dir='ltr'>incipiebat</span> <span class='ocrx_word' id='word_1_289' title='bbox 525 2286 588 2329; x_wconf 79' lang='grc' dir='ltr'>Βφ.</span> <span class='ocrx_word' id='word_1_290' title='bbox 650 2284 685 2324; x_wconf 72' lang='lat'>5&gt;</span> <span class='ocrx_word' id='word_1_291' title='bbox 710 2285 881 2314; x_wconf 86' lang='lat' dir='ltr'>Milonium</span> <span class='ocrx_word' id='word_1_292' title='bbox 900 2284 1128 2314; x_wconf 86' lang='lat' dir='ltr'>—uideantur</span> <span class='ocrx_word' id='word_1_293' title='bbox 1151 2285 1229 2327; x_wconf 67' lang='lat' dir='ltr'>·(‚fh.</span> <span class='ocrx_word' id='word_1_294' title='bbox 1256 2295 1315 2315; x_wconf 89' lang='lat' dir='ltr'>om.</span> <span class='ocrx_word' id='word_1_295' title='bbox 1343 2285 1534 2324; x_wconf 84' lang='lat' dir='ltr'>G(Q),1nva.</span> <span class='ocrx_word' id='word_1_296' title='bbox 1565 2304 1605 2306; x_wconf 97' lang='lat'><strong>—</strong></span> <span class='ocrx_word' id='word_1_297' title='bbox 1633 2287 1727 2315; x_wconf 83' lang='lat' dir='ltr'>decus</span> <span class='ocrx_word' id='word_1_298' title='bbox 1752 2295 1779 2324; x_wconf 79' lang='grc' dir='ltr'>γ.</span> <span class='ocrx_word' id='word_1_299' title='bbox 1804 2285 1858 2315; x_wconf 83' lang='lat' dir='ltr'>de-</span> 
     </span>
     <span class='ocr_line' id='line_1_31' title="bbox 1 2330 1856 2386; baseline -0.001 -14"><span class='ocrx_word' id='word_1_300' title='bbox 1 2330 4 2386; x_wconf 63' lang='lat'><em>{</em></span> <span class='ocrx_word' id='word_1_301' title='bbox 35 2349 134 2370; x_wconf 80' lang='lat' dir='ltr'>corum</span> <span class='ocrx_word' id='word_1_302' title='bbox 156 2341 201 2370; x_wconf 84' lang='lat' dir='ltr'>fh.</span> <span class='ocrx_word' id='word_1_303' title='bbox 227 2343 329 2379; x_wconf 78' lang='lat' dir='ltr'>decus,</span> <span class='ocrx_word' id='word_1_304' title='bbox 356 2343 447 2372; x_wconf 74' lang='lat' dir='ltr'>decor</span> <span class='ocrx_word' id='word_1_305' title='bbox 472 2347 504 2373; x_wconf 89' lang='lat' dir='ltr'>et</span> <span class='ocrx_word' id='word_1_306' title='bbox 528 2343 672 2373; x_wconf 83' lang='lat' dir='ltr'>decorum</span> <span class='ocrx_word' id='word_1_307' title='bbox 697 2342 859 2372; x_wconf 74' lang='lat' dir='ltr'>interdum</span> <span class='ocrx_word' id='word_1_308' title='bbox 885 2340 1136 2371; x_wconf 74' lang='lat' dir='ltr'>confunduntur.</span> <span class='ocrx_word' id='word_1_309' title='bbox 1203 2343 1237 2380; x_wconf 83' lang='lat'>7)</span> <span class='ocrx_word' id='word_1_310' title='bbox 1262 2342 1351 2371; x_wconf 79' lang='lat' dir='ltr'>semel</span> <span class='ocrx_word' id='word_1_311' title='bbox 1374 2352 1456 2372; x_wconf 87' lang='lat' dir='ltr'>omn.</span> <span class='ocrx_word' id='word_1_312' title='bbox 1483 2342 1550 2372; x_wconf 81' lang='lat' dir='ltr'>fere</span> <span class='ocrx_word' id='word_1_313' title='bbox 1585 2346 1668 2372; x_wconf 87' lang='lat' dir='ltr'>uett.</span> <span class='ocrx_word' id='word_1_314' title='bbox 1707 2347 1737 2371; x_wconf 88' lang='lat' dir='ltr'>et</span> <span class='ocrx_word' id='word_1_315' title='bbox 1773 2351 1856 2374; x_wconf 83' lang='lat' dir='ltr'>rece.</span> 
     </span>
     <span class='ocr_line' id='line_1_32' title="bbox 2 2396 1859 2440; baseline 0 -12"><span class='ocrx_word' id='word_1_316' title='bbox 2 2401 5 2428; x_wconf 71' lang='grc' dir='ltr'>ἓ</span> <span class='ocrx_word' id='word_1_317' title='bbox 37 2396 123 2426; x_wconf 84' lang='lat' dir='ltr'>codd.</span> <span class='ocrx_word' id='word_1_318' title='bbox 148 2397 224 2427; x_wconf 86' lang='lat' dir='ltr'>Hor.</span> <span class='ocrx_word' id='word_1_319' title='bbox 251 2402 282 2427; x_wconf 87' lang='lat' dir='ltr'>et</span> <span class='ocrx_word' id='word_1_320' title='bbox 307 2399 344 2440; x_wconf 53' lang='lat' dir='ltr'>Tb</span> <span class='ocrx_word' id='word_1_321' title='bbox 371 2398 481 2429; x_wconf 85' lang='lat' dir='ltr'>Ambr.</span> <span class='ocrx_word' id='word_1_322' title='bbox 506 2399 622 2428; x_wconf 85' lang='lat' dir='ltr'>Bernn.</span> <span class='ocrx_word' id='word_1_323' title='bbox 638 2398 740 2435; x_wconf 84' lang='lat' dir='ltr'>ACD,</span> <span class='ocrx_word' id='word_1_324' title='bbox 767 2408 850 2428; x_wconf 88' lang='grc'><strong>011111.</strong></span> <span class='ocrx_word' id='word_1_325' title='bbox 878 2397 1010 2433; x_wconf 47' lang='lat' dir='ltr'>Pansa,</span> <span class='ocrx_word' id='word_1_326' title='bbox 1037 2407 1086 2426; x_wconf 70' lang='lat' dir='ltr'>va.</span> <span class='ocrx_word' id='word_1_327' title='bbox 1114 2398 1183 2427; x_wconf 83' lang='lat' dir='ltr'>rell.</span> <span class='ocrx_word' id='word_1_328' title='bbox 1212 2399 1283 2427; x_wconf 77' lang='lat' dir='ltr'>edd.</span> <span class='ocrx_word' id='word_1_329' title='bbox 1310 2409 1370 2428; x_wconf 89' lang='lat' dir='ltr'>om.</span> <span class='ocrx_word' id='word_1_330' title='bbox 1397 2399 1428 2428; x_wconf 93' lang='lat' dir='ltr'>h.</span> <span class='ocrx_word' id='word_1_331' title='bbox 1456 2409 1484 2428; x_wconf 88' lang='lat' dir='ltr'>u.</span> <span class='ocrx_word' id='word_1_332' title='bbox 1510 2399 1625 2428; x_wconf 83' lang='lat' dir='ltr'>Altera</span> <span class='ocrx_word' id='word_1_333' title='bbox 1649 2399 1745 2428; x_wconf 83' lang='lat' dir='ltr'>lectio</span> <span class='ocrx_word' id='word_1_334' title='bbox 1770 2398 1859 2428; x_wconf 79' lang='lat' dir='ltr'>simul</span> 
     </span>
     <span class='ocr_line' id='line_1_33' title="bbox 4 2451 1858 2496; baseline 0.001 -14"><span class='ocrx_word' id='word_1_335' title='bbox 4 2490 5 2496; x_wconf 13' lang='grc' dir='ltr'>ἵ</span> <span class='ocrx_word' id='word_1_336' title='bbox 38 2451 113 2492; x_wconf 86' lang='lat' dir='ltr'>(Fea</span> <span class='ocrx_word' id='word_1_337' title='bbox 138 2454 212 2492; x_wconf 85' lang='lat' dir='ltr'>etc.)</span> <span class='ocrx_word' id='word_1_338' title='bbox 241 2455 343 2484; x_wconf 82' lang='lat' dir='ltr'>inlata</span> <span class='ocrx_word' id='word_1_339' title='bbox 368 2465 408 2484; x_wconf 81' lang='lat' dir='ltr'>ex</span> <span class='ocrx_word' id='word_1_340' title='bbox 433 2456 550 2494; x_wconf 86' lang='lat' dir='ltr'>Porph.</span> <span class='ocrx_word' id='word_1_341' title='bbox 577 2456 714 2484; x_wconf 82' lang='lat' dir='ltr'>uidetur.</span> <span class='ocrx_word' id='word_1_342' title='bbox 754 2454 822 2483; x_wconf 84' lang='lat' dir='ltr'>Cic.</span> <span class='ocrx_word' id='word_1_343' title='bbox 848 2455 878 2483; x_wconf 88' lang='lat' dir='ltr'>in</span> <span class='ocrx_word' id='word_1_344' title='bbox 905 2455 983 2483; x_wconf 77' lang='lat' dir='ltr'>locis</span> <span class='ocrx_word' id='word_1_345' title='bbox 1009 2463 1027 2482; x_wconf 85' lang='lat' dir='ltr'>a</span> <span class='ocrx_word' id='word_1_346' title='bbox 1052 2454 1116 2484; x_wconf 84' lang='lat' dir='ltr'>Fea</span> <span class='ocrx_word' id='word_1_347' title='bbox 1141 2455 1260 2484; x_wconf 81' lang='lat' dir='ltr'>adlatis</span> <span class='ocrx_word' id='word_1_348' title='bbox 1286 2454 1342 2493; x_wconf 84' lang='lat' dir='ltr'>(ad</span> <span class='ocrx_word' id='word_1_349' title='bbox 1367 2455 1456 2484; x_wconf 86' lang='lat' dir='ltr'>Fam.</span> <span class='ocrx_word' id='word_1_350' title='bbox 1482 2455 1536 2493; x_wconf 86' lang='lat' dir='ltr'>VI,</span> <span class='ocrx_word' id='word_1_351' title='bbox 1567 2456 1614 2484; x_wconf 83' lang='lat'>18.</span> <span class='ocrx_word' id='word_1_352' title='bbox 1641 2454 1711 2484; x_wconf 89' lang='lat' dir='ltr'>Fin.</span> <span class='ocrx_word' id='word_1_353' title='bbox 1737 2455 1777 2492; x_wconf 85' lang='lat' dir='ltr'>II,</span> <span class='ocrx_word' id='word_1_354' title='bbox 1808 2456 1858 2484; x_wconf 86' lang='grc'>11.</span> 
     </span>
     <span class='ocr_line' id='line_1_34' title="bbox 4 2500 1858 2554; baseline 0.002 -17"><span class='ocrx_word' id='word_1_355' title='bbox 4 2500 6 2554; x_wconf 30' lang='grc' dir='ltr'>ἶ</span> <span class='ocrx_word' id='word_1_356' title='bbox 38 2507 131 2538; x_wconf 86' lang='lat' dir='ltr'>Acad.</span> <span class='ocrx_word' id='word_1_357' title='bbox 157 2510 210 2548; x_wconf 86' lang='lat' dir='ltr'>IV,</span> <span class='ocrx_word' id='word_1_358' title='bbox 239 2513 276 2540; x_wconf 89' lang='lat'>16</span> <span class='ocrx_word' id='word_1_359' title='bbox 296 2515 327 2541; x_wconf 83' lang='lat' dir='ltr'>et</span> <span class='ocrx_word' id='word_1_360' title='bbox 344 2512 429 2542; x_wconf 87' lang='lat' dir='ltr'>Plin.</span> <span class='ocrx_word' id='word_1_361' title='bbox 457 2512 511 2550; x_wconf 86' lang='lat' dir='ltr'>XI,</span> <span class='ocrx_word' id='word_1_362' title='bbox 538 2512 596 2552; x_wconf 84' lang='lat'>49)</span> <span class='ocrx_word' id='word_1_363' title='bbox 625 2521 687 2541; x_wconf 88' lang='grc'><strong>11011</strong></span> <span class='ocrx_word' id='word_1_364' title='bbox 712 2512 831 2541; x_wconf 84' lang='lat' dir='ltr'>habent</span> <span class='ocrx_word' id='word_1_365' title='bbox 856 2516 887 2540; x_wconf 74' lang='lat' dir='ltr'>ut</span> <span class='ocrx_word' id='word_1_366' title='bbox 909 2511 1008 2547; x_wconf 76' lang='lat' dir='ltr'>simul,</span> <span class='ocrx_word' id='word_1_367' title='bbox 1036 2511 1090 2539; x_wconf 80' lang='lat' dir='ltr'>sed</span> <span class='ocrx_word' id='word_1_368' title='bbox 1115 2511 1204 2540; x_wconf 69' lang='lat' dir='ltr'>simul</span> <span class='ocrx_word' id='word_1_369' title='bbox 1224 2516 1264 2548; x_wconf 77' lang='lat' dir='ltr'>ut,</span> <span class='ocrx_word' id='word_1_370' title='bbox 1292 2516 1323 2541; x_wconf 87' lang='lat' dir='ltr'>et</span> <span class='ocrx_word' id='word_1_371' title='bbox 1349 2512 1477 2541; x_wconf 84' lang='lat' dir='ltr'>Horatii</span> <span class='ocrx_word' id='word_1_372' title='bbox 1503 2512 1678 2541; x_wconf 81' lang='lat' dir='ltr'>auctoritas</span> <span class='ocrx_word' id='word_1_373' title='bbox 1705 2511 1741 2540; x_wconf 81' lang='lat' dir='ltr'>C.</span> <span class='ocrx_word' id='word_1_374' title='bbox 1767 2511 1808 2548; x_wconf 87' lang='lat' dir='ltr'>II,</span> <span class='ocrx_word' id='word_1_375' title='bbox 1828 2512 1858 2548; x_wconf 85' lang='lat'>8,</span> 
     </span>
     <span class='ocr_line' id='line_1_35' title="bbox 40 2564 1859 2608; baseline 0.001 -14"><span class='ocrx_word' id='word_1_376' title='bbox 40 2566 67 2595; x_wconf 84' lang='lat'>5.</span> <span class='ocrx_word' id='word_1_377' title='bbox 90 2564 145 2604; x_wconf 85' lang='lat' dir='ltr'>IV,</span> <span class='ocrx_word' id='word_1_378' title='bbox 173 2569 200 2605; x_wconf 84' lang='lat'>7,</span> <span class='ocrx_word' id='word_1_379' title='bbox 230 2570 279 2598; x_wconf 89' lang='grc'>10.</span> <span class='ocrx_word' id='word_1_380' title='bbox 317 2568 349 2598; x_wconf 88' lang='lat' dir='ltr'>S.</span> <span class='ocrx_word' id='word_1_381' title='bbox 375 2569 400 2606; x_wconf 90' lang='lat' dir='ltr'>I,</span> <span class='ocrx_word' id='word_1_382' title='bbox 431 2571 459 2606; x_wconf 82' lang='lat'>1,</span> <span class='ocrx_word' id='word_1_383' title='bbox 485 2571 534 2601; x_wconf 76' lang='lat'>36,</span> <span class='ocrx_word' id='word_1_384' title='bbox 573 2569 613 2606; x_wconf 91' lang='lat' dir='ltr'>II,</span> <span class='ocrx_word' id='word_1_385' title='bbox 641 2570 672 2605; x_wconf 81' lang='lat'>8,</span> <span class='ocrx_word' id='word_1_386' title='bbox 699 2570 739 2597; x_wconf 76' lang='lat'>24</span> <span class='ocrx_word' id='word_1_387' title='bbox 768 2572 798 2598; x_wconf 86' lang='lat' dir='ltr'>et</span> <span class='ocrx_word' id='word_1_388' title='bbox 825 2569 862 2597; x_wconf 82' lang='lat' dir='ltr'>E.</span> <span class='ocrx_word' id='word_1_389' title='bbox 889 2568 912 2603; x_wconf 88' lang='lat' dir='ltr'>I,</span> <span class='ocrx_word' id='word_1_390' title='bbox 940 2569 969 2604; x_wconf 85' lang='lat'>7,</span> <span class='ocrx_word' id='word_1_391' title='bbox 996 2568 1035 2596; x_wconf 82' lang='lat'>90</span> <span class='ocrx_word' id='word_1_392' title='bbox 1066 2567 1124 2596; x_wconf 80' lang='lat' dir='ltr'>hoe</span> <span class='ocrx_word' id='word_1_393' title='bbox 1150 2568 1216 2597; x_wconf 82' lang='lat' dir='ltr'>loc-0</span> <span class='ocrx_word' id='word_1_394' title='bbox 1243 2568 1363 2597; x_wconf 81' lang='lat' dir='ltr'>nullius</span> <span class='ocrx_word' id='word_1_395' title='bbox 1390 2573 1440 2597; x_wconf 87' lang='lat' dir='ltr'>est</span> <span class='ocrx_word' id='word_1_396' title='bbox 1465 2569 1627 2597; x_wconf 86' lang='lat' dir='ltr'>momenti.</span> <span class='ocrx_word' id='word_1_397' title='bbox 1694 2568 1728 2605; x_wconf 85' lang='lat'>8)</span> <span class='ocrx_word' id='word_1_398' title='bbox 1755 2567 1809 2605; x_wconf 90' lang='lat' dir='ltr'>qui</span> <span class='ocrx_word' id='word_1_399' title='bbox 1833 2576 1859 2608; x_wconf 75' lang='grc' dir='ltr'>γ.</span> 
     </span>
     <span class='ocr_line' id='line_1_36' title="bbox 40 2623 1861 2668; baseline 0.001 -17"><span class='ocrx_word' id='word_1_400' title='bbox 40 2623 104 2652; x_wconf 86' lang='lat' dir='ltr'>rell.</span> <span class='ocrx_word' id='word_1_401' title='bbox 128 2633 219 2662; x_wconf 73' lang='lat' dir='ltr'>quae.</span> <span class='ocrx_word' id='word_1_402' title='bbox 269 2624 303 2665; x_wconf 81' lang='lat'>9)</span> <span class='ocrx_word' id='word_1_403' title='bbox 327 2627 365 2655; x_wconf 80' lang='lat' dir='ltr'>Id</span> <span class='ocrx_word' id='word_1_404' title='bbox 390 2631 439 2656; x_wconf 87' lang='lat' dir='ltr'>est</span> <span class='ocrx_word' id='word_1_405' title='bbox 462 2636 489 2668; x_wconf 70' lang='grc' dir='ltr'>γ.</span> <span class='ocrx_word' id='word_1_406' title='bbox 517 2627 586 2655; x_wconf 83' lang='lat' dir='ltr'>rell.</span> <span class='ocrx_word' id='word_1_407' title='bbox 612 2636 672 2656; x_wconf 85' lang='grc'><strong>0111.</strong></span> <span class='ocrx_word' id='word_1_408' title='bbox 700 2627 760 2655; x_wconf 88' lang='lat' dir='ltr'>luc.</span> <span class='ocrx_word' id='word_1_409' title='bbox 788 2635 874 2655; x_wconf 88' lang='lat' dir='ltr'>num.</span> <span class='ocrx_word' id='word_1_410' title='bbox 902 2625 1023 2654; x_wconf 81' lang='lat' dir='ltr'>mvafh.</span> <span class='ocrx_word' id='word_1_411' title='bbox 1076 2624 1130 2662; x_wconf 82' lang='lat'>10)</span> <span class='ocrx_word' id='word_1_412' title='bbox 1158 2624 1193 2653; x_wconf 83' lang='lat' dir='ltr'>fit</span> <span class='ocrx_word' id='word_1_413' title='bbox 1210 2633 1236 2665; x_wconf 75' lang='grc' dir='ltr'>γ.</span> <span class='ocrx_word' id='word_1_414' title='bbox 1255 2625 1322 2654; x_wconf 88' lang='lat' dir='ltr'>rell.</span> <span class='ocrx_word' id='word_1_415' title='bbox 1343 2625 1396 2653; x_wconf 85' lang='lat' dir='ltr'>sit.</span> <span class='ocrx_word' id='word_1_416' title='bbox 1450 2623 1504 2662; x_wconf 90' lang='lat'>12)</span> <span class='ocrx_word' id='word_1_417' title='bbox 1531 2623 1583 2652; x_wconf 78' lang='lat' dir='ltr'>Sic</span> <span class='ocrx_word' id='word_1_418' title='bbox 1610 2623 1706 2652; x_wconf 83' lang='lat' dir='ltr'>ebriis</span> <span class='ocrx_word' id='word_1_419' title='bbox 1731 2624 1861 2652; x_wconf 86' lang='lat' dir='ltr'>uidetur</span> 
     </span>
     <span class='ocr_line' id='line_1_37' title="bbox 40 2680 1860 2724; baseline 0.001 -16"><span class='ocrx_word' id='word_1_420' title='bbox 40 2688 65 2720; x_wconf 72' lang='grc' dir='ltr'>γ.</span> <span class='ocrx_word' id='word_1_421' title='bbox 88 2680 155 2709; x_wconf 84' lang='lat' dir='ltr'>rell.</span> <span class='ocrx_word' id='word_1_422' title='bbox 181 2691 242 2713; x_wconf 87' lang='lat' dir='ltr'>om.</span> <span class='ocrx_word' id='word_1_423' title='bbox 293 2683 347 2720; x_wconf 84' lang='grc'>13)</span> <span class='ocrx_word' id='word_1_424' title='bbox 376 2692 499 2721; x_wconf 85' lang='lat' dir='ltr'>quoque</span> <span class='ocrx_word' id='word_1_425' title='bbox 524 2693 550 2724; x_wconf 78' lang='grc' dir='ltr'>γ.</span> <span class='ocrx_word' id='word_1_426' title='bbox 577 2683 646 2712; x_wconf 87' lang='lat' dir='ltr'>rell.</span> <span class='ocrx_word' id='word_1_427' title='bbox 674 2692 734 2712; x_wconf 87' lang='lat' dir='ltr'>om.</span> <span class='ocrx_word' id='word_1_428' title='bbox 787 2682 841 2720; x_wconf 84' lang='lat'>14)</span> <span class='ocrx_word' id='word_1_429' title='bbox 870 2692 940 2711; x_wconf 84' lang='lat' dir='ltr'>cum</span> <span class='ocrx_word' id='word_1_430' title='bbox 964 2698 1008 2702; x_wconf 90' lang='lat'>-—</span> <span class='ocrx_word' id='word_1_431' title='bbox 1034 2690 1164 2718; x_wconf 79' lang='lat' dir='ltr'>carpere</span> <span class='ocrx_word' id='word_1_432' title='bbox 1190 2690 1250 2711; x_wconf 86' lang='lat' dir='ltr'>om.</span> <span class='ocrx_word' id='word_1_433' title='bbox 1275 2690 1302 2722; x_wconf 72' lang='grc' dir='ltr'><strong>γ.</strong></span> <span class='ocrx_word' id='word_1_434' title='bbox 1356 2681 1411 2719; x_wconf 83' lang='grc'>15)</span> <span class='ocrx_word' id='word_1_435' title='bbox 1438 2684 1524 2710; x_wconf 76' lang='lat' dir='ltr'>amat</span> <span class='ocrx_word' id='word_1_436' title='bbox 1551 2689 1599 2717; x_wconf 87' lang='lat' dir='ltr'>eq.</span> <span class='ocrx_word' id='word_1_437' title='bbox 1626 2680 1709 2708; x_wconf 86' lang='lat' dir='ltr'>dom.</span> <span class='ocrx_word' id='word_1_438' title='bbox 1735 2687 1762 2720; x_wconf 80' lang='grc' dir='ltr'>γ.</span> <span class='ocrx_word' id='word_1_439' title='bbox 1790 2680 1860 2709; x_wconf 86' lang='lat' dir='ltr'>rell.</span> 
     </span>
     <span class='ocr_line' id='line_1_38' title="bbox 7 2734 1861 2790; baseline 0.001 -26"><span class='ocrx_word' id='word_1_440' title='bbox 7 2777 9 2790; x_wconf 36' lang='grc'>1</span> <span class='ocrx_word' id='word_1_441' title='bbox 41 2743 97 2766; x_wconf 89' lang='lat' dir='ltr'>om.</span> <span class='ocrx_word' id='word_1_442' title='bbox 146 2738 200 2776; x_wconf 88' lang='grc'>19)</span> <span class='ocrx_word' id='word_1_443' title='bbox 226 2748 274 2768; x_wconf 89' lang='grc'><strong>1116</strong></span> <span class='ocrx_word' id='word_1_444' title='bbox 289 2756 329 2759; x_wconf 49' lang='lat' dir='ltr'>&gt;w</span> <span class='ocrx_word' id='word_1_445' title='bbox 344 2749 422 2768; x_wconf 83' lang='lat' dir='ltr'>auus</span> <span class='ocrx_word' id='word_1_446' title='bbox 446 2749 472 2781; x_wconf 72' lang='grc' dir='ltr'>γ.</span> <span class='ocrx_word' id='word_1_447' title='bbox 499 2740 568 2769; x_wconf 85' lang='lat' dir='ltr'>rell.</span> <span class='ocrx_word' id='word_1_448' title='bbox 596 2749 655 2769; x_wconf 87' lang='grc'><strong>0111.</strong></span> <span class='ocrx_word' id='word_1_449' title='bbox 721 2736 778 2777; x_wconf 86' lang='lat'>21)</span> <span class='ocrx_word' id='word_1_450' title='bbox 808 2738 951 2768; x_wconf 61' lang='lat' dir='ltr'>Lucili-</span> <span class='ocrx_word' id='word_1_451' title='bbox 972 2747 1058 2767; x_wconf 88' lang='lat' dir='ltr'>more</span> <span class='ocrx_word' id='word_1_452' title='bbox 1082 2746 1108 2778; x_wconf 67' lang='grc' dir='ltr'>γ.</span> <span class='ocrx_word' id='word_1_453' title='bbox 1135 2746 1194 2766; x_wconf 91' lang='lat' dir='ltr'>mo.</span> <span class='ocrx_word' id='word_1_454' title='bbox 1222 2736 1368 2776; x_wconf 78' lang='lat' dir='ltr'>Satyrico</span> <span class='ocrx_word' id='word_1_455' title='bbox 1395 2735 1431 2767; x_wconf 80' lang='lat' dir='ltr'>C.</span> <span class='ocrx_word' id='word_1_456' title='bbox 1458 2736 1525 2765; x_wconf 87' lang='lat' dir='ltr'>rell.</span> <span class='ocrx_word' id='word_1_457' title='bbox 1553 2746 1612 2765; x_wconf 89' lang='lat' dir='ltr'>om.</span> <span class='ocrx_word' id='word_1_458' title='bbox 1663 2735 1719 2774; x_wconf 88' lang='lat'>22)</span> <span class='ocrx_word' id='word_1_459' title='bbox 1745 2734 1861 2765; x_wconf 83' lang='lat' dir='ltr'>Anacr.</span> 
     </span>
     <span class='ocr_line' id='line_1_39' title="bbox 42 2791 1861 2833; baseline -0.001 -11"><span class='ocrx_word' id='word_1_460' title='bbox 42 2800 151 2830; x_wconf 72' lang='lat' dir='ltr'>graeco</span> <span class='ocrx_word' id='word_1_461' title='bbox 182 2803 264 2824; x_wconf 82' lang='lat' dir='ltr'>omn.</span> <span class='ocrx_word' id='word_1_462' title='bbox 301 2795 388 2825; x_wconf 86' lang='lat' dir='ltr'>libri.</span> <span class='ocrx_word' id='word_1_463' title='bbox 426 2797 545 2825; x_wconf 81' lang='lat' dir='ltr'>rectius</span> <span class='ocrx_word' id='word_1_464' title='bbox 583 2795 628 2824; x_wconf 76' lang='lat' dir='ltr'>C:</span> <span class='ocrx_word' id='word_1_465' title='bbox 664 2795 780 2824; x_wconf 85' lang='lat' dir='ltr'>Anacr.</span> <span class='ocrx_word' id='word_1_466' title='bbox 818 2799 858 2825; x_wconf 85' lang='lat' dir='ltr'>tr.</span> <span class='ocrx_word' id='word_1_467' title='bbox 900 2798 930 2823; x_wconf 87' lang='lat' dir='ltr'>et</span> <span class='ocrx_word' id='word_1_468' title='bbox 967 2795 1087 2824; x_wconf 86' lang='lat' dir='ltr'>Alcaeo</span> <span class='ocrx_word' id='word_1_469' title='bbox 1120 2793 1240 2833; x_wconf 68' lang='lat' dir='ltr'>yraecz‘s</span> <span class='ocrx_word' id='word_1_470' title='bbox 1276 2794 1399 2833; x_wconf 80' lang='lat' dir='ltr'>lyricis.</span> <span class='ocrx_word' id='word_1_471' title='bbox 1466 2793 1521 2831; x_wconf 82' lang='lat'>23)</span> <span class='ocrx_word' id='word_1_472' title='bbox 1547 2791 1775 2829; x_wconf 77' lang='lat' dir='ltr'>Aristophanes</span> <span class='ocrx_word' id='word_1_473' title='bbox 1811 2801 1861 2821; x_wconf 88' lang='lat' dir='ltr'>va.</span> 
     </span>
     <span class='ocr_line' id='line_1_40' title="bbox 43 2846 1861 2893; baseline 0 -17"><span class='ocrx_word' id='word_1_474' title='bbox 43 2846 235 2880; x_wconf 69' lang='lat' dir='ltr'>Aristoxenes</span> <span class='ocrx_word' id='word_1_475' title='bbox 266 2861 348 2883; x_wconf 85' lang='lat' dir='ltr'>omn.</span> <span class='ocrx_word' id='word_1_476' title='bbox 387 2851 453 2881; x_wconf 80' lang='lat' dir='ltr'>fere</span> <span class='ocrx_word' id='word_1_477' title='bbox 490 2852 574 2889; x_wconf 81' lang='lat' dir='ltr'>libri,</span> <span class='ocrx_word' id='word_1_478' title='bbox 613 2850 806 2891; x_wconf 66' lang='lat' dir='ltr'>nifh(G?)Q.</span> <span class='ocrx_word' id='word_1_479' title='bbox 840 2856 968 2890; x_wconf 80' lang='lat' dir='ltr'>praeter</span> <span class='ocrx_word' id='word_1_480' title='bbox 990 2861 1007 2893; x_wconf 79' lang='grc' dir='ltr'>γ</span> <span class='ocrx_word' id='word_1_481' title='bbox 1041 2855 1071 2880; x_wconf 85' lang='grc'>61</span> <span class='ocrx_word' id='word_1_482' title='bbox 1098 2850 1133 2888; x_wconf 74' lang='lat' dir='ltr'>C,</span> <span class='ocrx_word' id='word_1_483' title='bbox 1172 2851 1227 2889; x_wconf 84' lang='lat' dir='ltr'>qui</span> <span class='ocrx_word' id='word_1_484' title='bbox 1265 2854 1350 2880; x_wconf 84' lang='lat' dir='ltr'>recte</span> <span class='ocrx_word' id='word_1_485' title='bbox 1387 2850 1506 2878; x_wconf 80' lang='lat' dir='ltr'>habent</span> <span class='ocrx_word' id='word_1_486' title='bbox 1541 2849 1751 2877; x_wconf 65' lang='lat' dir='ltr'>Aristoxenus</span> <span class='ocrx_word' id='word_1_487' title='bbox 1786 2849 1807 2877; x_wconf 85' lang='lat' dir='ltr'>i.</span> <span class='ocrx_word' id='word_1_488' title='bbox 1834 2857 1861 2877; x_wconf 88' lang='lat' dir='ltr'>e.</span> 
     </span>
     <span class='ocr_line' id='line_1_41' title="bbox 45 2904 1864 2946; baseline 0.001 -14"><span class='ocrx_word' id='word_1_489' title='bbox 45 2904 144 2934; x_wconf 81' lang='lat' dir='ltr'>clarus</span> <span class='ocrx_word' id='word_1_490' title='bbox 182 2907 236 2937; x_wconf 87' lang='lat' dir='ltr'>ille</span> <span class='ocrx_word' id='word_1_491' title='bbox 260 2907 445 2937; x_wconf 84' lang='lat' dir='ltr'>Aristotelis</span> <span class='ocrx_word' id='word_1_492' title='bbox 483 2909 671 2946; x_wconf 83' lang='lat' dir='ltr'>discipulus,</span> <span class='ocrx_word' id='word_1_493' title='bbox 711 2917 803 2946; x_wconf 87' lang='lat' dir='ltr'>quem</span> <span class='ocrx_word' id='word_1_494' title='bbox 830 2918 871 2938; x_wconf 85' lang='lat' dir='ltr'>ex</span> <span class='ocrx_word' id='word_1_495' title='bbox 898 2907 966 2937; x_wconf 85' lang='lat' dir='ltr'>Cic.</span> <span class='ocrx_word' id='word_1_496' title='bbox 994 2907 1084 2938; x_wconf 80' lang='lat' dir='ltr'>Orat.</span> <span class='ocrx_word' id='word_1_497' title='bbox 1110 2907 1168 2944; x_wconf 91' lang='lat' dir='ltr'>III,</span> <span class='ocrx_word' id='word_1_498' title='bbox 1195 2908 1246 2937; x_wconf 83' lang='lat'>33.</span> <span class='ocrx_word' id='word_1_499' title='bbox 1274 2907 1310 2937; x_wconf 93' lang='lat' dir='ltr'>T.</span> <span class='ocrx_word' id='word_1_500' title='bbox 1338 2907 1363 2943; x_wconf 72' lang='grc' dir='ltr'>Ι,</span> <span class='ocrx_word' id='word_1_501' title='bbox 1392 2907 1430 2935; x_wconf 85' lang='grc'>10</span> <span class='ocrx_word' id='word_1_502' title='bbox 1457 2909 1489 2935; x_wconf 87' lang='grc'>61</span> <span class='ocrx_word' id='word_1_503' title='bbox 1513 2905 1547 2934; x_wconf 90' lang='lat' dir='ltr'>F.</span> <span class='ocrx_word' id='word_1_504' title='bbox 1574 2904 1611 2941; x_wconf 82' lang='lat' dir='ltr'>V,</span> <span class='ocrx_word' id='word_1_505' title='bbox 1642 2906 1679 2934; x_wconf 89' lang='lat'>10</span> <span class='ocrx_word' id='word_1_506' title='bbox 1704 2905 1864 2941; x_wconf 83' lang='lat' dir='ltr'>nouimus,</span> 
     </span>
     <span class='ocr_line' id='line_1_42' title="bbox 45 2960 1864 3003; baseline 0.001 -13"><span class='ocrx_word' id='word_1_507' title='bbox 45 2963 74 2990; x_wconf 76' lang='lat' dir='ltr'>et</span> <span class='ocrx_word' id='word_1_508' title='bbox 97 2963 149 3000; x_wconf 89' lang='lat' dir='ltr'>qui</span> <span class='ocrx_word' id='word_1_509' title='bbox 173 2964 271 2993; x_wconf 86' lang='lat' dir='ltr'>uitam</span> <span class='ocrx_word' id='word_1_510' title='bbox 297 2965 501 3003; x_wconf 78' lang='lat' dir='ltr'>Pythagorae</span> <span class='ocrx_word' id='word_1_511' title='bbox 528 2964 626 3003; x_wconf 78' lang='lat' dir='ltr'>(Gen.</span> <span class='ocrx_word' id='word_1_512' title='bbox 654 2965 707 3001; x_wconf 92' lang='lat' dir='ltr'>IV,</span> <span class='ocrx_word' id='word_1_513' title='bbox 738 2965 793 3003; x_wconf 90' lang='lat' dir='ltr'>ll)</span> <span class='ocrx_word' id='word_1_514' title='bbox 821 2968 852 2994; x_wconf 89' lang='lat' dir='ltr'>et</span> <span class='ocrx_word' id='word_1_515' title='bbox 877 2964 1042 3003; x_wconf 83' lang='lat' dir='ltr'>Archytae</span> <span class='ocrx_word' id='word_1_516' title='bbox 1069 2964 1183 3002; x_wconf 82' lang='lat' dir='ltr'>(Diog.</span> <span class='ocrx_word' id='word_1_517' title='bbox 1210 2963 1246 2992; x_wconf 93' lang='lat' dir='ltr'>L.</span> <span class='ocrx_word' id='word_1_518' title='bbox 1265 2962 1351 2999; x_wconf 81' lang='lat' dir='ltr'>VIII,</span> <span class='ocrx_word' id='word_1_519' title='bbox 1373 2962 1429 3001; x_wconf 78' lang='lat'>79)</span> <span class='ocrx_word' id='word_1_520' title='bbox 1458 2961 1626 2999; x_wconf 82' lang='lat' dir='ltr'>scripsisse</span> <span class='ocrx_word' id='word_1_521' title='bbox 1652 2960 1763 2990; x_wconf 87' lang='lat' dir='ltr'>fertur.</span> <span class='ocrx_word' id='word_1_522' title='bbox 1798 2960 1864 2991; x_wconf 87' lang='lat' dir='ltr'>No-</span> 
     </span>
     <span class='ocr_line' id='line_1_43' title="bbox 45 3018 1864 3059; baseline -0.001 -12"><span class='ocrx_word' id='word_1_523' title='bbox 45 3019 136 3049; x_wconf 86' lang='lat' dir='ltr'>minis</span> <span class='ocrx_word' id='word_1_524' title='bbox 160 3021 273 3050; x_wconf 76' lang='lat' dir='ltr'>uitium</span> <span class='ocrx_word' id='word_1_525' title='bbox 298 3023 425 3051; x_wconf 84' lang='lat' dir='ltr'>uecordi</span> <span class='ocrx_word' id='word_1_526' title='bbox 451 3023 630 3059; x_wconf 80' lang='lat' dir='ltr'>pertinacia</span> <span class='ocrx_word' id='word_1_527' title='bbox 655 3022 693 3050; x_wconf 79' lang='lat' dir='ltr'>ab</span> <span class='ocrx_word' id='word_1_528' title='bbox 721 3022 896 3051; x_wconf 85' lang='lat' dir='ltr'>editoribus</span> <span class='ocrx_word' id='word_1_529' title='bbox 923 3025 1078 3050; x_wconf 86' lang='lat' dir='ltr'>retentum</span> <span class='ocrx_word' id='word_1_530' title='bbox 1105 3029 1147 3049; x_wconf 79' lang='lat' dir='ltr'>ex</span> <span class='ocrx_word' id='word_1_531' title='bbox 1172 3020 1392 3058; x_wconf 76' lang='lat' dir='ltr'>Porphyrione</span> <span class='ocrx_word' id='word_1_532' title='bbox 1417 3018 1593 3056; x_wconf 74' lang='lat' dir='ltr'>profectum</span> <span class='ocrx_word' id='word_1_533' title='bbox 1620 3018 1698 3046; x_wconf 86' lang='lat' dir='ltr'>mihi</span> <span class='ocrx_word' id='word_1_534' title='bbox 1723 3018 1864 3054; x_wconf 83' lang='lat' dir='ltr'>uidetur,</span> 
     </span>
    </p>
   </div>
   <div class='ocr_carea' id='block_1_13' title="bbox 47 3071 1865 3164">
    <p class='ocr_par' dir='ltr' id='par_1_15' title="bbox 47 3071 1865 3164">
     <span class='ocr_line' id='line_1_44' title="bbox 47 3071 1865 3115; baseline 0 -12"><span class='ocrx_word' id='word_1_535' title='bbox 47 3075 130 3104; x_wconf 87' lang='lat' dir='ltr'>cuius</span> <span class='ocrx_word' id='word_1_536' title='bbox 155 3076 227 3106; x_wconf 86' lang='lat' dir='ltr'>libri</span> <span class='ocrx_word' id='word_1_537' title='bbox 251 3077 387 3107; x_wconf 81' lang='lat' dir='ltr'>habent:</span> <span class='ocrx_word' id='word_1_538' title='bbox 415 3074 624 3110; x_wconf 69' lang='lat' dir='ltr'>Aristoxenis</span> <span class='ocrx_word' id='word_1_539' title='bbox 650 3077 797 3109; x_wconf 72' lang='lat' dir='ltr'>sentencia</span> <span class='ocrx_word' id='word_1_540' title='bbox 822 3081 864 3106; x_wconf 76' lang='lat' dir='ltr'>est</span> <span class='ocrx_word' id='word_1_541' title='bbox 887 3087 943 3115; x_wconf 88' lang='lat' dir='ltr'>pro</span> <span class='ocrx_word' id='word_1_542' title='bbox 968 3087 1043 3107; x_wconf 83' lang='lat' dir='ltr'>uera</span> <span class='ocrx_word' id='word_1_543' title='bbox 1069 3078 1223 3106; x_wconf 84' lang='lat' dir='ltr'>lectione:</span> <span class='ocrx_word' id='word_1_544' title='bbox 1251 3071 1441 3106; x_wconf 63' lang='lat' dir='ltr'>Aristoxeni</span> <span class='ocrx_word' id='word_1_545' title='bbox 1465 3073 1607 3103; x_wconf 72' lang='lat' dir='ltr'>sementia</span> <span class='ocrx_word' id='word_1_546' title='bbox 1632 3078 1682 3102; x_wconf 74' lang='lat' dir='ltr'>cst.</span> <span class='ocrx_word' id='word_1_547' title='bbox 1708 3073 1785 3102; x_wconf 84' lang='lat' dir='ltr'>Inde</span> <span class='ocrx_word' id='word_1_548' title='bbox 1810 3083 1865 3103; x_wconf 88' lang='grc'><strong>110-</strong></span> 
     </span>
     <span class='ocr_line' id='line_1_45' title="bbox 47 3129 971 3164; baseline 0.005 -5"><span class='ocrx_word' id='word_1_549' title='bbox 47 3129 229 3162; x_wconf 73' lang='lat' dir='ltr'>minatiuum</span> <span class='ocrx_word' id='word_1_550' title='bbox 252 3133 460 3164; x_wconf 83' lang='lat' dir='ltr'>Aristoxenes</span> <span class='ocrx_word' id='word_1_551' title='bbox 485 3138 589 3164; x_wconf 84' lang='lat' dir='ltr'>ortum</span> <span class='ocrx_word' id='word_1_552' title='bbox 615 3134 647 3163; x_wconf 90' lang='lat' dir='ltr'>in</span> <span class='ocrx_word' id='word_1_553' title='bbox 673 3133 798 3164; x_wconf 83' lang='lat' dir='ltr'>Acrone</span> <span class='ocrx_word' id='word_1_554' title='bbox 823 3134 971 3164; x_wconf 82' lang='lat' dir='ltr'>arbitror.</span> 
     </span>
    </p>
   </div>
  </div>
 </body>
</html>
