2148 3412
184 552 201 581 ιη

191 918 228 948 10

191 1285 226 1314 15

186 1652 226 1683 20

253 117 334 157 61ss
886 122 991 155 Aen.
1017 121 1077 154 ΕΤ
1102 120 1269 153 PORPH.
1296 120 1444 153 COMM.

252 265 324 290 cus
355 262 641 304 personarum.
704 247 912 288 Inornala.
944 244 1165 295 Absoluta,
1197 251 1242 285 ut
1272 244 1384 293 liber,
1422 243 1579 299 [autem
1611 249 1653 285 ut
1685 242 1840 284 rustica
1869 249 1910 284 et
1938 242 2075 298 uilia,]

250 332 291 363 ut
328 322 406 378 [est
439 320 598 376 dicere]
638 318 814 361 Veteres
844 319 989 359 dixere
1018 318 1265 374 pestilitatem
1309 324 1510 372 usurpata
1554 316 1813 368 auctoritate,
1858 322 1928 356 aut
1971 329 2078 370 quae

252 394 409 436 Graeci
442 401 593 436 uocant
627 392 774 448 ἄκυρα.
837 401 871 434 el
903 393 1150 434 dominantia
1181 393 1350 433 nomina.
1414 390 1612 447 [Proprie
1643 389 1938 446 significantia.
1995 389 2078 430 Do-

251 469 443 509 nu'nantia
475 467 585 508 enim
617 466 787 508 nomina
819 472 925 514 sunt,
959 471 1028 506 aut
1059 479 1166 520 quae
1200 463 1355 507 Graeci
1378 464 1498 519 κύρια
1520 472 1684 514 uocant,
1717 471 1788 504 aut
1811 477 1918 518 quae
1957 475 2080 517 reges

250 542 363 595 loqui
396 541 541 591 solent,
574 540 616 581 id
647 547 721 590 est,
758 539 932 589 tumida,
979 545 1049 580 aut
1080 553 1186 593 quae
1218 538 1404 594 propriis
1434 537 1653 579 uocabulis
1683 543 1991 591 nuncupantur,
2035 543 2079 576 ut
2106 547 2112 554 ⁸

251 616 346 657 libri
376 630 509 671 capsa,
537 616 704 670 paqina.
766 613 887 654 Haec
917 619 1055 653 autem
1086 627 1170 654 non
1208 612 1313 653 adeo
1359 611 1532 667 propria
1578 617 1685 661 sunt,
1731 616 1795 651 ut:
1842 612 1974 651 uirtus
2019 623 2079 651 ‘me

248 691 368 743 freyn
398 688 568 737 Aeneae,
602 687 713 743 quod
745 695 806 728 est
840 686 940 742 [nisi
970 686 1080 742 ipse]
1116 688 1305 728 Aeneas?.
1352 684 1512 726 Sensus
1543 691 1621 726 est:
1667 683 1778 740 Ego,
1815 683 1966 738 inquit,
1996 697 2080 724 non

251 762 339 803 sola
369 761 498 803 uerba
530 777 639 810 amo,
671 760 840 815 quando
872 766 1033 802 saturas
1065 759 1214 808 scribo,
1243 773 1350 813 quae
1382 766 1476 800 sunt
1505 758 1698 799 inornata
1728 771 1777 798 ac
1807 756 2079 806 dominantia,

251 836 295 876 id
326 842 399 885 ost,
443 834 568 890 paulo
600 833 837 876 horridiora
869 840 906 874 et
938 832 1042 887 ipsis
1074 832 1225 874 saturis
1256 847 1444 887 congrua
1487 831 1589 888 [et];
1637 831 1883 873 dominantia
1928 836 2080 879 autem,

255 923 375 964 quae,
412 908 596 949 nouitate
626 906 853 948 inflationis
884 906 1116 960 adsumpta,
1163 920 1237 948 sua
1267 911 1429 946 tantum
1475 904 1720 946 auctoritate
1763 903 1963 952 nitantur,
2009 902 2082 944 sed

251 990 289 1023 et
321 997 382 1032 ea,
416 996 522 1037 quae
554 980 733 1022 habeant
766 979 950 1034 aliquem
980 986 1175 1021 ornatum
1211 986 1252 1020 et
1280 994 1365 1021 non
1402 978 1572 1020 omnino
1607 977 1701 1034 [sua
1733 977 1978 1019 auctoritate
2008 990 2081 1017 ex-

253 1063 395 1097 cusent
436 1055 583 1096 rudem
630 1068 878 1103 sermonem,
923 1059 995 1094 aut
1038 1051 1227 1109 omnino]
1275 1053 1365 1094 sine
1410 1051 1656 1093 auctoritate
1702 1050 1796 1101 sint,
1843 1056 1886 1091 ut
1932 1064 2080 1105 regum

252 1143 388 1170 sermo
420 1135 492 1169 est.

364 1210 399 1244 et
429 1202 673 1243 dominantia
709 1202 883 1242 nomina.
944 1199 1076 1249 Dicit,
1121 1199 1165 1239 in
1210 1198 1361 1240 saturis
1402 1198 1576 1253 propria
1619 1212 1704 1239 non
1744 1198 1893 1239 decere
1924 1197 2081 1239 solum-

255 1276 379 1316 modo
411 1289 567 1329 ponere
597 1288 733 1328 neque
765 1273 1039 1322 dominantia,
1078 1286 1184 1327 quae
1216 1287 1290 1313 sua
1320 1271 1605 1312 nominatione
1637 1271 1906 1312 dominantur
1936 1270 2082 1326 singu-

251 1348 302 1389 lis
323 1347 461 1397 rebus,
485 1354 627 1402 utpote
649 1346 879 1403 primitiua,
912 1346 1019 1388 sicut
1040 1348 1205 1395 Aeneas,
1238 1346 1350 1395 liber,
1389 1360 1521 1402 capsa,
1554 1344 1627 1386 sed
1668 1344 2082 1386 circumlocutionem

251 1421 464 1462 honestius
495 1421 694 1475 proferre.
754 1419 985 1461 Honestius
1016 1419 1128 1460 enim
1159 1418 1330 1460 dicitur:
1372 1420 1504 1460 Virtus
1528 1420 1678 1460 Aeneae
1709 1433 1768 1459 me
1789 1419 1924 1474 freyit,
1957 1432 2082 1472 quam

254 1495 391 1549 ipsum
422 1494 642 1549 proprium
672 1507 824 1535 nomen
871 1500 910 1533 et
954 1492 1177 1534 dominans
1223 1491 1492 1541 substantiae,
1537 1498 1603 1533 ut:
1649 1491 1804 1533 Aeneas
1848 1507 1908 1533 me
1950 1492 2081 1547 fregit.

250 1567 430 1622 Proprie
462 1566 756 1622 significa-ntia.
823 1568 1079 1607 Dominantia
1111 1565 1221 1606 enim
1253 1565 1425 1606 nomina
1456 1572 1563 1615 sunt,
1605 1579 1712 1619 quae
1742 1564 1927 1620 propriis
1957 1579 2082 1606 uoca-

253 1640 361 1682 bulis
392 1649 701 1695 nuncupantur,
733 1647 796 1682 ut:
832 1638 1080 1696 [lubricosa]
1114 1639 1217 1687 libri,
1252 1653 1386 1695 capsa,
1413 1640 1579 1694 paqina.
1647 1637 1771 1680 Haec
1816 1645 1955 1680 autem
1998 1653 2083 1680 non

252 1714 357 1756 adeo
389 1714 563 1769 propria
595 1722 702 1764 sunt,
732 1720 798 1754 ut:
839 1714 971 1755 Virtus
1002 1728 1062 1754 me
1091 1713 1213 1766 freqic
1234 1713 1397 1759 Aeneae,
1430 1711 1542 1766 quod
1564 1719 1643 1753 est:
1677 1713 1844 1761 Aeneas,
1876 1718 1947 1753 aut
1975 1726 2084 1767 quae

254 1786 411 1829 Graeci
443 1787 563 1841 κύρια
594 1794 760 1837 uocant,
792 1794 862 1827 aut
893 1800 999 1841 quae
1031 1799 1153 1840 reges
1183 1785 1299 1840 loqui
1330 1785 1476 1836 solent,
1509 1785 1552 1826 id
1584 1792 1658 1836 est,
1690 1785 1862 1827 tumida.

366 1861 459 1902 235.
492 1862 671 1902 Pisones.
732 1858 803 1900 Ad
834 1859 949 1915 ipsos
979 1859 1091 1900 enim
1123 1858 1235 1900 dicta
1266 1858 1476 1914 conponit.

365 1942 607 1976 saturarum.
668 1933 753 1976 Pro
784 1933 1201 1989 saturographorum.

372 2106 402 2144 1)
430 2106 599 2143 Absoluta,
627 2111 661 2135 ut
688 2107 768 2136 liber
792 2115 818 2148 γ,
846 2107 929 2135 conf.
957 2105 1001 2134 C:
1029 2104 1173 2134 ‘absoluta
1199 2108 1228 2133 et
1256 2104 1428 2141 simplicia,
1455 2105 1585 2141 rustica,
1612 2105 1787 2141 incondita,
1813 2109 1959 2145 usurpata
1983 2108 2080 2135 aucto-

255 2162 352 2191 ritate’
380 2168 440 2192 etc.
470 2181 502 2184 ν
537 2167 642 2193 autem
668 2162 746 2197 th.
774 2166 807 2191 ut
835 2172 880 2191 ru.
907 2165 937 2191 et
963 2162 1018 2190 uil.
1046 2166 1080 2190 ut
1109 2164 1156 2190 est
1182 2161 1287 2189 dicere
1312 2160 1450 2196 veath.
1482 2166 1516 2190 ut
1554 2162 1762 2199 pestilitatem
1798 2166 1936 2192 ueteres.
1974 2171 2081 2200 usurp.

255 2220 447 2249 auctoritate
473 2230 498 2260 γ.
524 2229 626 2258 ηις-ωηο.
654 2224 732 2248 auct.
759 2220 878 2248 habent
905 2220 999 2248 etiam
1028 2217 1130 2253 thQ.
1158 2218 1227 2247 rell.
1254 2227 1312 2246 om.
1352 2228 1406 2255 pro
1431 2221 1473 2246 est
1496 2217 1596 2247 dicere
1621 2219 1711 2256 posui
1745 2219 1861 2249 Veteres
1896 2217 2009 2248 dissere.
2046 2221 2081 2248 ut

255 2277 363 2313 pesti.
385 2299 390 2304 .
413 2277 526 2306 lacuna
547 2300 552 2305 .
573 2301 579 2308 .
597 2281 651 2305 ant
677 2285 757 2314 quae
781 2277 888 2314 graeci
913 2275 995 2314 tyria
1023 2276 1073 2314 (in
1100 2274 1199 2314 Cyria
1224 2275 1259 2313 v)
1291 2278 1402 2303 uocant
1431 2284 1454 2303 r.
1479 2278 1531 2303 aut
1556 2275 1764 2312 pestilitatem
1791 2279 1844 2305 aut
1870 2284 1950 2313 quae
1975 2275 2081 2313 graeei

255 2338 369 2362 uocant
388 2355 394 2361 .
421 2356 426 2361 .
447 2337 526 2371 spat.
555 2342 620 2361 nac.
641 2355 647 2362 .
675 2355 681 2361 .
701 2333 739 2361 N.
767 2337 799 2362 ut
826 2333 933 2370 pestil.
959 2336 1014 2360 ant
1039 2342 1067 2369 q.
1095 2341 1142 2369 gr.
1168 2331 1285 2360 οἰννῖιία
1310 2334 1427 2360 uocant
1453 2330 1538 2360 Med.
1564 2331 1682 2361 Notum
1711 2336 1771 2368 est,
1802 2331 1949 2370 pestilitas
1973 2340 2082 2361 uocem

255 2389 340 2426 apud
365 2389 547 2419 Lucretium
574 2398 747 2419 occurrere.
814 2388 848 2427 3)
876 2389 1002 2426 Proprie
1027 2388 1074 2429 γΝ
1099 2387 1196 2425 Med„
1234 2397 1279 2416 rv.
1306 2388 1375 2416 rell.
1403 2388 1541 2425 propria.
1567 2387 1690 2426 Vulgo:
1722 2388 1851 2426 Proprie
1877 2406 1918 2409 —
1942 2388 2081 2418 Aeneas.

257 2446 330 2474 uide
357 2446 438 2475 infra
465 2447 608 2475 scholion
637 2456 677 2475 ex
702 2455 727 2486 γ.
757 2463 796 2466 ——
823 2450 893 2482 post
930 2444 1131 2484 siyng'sieantia
1168 2447 1306 2481 pergunt
1336 2444 1470 2479 Navoa:
1508 2445 1718 2474 Dominantia
1754 2443 1918 2482 (sonantia
1942 2442 1971 2483 r)
1997 2444 2081 2473 enim

255 2502 330 2539 (om.
358 2502 403 2540 N)
435 2504 567 2531 nomina
594 2506 679 2538 sunt,
715 2501 743 2531 si
767 2511 871 2539 propr.
900 2502 1009 2531 uocab.
1048 2505 1272 2538 nuncupantur
1309 2501 1545 2539 (nuncupentur
1570 2501 1600 2540 r)
1636 2504 1671 2530 ut
1707 2501 1857 2531 lubricosa
1881 2500 1972 2542 (εγ
1995 2500 2080 2530 Med.

255 2558 337 2587 conf.
356 2568 372 2599 γ
390 2563 422 2588 et
439 2558 574 2596 Porph.)
590 2559 719 2596 pagina.
769 2559 803 2597 6)
830 2562 861 2587 ut
896 2557 975 2597 siry-
1002 2568 1025 2587 r.
1078 2555 1110 2597 7)
1136 2557 1212 2596 quid
1236 2561 1283 2587 est
1309 2558 1374 2586 nisi
1399 2558 1467 2595 ipse
1492 2557 1628 2592 veath.
1653 2557 1732 2596 quod
1756 2562 1801 2587 est
1827 2566 1924 2587 eneae
1947 2566 1973 2598 γ.
2000 2556 2082 2595 quod

256 2620 301 2643 est
328 2616 389 2653 ipse
413 2625 483 2645 aen.
510 2616 539 2645 N
564 2615 649 2644 Med.
678 2614 746 2652 (ὴν.
774 2624 835 2646 um.
865 2614 900 2644 C.
927 2618 976 2644 est
1003 2624 1062 2644 oni.
1089 2624 1158 2643 rea.
1224 2614 1260 2652 8)
1288 2615 1404 2644 satiras
1429 2624 1455 2656 γ.
1483 2615 1552 2643 rell.
1587 2618 1722 2652 satyras.
1751 2631 1787 2634 -η
1816 2618 1848 2643 et
1871 2615 1953 2643 dom.
1982 2613 2021 2643 N.
2046 2621 2082 2642 ae

255 2672 451 2701 dominantia
469 2682 530 2701 om.
550 2672 594 2701 fh.
646 2670 680 2711 9)
706 2675 732 2701 et
755 2681 816 2701 om.
835 2671 881 2712 *sN
899 2671 984 2700 Med.
1004 2670 1130 2707 G,rvca.
1150 2671 1192 2700 Hi
1211 2671 1286 2700 libri
1313 2671 1450 2700 habeut:
1477 2671 1558 2701 (lom.
1577 2675 1682 2700 autem.
1736 2671 1789 2709 10)
1813 2674 1968 2700 notantur
1983 2679 2010 2712 γ.
2035 2667 2081 2699 ui-

254 2732 366 2756 tantnr
390 2728 489 2761 Most..
514 2738 536 2756 r.
605 2726 660 2766 11)
686 2731 712 2756 et
736 2736 772 2756 ea
795 2737 823 2768 γ.
850 2728 918 2756 rell.
958 2728 1055 2757 etiam
1082 2737 1116 2757 ea
1143 2728 1195 2765 (ea
1220 2737 1280 2757 om.
1307 2728 1348 2766 r).
1379 2728 1514 2757 habeant
1538 2737 1563 2768 γ.
1590 2727 1659 2757 rell.
1696 2727 1816 2756 habent.
1844 2745 1885 2748 —-
1911 2727 1989 2765 aliq.
2015 2735 2080 2756 orn.

256 2782 297 2823 'JC
322 2783 418 2819 Med..
460 2794 482 2812 r.
511 2784 643 2821 aliquod
669 2787 882 2813 ornamentum
910 2784 948 2812 N.
977 2784 1043 2812 rell.
1073 2785 1210 2821 ornatiq.
1235 2793 1291 2813 sna
1317 2802 1357 2804 ᾐ-
1383 2783 1500 2813 onmino
1525 2793 1585 2813 om.
1610 2783 1696 2825 Yer·
1732 2783 1857 2813 Vitium
1883 2786 1987 2821 potest
2011 2790 2080 2812 esse

258 2843 366 2867 natum
395 2849 434 2867 ex
462 2840 727 2869 honweoteleuto.
754 2849 792 2869 v:
819 2848 878 2869 sua
903 2844 986 2868 auct.
1013 2840 1092 2876 sint,
1119 2844 1151 2869 ut
1177 2840 1289 2869 rudem
1315 2849 1498 2870 sermonem.
1523 2839 1628 2869 Simili
1654 2840 1745 2869 exitu
1771 2844 1847 2869 sunt
1871 2840 2003 2869 mutilae
2027 2847 2078 2868 ca:

257 2903 313 2922 sua
339 2900 422 2923 auct.
449 2900 603 2924 excusent
628 2896 737 2925 rudem
764 2904 942 2925 sermonem.
971 2896 1017 2925 N:
1045 2905 1100 2925 sua
1126 2898 1328 2926 auctoritate.
1355 2900 1389 2925 ut
1416 2905 1526 2934 regum
1552 2905 1740 2926 sermonem.
1766 2896 1852 2926 Med.
1878 2900 1913 2925 ut
1939 2917 1971 2924 ..
1998 2896 2080 2933 spat.

257 2960 324 2979 uae.
354 2973 359 2978 .
390 2973 394 2978 .
422 2960 609 2982 sermonem.
665 2953 717 2991 14)
745 2952 833 2981 Dicit
860 2970 901 2972 —
929 2952 1051 2981 tumida
1076 2962 1102 2992 γ.
1129 2953 1212 2982 conf.
1239 2953 1409 2991 superiora.
1437 2952 1543 2981 satiris
1568 2962 1594 2994 γ.
1647 2953 1700 2990 18)
1727 2951 1922 2982 dominicam
1945 2961 1972 2993 γ.
2022 2949 2080 2988 20)

258 3006 416 3035 lubricos-a
441 3016 467 3047 γ,
495 3011 529 3036 ut
556 3009 625 3037 rell.
652 3008 736 3037 libri.
776 3008 863 3043 Quae
890 3018 954 3037 uox
979 3017 1048 3037 cnm
1075 3017 1135 3037 non
1162 3008 1278 3038 Latina
1303 3009 1354 3046 sit,
1390 3018 1428 3038 ex
1456 3008 1672 3046 superioribus
1698 3011 1796 3046 atque
1820 3016 1861 3037 ex
1886 3007 2001 3045 Porph.
2028 3015 2080 3044 pe-

258 3063 295 3090 tii
322 3061 392 3090 libri
416 3072 518 3100 capsa.
546 3063 626 3093 conf.
655 3063 721 3093 Cic.
749 3065 779 3094 in
805 3064 922 3093 Caecil.
953 3065 990 3093 16
1018 3068 1049 3093 et
1073 3064 1149 3093 Hor.
1177 3064 1209 3093 S.
1236 3064 1260 3101 Ι,
1287 3065 1316 3096 4.
1345 3066 1396 3094 22.
1426 3066 1475 3100 10,
1503 3066 1554 3094 63.
1580 3064 1618 3093 E.
1644 3063 1685 3099 ΙΙ,
1708 3065 1735 3099 1,
1755 3064 1830 3094 268.
1879 3063 1936 3102 22)
1962 3062 2038 3093 ciria
2052 3070 2081 3104 γέ

259 3121 316 3155 20¹)
342 3117 470 3147 Pisones
563 3121 724 3158 componit
748 3130 773 3161 γ.
802 3122 870 3150 rell.
897 3130 957 3151 om.
1008 3120 1065 3159 24)
1092 3124 1272 3160 satyrorum
1300 3129 1354 3158 pro
1380 3124 1539 3159 satyrogr.
1565 3120 1649 3150 libri.
