2148 3412
798 135 847 167 IN
873 135 1009 167 sERM.
1034 136 1059 174 17
1086 141 1114 168 2.
1813 130 1865 168 29

160 258 225 298 37.
258 258 396 298 audire
428 266 483 299 est
513 273 656 313 operae
683 260 866 314 pretium.
929 259 1093 309 Audire,
1125 260 1273 314 inquit,
1306 275 1413 315 quae
1444 261 1659 316 patiuntur
1690 261 1866 311 moechi,

48 330 118 386 qui
149 344 219 371 eos
249 330 406 371 odistis.
465 330 645 372 Fructus
676 338 738 372 est
767 331 844 381 his,
876 331 947 386 qui
978 332 1154 373 oderunt
1184 334 1379 375 moechos
1411 335 1565 383 audire,
1606 334 1771 388 quantis
1803 334 1867 374 in-

47 403 411 445 commoditatibus
456 403 708 459 affligantur.
785 406 929 446 Aliter:
975 403 1146 459 Operae
1191 406 1371 460 pretium
1417 416 1497 456 cst,
1545 407 1710 456 audire,
1758 407 1868 461 quod

46 476 251 532 uoluptas,
284 492 409 531 quam
431 477 600 532 capiunt
623 477 798 527 moechi,
831 492 914 518 non
936 485 997 519 est.
1017 478 1163 533 plena3
1196 478 1442 520 inminuitur
1462 480 1603 521 multis
1638 478 1868 521 incommo-

46 549 257 591 ditatibus.
320 548 479 606 [Ordo:
513 548 683 604 Operae
715 551 895 604 pretium
926 550 1070 591 audire
1101 566 1188 601 uos,
1221 552 1293 605 qui
1323 567 1404 593 non
1437 552 1575 602 uultis,
1617 552 1685 593 uel
1716 567 1868 607 operae

45 622 225 678 pretium
257 629 336 672 est,
369 622 513 664 audire
546 622 659 679 [uos]
692 624 900 673 moechos,
934 623 1005 678 qui
1026 639 1109 665 non
1130 624 1256 665 uultis
1276 625 1504 680 procedere
1527 632 1637 667 recte
1659 626 1713 666 ad
1734 640 1868 667 mere-

46 696 206 746 tricem,
240 696 592 751 quemadmodum
623 696 813 738 laborent
843 697 957 738 omni
987 705 1106 752 parte
1137 697 1187 747 ei,
1221 698 1571 752 quemadmodum
1595 713 1720 754 saepe
1747 700 1869 741 cadat

44 770 148 811 haec
178 769 369 824 uoluptas
400 776 524 824 atque
554 770 658 811 haec
689 770 782 825 ipsa
813 785 905 810 rara
936 770 1045 811 inter
1075 770 1180 811 dura
1210 771 1398 826 pericula
1429 779 1625 826 corrupta
1655 772 1785 814 multo
1806 773 1867 813 la·-

45 841 146 884 bore
176 849 260 882 tam
290 842 334 882 in
365 843 640 897 expendendo
670 843 871 897 pecunias
903 858 1028 898 quam
1058 843 1232 898 propria
1262 843 1451 885 membra
1472 845 1729 901 perdendo]
1781 845 1868 886 Ur-

45 912 153 957 bane
184 915 367 956 abutitur
401 917 594 957 Ennianis
622 916 832 965 uersibus3
865 916 935 957 ille
972 917 1081 958 enim
1121 916 1179 957 ait
1218 915 1369 971 (Ennii
1407 917 1562 957 Annal.
1594 918 1745 972 fragm.
1787 919 1869 959 454

46 987 249 1043 Vahlen):
282 990 437 1030 Audire
469 998 523 1030 est
553 1005 695 1045 operae
719 993 896 1046 prelium
920 991 1139 1046 procedere
1171 999 1275 1031 recte
1311 991 1393 1040 Oai
1419 1005 1504 1031 ‘rem
1534 991 1760 1032 Romanam
1795 992 1868 1032 La-

47 1064 217 1118 tiamque
239 1077 448 1116 aaqescere
469 1063 605 1104 uultis.
666 1061 752 1104 Sed
773 1063 877 1104 illud
897 1063 1111 1112 urbanius,
1144 1063 1242 1118 quia
1265 1078 1358 1104 cum
1374 1062 1539 1105 Ennius
1560 1065 1683 1106 uallis
1703 1064 1868 1114 dixerit,

46 1135 115 1177 hic
144 1150 224 1176 aon
254 1136 380 1176 uultis
410 1135 607 1176 intulerit.

158 1209 226 1249 40.
260 1209 388 1250 eadat.
447 1207 683 1264 Pei-tingat,
717 1209 895 1259 eueniat,
935 1209 1033 1264 quia
1064 1224 1159 1251 raro
1192 1210 1441 1265 contingunt
1471 1210 1738 1252 concubitum
1769 1225 1869 1251 ma—

49 1288 277 1330 tronarum,
310 1296 412 1335 quas
443 1288 596 1322 amant.

158 1370 272 1410 saepe
316 1355 420 1395 inter
464 1355 570 1395 clara
608 1370 650 1410 p.
725 1353 845 1406 Quae
891 1354 1094 1396 inminent
1140 1355 1242 1404 illis,
1290 1356 1389 1410 quia
1433 1356 1542 1398 inter
1572 1356 1755 1397 maxima
1786 1371 1871 1411 pe—

46 1427 175 1469 ricula
206 1442 299 1468 raro
331 1426 470 1467 euenit
499 1426 705 1481 uoluptas.

163 1499 248 1556 [41.
280 1500 340 1541 lexic
371 1513 470 1555 sepr.
502 1508 526 1541 t.
560 1501 596 1541 (l.
656 1500 723 1541 De
754 1500 1031 1542 incommodis
1052 1501 1349 1542 adulterorum.

159 1574 220 1615 ille
256 1574 348 1629 [lay.
390 1589 423 1614 a.
463 1588 514 1614 m.
558 1588 588 1615 e.
648 1573 744 1615 Hoc
777 1575 828 1615 de
869 1573 1068 1616 Sallustio
1104 1575 1270 1616 uidetur
1307 1576 1465 1624 dicere3
1500 1574 1725 1617 Sallustius
1761 1576 1872 1617 enim

48 1645 224 1702 Crispus
255 1646 299 1687 in
329 1646 510 1688 Faustae
546 1647 656 1688 filiae
689 1647 832 1702 Syllae
870 1648 1075 1689 adulterio
1114 1648 1399 1703 deprehensus
1437 1647 1489 1689 ab
1528 1647 1672 1689 Annio
1710 1649 1871 1689 Milone

44 1719 222 1775 flagellis
254 1734 397 1761 caesus
429 1734 517 1761 esse
549 1720 723 1769 dicitur3
770 1735 894 1775 quem
925 1720 1137 1762 Asconius
1166 1721 1380 1763 Pedianus
1421 1721 1464 1762 in
1500 1721 1587 1762 uita
1618 1721 1707 1763 eius
1738 1722 1871 1777 signi-

45 1793 153 1834 ficat.
212 1792 284 1834 Ad
313 1802 478 1834 mortem
510 1800 648 1834 autem
681 1808 813 1848 prope
844 1800 1031 1835 mortem.

157 1867 224 1907 42.
257 1867 366 1908 dedic
395 1867 428 1907 lz.
452 1882 496 1922 p.
529 1881 559 1907 c.
590 1881 628 1907 a.
703 1866 799 1908 Non
830 1882 881 1908 ne
913 1874 1172 1922 stupraretur
1202 1868 1275 1908 sed
1306 1867 1476 1909 melius:
1523 1882 1575 1908 ne
1607 1875 1871 1909 castraretur.

47 1941 131 1982 Pro
162 1954 327 1996 corpore
357 1946 509 1989 autem,
540 1954 617 1994 pro
648 1939 829 1980 obscena
860 1948 975 1994 parte
1008 1940 1207 1995 corporis.

157 2015 223 2054 44.
257 2013 363 2054 hanc
403 2014 724 2069 perminxerunt.
802 2015 1138 2061 Perminoeerzmt,
1184 2022 1489 2068 stuprauerunt.
1570 2016 1730 2057 Calones
1776 2022 1931 2056 sunt·'

48 2086 229 2128 ministri
259 2086 450 2136 militum,
482 2085 605 2127 liberi
635 2086 845 2135 homines3
880 2088 987 2128 lixae
1017 2101 1117 2128 uero
1148 2094 1243 2128 sunt
1273 2087 1382 2128 serui
1414 2088 1654 2129 eorundem.

48 2282 158 2312 dicitur
183 2292 243 2312 om.
259 2290 285 2324 γ.
311 2281 427 2318 Verba,
454 2290 533 2319 quae
560 2285 742 2318 supersunt,
770 2281 816 2309 sic
842 2281 1029 2318 complenda
1054 2284 1146 2309 sunt:
1174 2280 1243 2309 Albi
1267 2284 1374 2309 autem
1398 2280 1576 2309 matronalis
1603 2280 1705 2309 stolae
1720 2280 1875 2309 candidae

51 2339 74 2377 (.
94 2339 156 2368 .·ad
170 2342 277 2368 uestem
301 2337 420 2367 albam.
438 2359 443 2365 .
459 2337 601 2376 Porph.).
627 2336 721 2367 Conf.
748 2336 788 2366 C:
817 2336 885 2366 Albi
909 2337 1098 2366 matronalis
1126 2343 1153 2365 et
1182 2337 1311 2366 nobilis.
1339 2338 1481 2374 respexit
1502 2338 1540 2366 ad
1560 2337 1676 2366 stolam
1694 2337 1874 2371 candidam,

49 2404 111 2434 qua
135 2395 358 2425 uestiebantur
384 2398 548 2424 matronae
575 2397 636 2423 etc.

166 2453 197 2490 1)
225 2452 351 2482 Audire
377 2453 442 2490 inq.
468 2451 533 2493 ·f‚fli
562 2451 654 2490 (Hor.
681 2452 749 2480 rell.
771 2451 980 2480 adsensum:
1008 2451 1121 2479 audite.
1149 2449 1312 2487 Suringar.
1331 2449 1388 2485 III⁷
1408 2451 1459 2479 51.
1503 2450 1572 2479 Non
1590 2459 1667 2487 opus
1685 2452 1744 2485 est,
1772 2459 1877 2487 neque

50 2510 83 2539 in
108 2510 209 2539 ullum
235 2508 312 2538 Cod.
338 2508 467 2538 Horatii
494 2509 625 2537 transiit
653 2517 694 2536 ex
731 2508 837 2545 glossa
862 2508 975 2536 lectio:
1012 2507 1126 2535 Audite
1152 2524 1203 2540 W,
1230 2509 1277 2534 est
1316 2516 1428 2543 operae
1465 2507 1612 2544 pretium⁷
1642 2524 1680 2526 ᾖ
1707 2506 1877 2543 procedere

51 2570 110 2596 etc.
174 2567 208 2604 3)
235 2564 423 2603 affligantur
442 2575 469 2606 γ.
504 2564 716 2603 astriaqantiu·
748 2564 791 2593 fh.
829 2564 897 2593 rell.
929 2563 1126 2602 affligantur.
1153 2562 1193 2590 A]
1220 2578 1262 2592 Ξ
1287 2562 1393 2591 Aliter
1424 2572 1449 2603 γ.
1476 2562 1545 2591 rell.
1587 2562 1636 2591 l'el
1666 2562 1760 2591 etiam.
1794 2561 1877 2591 conf.

51 2623 218 2661 Suringar.
238 2622 295 2659 III,
316 2623 368 2651 50.
389 2623 440 2651 51.
468 2621 491 2651 C
511 2631 571 2651 om.
591 2625 714 2659 partem
732 2621 820 2650 tend.
840 2622 879 2650 ab
898 2620 994 2649 Aliter
1008 2619 1224 2659 -—pc›1·clendo.
1273 2619 1308 2656 4)
1336 2620 1466 2656 capiunt
1491 2628 1517 2659 γ.
1545 2620 1615 2647 rell.
1643 2620 1784 2656 capiunt.
1814 2618 1877 2647 Cu-

24 2668 32 2678 ’
51 2680 141 2718 piclas
189 2680 382 2717 uoluptatmn
407 2684 433 2708 et
456 2678 584 2708 cuiusuis
606 2678 723 2717 μηθ’-ιζ»-
747 2677 808 2706 elas
835 2676 917 2716 (Cic.
945 2677 1074 2714 Fin.11‚
1095 2678 1151 2715 20)
1179 2677 1357 2712 dicebatur,
1384 2685 1456 2711 non,
1483 2679 1639 2713 quantum
1665 2675 1740 2709 scio,
1767 2684 1878 2712 capere

52 2737 261 2775 uoluptatem.
310 2736 352 2765 Et
380 2745 492 2774 capere
517 2736 707 2773 uoluptatem
732 2735 781 2763 uel
808 2735 956 2764 absolute
986 2734 1107 2772 (Plaut.
1135 2732 1249 2770 Amph.
1285 2732 1364 2769 prol.
1400 2732 1476 2770 114)
1510 2732 1560 2760 uel
1594 2740 1629 2760 ec
1660 2741 1696 2760 re
1727 2730 1809 2768 (Cic.
1838 2731 1877 2759 ad

51 2793 124 2822 Diu.
142 2793 180 2830 V,
201 2794 228 2821 7.
255 2793 347 2821 Tusc.
365 2792 421 2829 IV⁷
442 2793 476 2830 3)
504 2796 535 2821 ct
554 2793 722 2830 percipere
741 2791 916 2828 uoluptates
942 2791 1026 2828 (Fin.
1045 2791 1088 2823 ΙΙ,
1108 2788 1165 2828 ’26)
1184 2790 1352 2819 sollemnes
1372 2792 1446 2817 sunt
1473 2789 1659 2824 locutiones,
1687 2788 1781 2816 sicuti
1800 2787 1876 2815 hae:

52 2849 157 2888 cupido
181 2858 226 2878 me
251 2849 339 2887 capit,
376 2849 524 2887 uoluptate
549 2848 655 2887 capior
681 2852 709 2877 et
737 2848 778 2877 al.
807 2849 839 2877 id
864 2857 975 2886 genus.
1034 2848 1068 2886 5)
1096 2847 1184 2877 Ordo
1232 2865 1247 2866 ἡ
1277 2846 1440 2884 perdendo
1466 2855 1525 2873 om.
1553 2844 1616 2885 *va-
1682 2845 1715 2882 6)
1741 2854 1793 2872 aas
1817 2854 1877 2873 om.

53 2905 118 2936 afh.
183 2906 240 2944 20)
268 2905 421 2944 infelicis
448 2906 534 2935 filiae
560 2905 598 2934 A.
624 2904 783 2944 infaustae
810 2904 899 2934 sillae
926 2905 1008 2934 filiae
1032 2914 1058 2946 γ.
1085 2904 1154 2933 rell.
1181 2905 1211 2932 in
1237 2903 1375 2932 Faustae
1403 2902 1485 2931 tiliae
1516 2900 1630 2939 Syllae.
1653 2901 1733 2930 conf.
1767 2911 1797 2929 u.
1826 2901 1876 2928 84.

55 2961 160 3001 Syllae
185 2962 274 2999 vafh,
301 2966 335 2991 ut
362 2962 477 2992 Graeci
505 2966 533 2991 et
563 2962 647 2992 infra
672 2962 717 2991 1>ss
743 2962 836 2991 Bern.
865 2961 919 3002 CT,
946 2962 1000 2999 qui
1028 2961 1104 2999 sylla
1134 2960 1233 2989 habet
1257 2964 1291 2989 ut
1312 2959 1345 2987 M
1371 2959 1409 2987 ad
1436 2958 1552 2995 Porph.
1587 2957 1694 2986 Sullae
1728 2956 1876 2994 C(G·.²Q).

53 3019 128 3048 uide
154 3018 247 3048 infra.
298 3020 354 3058 21)
380 3020 539 3049 taseonius
565 3020 638 3056 ped.
665 3028 691 3060 γ.
717 3018 830 3047 Asa-on.
857 3019 949 3047 Paed.
978 3028 1005 3047 a.
1034 3018 1194 3046 Pedianus
1222 3026 1282 3046 om.
1311 3014 1345 3044 C.
1411 3016 1467 3052 232)
1494 3014 1562 3042 Noa
1580 3023 1639 3043 0111.
1658 3023 1684 3055 γ.
1734 3013 1791 3050 ⁵24>
1818 3012 1877 3041 Pro

56 3085 139 3113 corp.
165 3079 270 3104 autem
297 3085 355 3105 om.
382 3085 408 3117 γ.
475 3076 531 3115 25)
561 3074 676 3104 Glossa
703 3075 734 3103 in
760 3075 846 3117 γΙῖφι
872 3075 1000 3104 calones.
1029 3075 1112 3103 serui
1143 3073 1290 3111 (pm-ph.)
1341 3071 1397 3109 QG)
1426 3071 1518 3109 lyxae
1543 3080 1592 3100 va.
1625 3070 1757 3105 virgam
1791 3069 1876 3098 uiril.

56 3132 169 3161 memb.
197 3142 256 3162 om.
283 3141 335 3175 γαρ.

1917 563 1934 593 ιἾ

1895 928 1936 959 10

1896 1293 1935 1324 15
