2148 3412
233 144 311 184 112
859 152 965 185 Aen.
992 152 1052 184 ET
1077 151 1246 184 PORPII.
1273 151 1420 184 COMM.

342 278 546 335 Lydorum
577 277 706 333 quz‘clq.
733 277 818 318 Etr.
837 278 863 318 i.
883 278 913 331 f.
972 275 1104 317 Deest
1134 275 1264 317 habes.
1323 274 1440 330 Lydi
1461 273 1673 330 quondam
1688 272 1889 315 Tusciam
1909 287 2053 329 posse-

230 352 393 402 derunt,
424 366 446 392 a
476 350 628 406 quibus
658 350 866 406 originem
896 349 1124 391 Maecenas
1154 348 1357 389 trahebat.
1419 346 1577 389 Sensus
1621 347 1691 389 hic
1735 353 1815 388 est:
1860 345 1958 388 Non
2000 352 2052 397 te,

228 425 377 480 inquit,
412 424 572 466 extollit
600 423 797 465 nobilitas
828 424 966 479 gentis
997 430 1037 464 et
1066 422 1252 478 sanguis,
1283 428 1328 463 ut
1358 421 1567 476 despicias
1597 435 1681 471 eos,
1718 419 1790 475 qui
1820 433 1872 461 ex
1900 419 2054 462 infimis

228 499 316 540 nati
360 504 467 548 sunt,
513 497 660 546 sciens,
706 497 818 551 quod
862 512 945 538 non
991 511 1124 553 genus
1155 496 1228 538 sed
1257 495 1391 536 uirtus
1421 495 1464 536 in
1494 494 1663 536 homine
1694 493 1937 549 quaerenda
1980 498 2053 534 est.

228 571 324 614 Non
354 586 416 621 eo,
448 570 547 625 quia
576 569 706 612 habes
737 569 939 612 Etruscos
972 569 1016 625 [i.
1049 584 1082 610 e.
1115 568 1378 625 Tyrrhenos]
1410 569 1526 618 fines,
1563 582 1668 622 quos
1698 566 1885 616 incoluit,
1931 565 2054 621 quid-
2109 556 2112 598 ἶ

228 644 330 701 quid
373 644 593 700 Lydorum
637 643 727 693 fuit,
773 657 851 684 nec
881 643 976 684 ideo
1010 642 1147 700 [quia]
1180 657 1303 684 nemo
1334 650 1374 683 te
1405 650 1465 684 est
1506 641 1751 698 generosior
1789 641 1816 682 i.
1848 655 1882 682 e.
1920 653 2055 695 neque
2108 665 2112 686 ς

163 581 181 611 ςῖἱ

229 718 327 774 quia
356 717 510 759 nobilis
541 731 597 767 es,
630 717 725 758 ideo
756 716 924 758 derides
954 716 1165 771 ignobiles
1196 723 1236 757 et
1264 715 1494 758 libertinos.

341 792 514 834 Incolua
540 790 645 847 fim's.
703 789 909 831 Possedit.

340 864 378 905 3.
409 865 493 908 Nec
523 863 630 921 quod
658 876 771 905 auus.
831 861 922 904 Nec
951 862 1059 913 ideo,
1098 863 1209 918 quod
1239 863 1465 919 imperauit
1494 868 1614 919 pater
1643 869 1738 904 tuus
1768 867 1809 903 et
1837 876 1954 912 auus,
1989 860 2054 903 in-

163 947 203 979 10
228 937 341 980 rides
371 938 538 993 ignotos
569 950 778 992 pauperes
808 936 876 977 uel
906 936 1128 992 ignobiles.

341 1012 379 1053 5.
410 1026 509 1053 naso
538 1012 746 1068 suspendis
774 1011 929 1052 adunco
960 1011 1132 1065 Iynotos.
1206 1009 1258 1051 Id
1288 1017 1367 1052 est:
1413 1008 1510 1051 Non
1541 1008 1803 1065 contempnis
1832 1008 2054 1065 ignobiles,

228 1084 327 1140 quia
348 1099 392 1126 es
412 1084 578 1126 nobilis.
637 1082 677 1124 N
681 1098 727 1125 ec
749 1083 883 1139 ignoti
904 1083 981 1125 tibi
1001 1083 1170 1126 fastidia
1191 1083 1398 1133 adferunt,
1422 1083 1533 1138 quod
1555 1083 1685 1139 uulgo
1707 1097 1878 1125 sannam
1899 1082 2053 1124 dicunt.
2108 1077 2110 1093 ³

228 1158 445 1215 Suspendis
478 1157 655 1214 [autem]
688 1157 865 1213 spernis,
898 1157 1144 1208 subsannas,
1175 1157 1339 1199 fastidis
1376 1157 1401 1198 i.
1441 1171 1474 1198 e.
1506 1171 1591 1198 non
1621 1156 1791 1199 inrides.
1850 1155 2056 1198 Nouimus

228 1231 353 1283 enim,
385 1231 511 1286 quod,
545 1231 617 1286 qui
646 1231 831 1272 inrident
860 1231 1064 1282 homines,
1095 1246 1244 1272 sannas
1275 1230 1446 1272 faciunt.

161 1313 201 1344 15
341 1306 377 1347 6.
410 1305 580 1360 Ignotos.
640 1303 871 1360 Ignobiles.

341 1380 378 1420 7.
409 1378 575 1433 referre.
635 1376 856 1419 Interesse.

339 1453 376 1494 8.
409 1453 505 1494 dum
523 1454 731 1508 inqenaas.
791 1450 1035 1493 Dummodo
1056 1451 1265 1507 ingenuus
1287 1451 1361 1500 sit,
1394 1452 1592 1507 inqenuas
1616 1449 1794 1508 [autem]
1818 1450 1871 1492 ad
1892 1465 2054 1493 morum

225 1525 478 1581 probitatem
508 1526 701 1582 pertinet.

331 1600 557 1656 persuades
576 1601 648 1641 lzoc
670 1600 864 1641 tz'bz'uere.
922 1597 1052 1640 Recte
1076 1598 1249 1655 [inquit]
1282 1599 1360 1640 hoc
1390 1598 1468 1640 tibi
1497 1598 1740 1654 persuades,
1772 1597 2052 1649 oMaecenas,

158 1681 201 1714 20
226 1672 339 1727 quod
370 1680 465 1714 ante
495 1673 721 1728 imperium
751 1672 894 1723 Tullii,
927 1672 1000 1727 qui
1029 1688 1136 1714 unus
1167 1687 1218 1714 ex
1249 1679 1408 1728 septem
1438 1672 1624 1728 regibus,
1656 1671 1800 1714 seruili
1819 1679 1959 1714 tamen
1980 1686 2054 1728 ge-

224 1760 324 1787 nere
354 1745 442 1795 fuit,
487 1746 559 1787 alii
590 1746 709 1787 multi
739 1745 963 1802 ignobiles,
996 1746 1069 1788 sed
1090 1746 1172 1787 uiri
1210 1745 1309 1788 boni
1346 1753 1386 1787 et
1422 1746 1534 1788 uitae
1574 1746 1722 1788 bonae.
1797 1744 1955 1788 Sensus
1986 1745 2054 1788 hic

225 1826 302 1861 est:
334 1819 464 1861 Recte
494 1819 574 1860 hoc
604 1819 744 1869 sentis,
778 1819 874 1874 quia
906 1834 990 1861 non
1020 1819 1282 1861 nobilitatem
1312 1820 1458 1876 magni
1488 1820 1639 1875 pendis
1669 1819 1744 1861 sed
1773 1819 1982 1861 uirtutem.

337 1900 426 1934 ante
454 1902 534 1948 pot.
569 1895 605 1934 T
606 1893 686 1934 ulli.
745 1892 901 1935 Sensus
933 1900 1013 1934 est:
1059 1892 1157 1934 Non
1187 1893 1322 1935 solum
1354 1893 1525 1935 Tullum
1556 1893 1629 1935 sed
1670 1900 1711 1935 et
1753 1893 1859 1935 alios
1901 1892 2053 1936 multos

225 1979 276 2007 ex
304 1965 482 2022 ignobili
514 1981 668 2022 genere
700 1967 834 2008 claros
865 1967 1005 2008 fuisse.
1064 1966 1165 2007 Fuit
1193 1973 1331 2008 autem
1362 1966 1510 2009 Tullus
1541 1966 1763 2022 Tarquinii
1794 1966 1932 2009 Prisci
1961 1966 2051 2008 Lu-

158 2049 199 2080 25
225 2039 413 2081 cumonis
459 2054 604 2081 seruus
639 2054 663 2080 a
694 2040 862 2094 captiua
906 2047 1041 2090 natus,
1089 2040 1160 2096 [de
1205 2054 1287 2095 quo
1339 2041 1447 2095 Verq.
1494 2039 1567 2095 (A.
1600 2039 1676 2091 VI,
1709 2041 1830 2096 813):
1862 2040 1954 2083 Otia
1985 2041 2055 2097 qui

223 2122 383 2169 rumpet
404 2115 566 2168 patriae
596 2113 818 2169 residesque
847 2114 1016 2155 mouebat
1049 2115 1193 2156 Tullus
1223 2116 1264 2156 in
1295 2129 1413 2156 arma
1443 2114 1588 2171 uiros]

338 2187 374 2227 9.
407 2186 587 2241 tynobz‘le.
648 2184 761 2238 Quia
792 2200 936 2244 seruus
967 2187 1056 2228 fuit.

335 2275 449 2316 saepe
480 2261 604 2302 uiros.
663 2259 793 2300 Recte
824 2259 995 2315 accipis.

337 2334 401 2373 10.
432 2334 567 2375 nullis.
627 2332 723 2375 Non
753 2332 975 2375 nobilibus.

155 2416 196 2446 30
334 2407 551 2448 maioribus
582 2415 700 2448 ortos.
760 2406 990 2462 Ignobiles.

336 2481 399 2520 12.
431 2481 547 2522 unde.
606 2479 648 2520 A
680 2495 775 2535 quo,
806 2487 849 2521 ut
881 2479 953 2534 (A.
984 2479 1019 2530 I,
1053 2480 1117 2535 6):
1148 2496 1274 2536 ymas
1304 2482 1409 2523 unde
1444 2482 1643 2524 Latinum.

337 2647 369 2685 1)
394 2646 529 2686 lydorum
553 2656 609 2685 pro
633 2648 825 2677 tir-senorum
851 2648 894 2685 gl.
921 2657 947 2689 γ.
974 2646 1115 2686 qaz'cqaid
1131 2648 1150 2676 i.
1169 2656 1261 2677 omne
1287 2648 1434 2687 lydorum
1459 2649 1504 2687 gl.
1529 2658 1556 2690 γ.
1584 2652 1723 2679 etruscos.
1750 2649 1841 2679 deest
1866 2649 1977 2678 habes.
2001 2648 2045 2687 gl.
2100 2654 2102 2675 ἱ

219 2703 375 2744 -svaQ
413 2704 502 2734 Deest
524 2704 613 2733 habes
637 2713 759 2742 argum.
786 2705 949 2742 praemitt.
977 2714 1004 2733 a.
1032 2721 1073 2725 —
1099 2704 1304 2742 possiderunt
1328 2716 1355 2747 γ.
1421 2704 1456 2745 3)
1483 2707 1602 2736 extulit
1625 2715 1650 2747 γ.
1682 2723 1723 2725 e
1748 2705 1879 2745 sanguis
1901 2706 1960 2748 γΧ.
2009 2706 2043 2744 4)

221 2769 328 2797 quaer.
355 2764 402 2789 est
426 2770 452 2802 γ.
478 2761 546 2790 rell.
574 2763 622 2790 est
647 2770 752 2799 quaer.
802 2759 836 2799 5)
864 2762 883 2792 i.
911 2770 935 2790 e.
963 2760 1146 2800 Tyrrhenos
1172 2771 1232 2791 om.
1258 2772 1298 2790 m.
1348 2762 1382 2801 6)
1410 2764 1485 2800 quia
1510 2772 1570 2792 om.
1588 2773 1615 2804 γ.
1646 2766 1679 2792 te
1704 2766 1753 2792 est
1777 2773 1804 2805 γ.
1832 2764 1901 2792 rell.
1929 2766 1978 2792 est
2002 2765 2044 2792 te.

222 2816 256 2853 7)
281 2816 402 2845 nobiles
428 2820 459 2845 et
484 2817 540 2846 lib.
567 2827 594 2858 γ.
644 2816 680 2856 9)
705 2818 831 2847 Nouum
858 2818 974 2846 lemma
998 2818 1089 2855 posui
1115 2828 1185 2847 cum
1201 2828 1228 2860 γ.
1250 2819 1322 2849 ideo
1339 2820 1418 2858 quod
1431 2819 1550 2862 ⁵(svafh.
1569 2821 1645 2858 quia
1663 2821 1723 2850 inc.
1742 2820 1779 2856 Q.
1832 2820 1886 2859 11)
1913 2821 1986 2850 Non
2002 2837 2044 2840 —-

222 2873 338 2901 nobilis
362 2882 388 2914 γ.
414 2874 481 2903 rell.
509 2884 569 2904 om.
595 2875 627 2903 h.
653 2875 673 2903 l.
699 2875 765 2904 Nec
790 2876 902 2913 ignoto
925 2884 952 2916 γ.
1004 2873 1060 2912 13)
1085 2878 1194 2904 autem
1220 2885 1280 2905 0111.
1306 2885 1330 2916 γ.
1394 2874 1449 2914 14)
1476 2876 1559 2914 quod
1583 2886 1609 2918 γ.
1636 2877 1704 2906 rell.
1730 2878 1815 2916 quia.
1868 2877 1922 2916 15)
1948 2877 2043 2915 Igno-

220 2928 302 2957 biles
328 2930 370 2966 gl.
397 2939 438 2958 ex
463 2939 488 2971 γ.
556 2930 610 2969 17)
640 2931 705 2968 ing.
728 2940 793 2959 sum
816 2939 842 2972 γ.
858 2948 896 2951 -—
917 2935 1025 2960 autem
1049 2940 1109 2960 om.
1134 2941 1160 2972 γ.
1185 2932 1293 2969 glossa
1319 2933 1350 2961 in
1376 2941 1408 2973 γε
1435 2933 1603 2963 dummodo
1628 2934 1703 2963 boni
1723 2934 1858 2972 ingenii,
1885 2934 2043 2971 ingenuus

221 2986 371 3015 moribus.
439 2988 492 3024 19)
519 2988 624 3025 inquit
652 2997 711 3016 om.
742 2997 767 3028 γ.
832 2988 889 3025 21)
915 2986 1020 3016 fuerat
1045 2997 1070 3028 γ.
1096 2988 1164 3016 rell.
1190 2988 1261 3018 fuit.
1311 2989 1368 3027 22)
1396 2989 1470 3027 qula
1495 2999 1554 3019 om.
1580 2999 1604 3031 γ.
1633 2990 1706 3028 quia
1730 2988 1891 3029 an(G?).
1916 2990 1971 3028 qui
1994 2989 2040 3018 fh.

222 3042 278 3080 ⁶23)
305 3042 432 3072 tullium
456 3053 482 3084 γ.
511 3048 537 3072 et
558 3053 584 3085 γ.
612 3044 680 3073 rell.
707 3054 765 3073 om.
832 3043 889 3083 25)
915 3045 958 3082 gl.
983 3054 1017 3086 7:
1042 3046 1170 3083 captiua
1194 3049 1299 3075 natus.
1327 3047 1498 3084 imperator
1522 3056 1669 3076 romanus
1694 3047 1767 3076 fuit.
1793 3065 1835 3068 —
1861 3047 1921 3076 loc.
1944 3047 2040 3085 Verg.

220 3108 280 3129 om.
305 3109 331 3140 γ.
388 3100 445 3138 27)
472 3101 553 3135 Quia
578 3110 660 3130 seru.
687 3101 749 3131 fuit
773 3111 798 3143 γ.
824 3102 893 3131 rell.
922 3112 980 3131 om.
1031 3102 1088 3140 28)
1114 3102 1211 3132 Recte
1236 3104 1354 3141 accipis
1380 3113 1406 3144 γ.
1432 3104 1501 3133 rell.
1526 3113 1585 3133 om.
1649 3103 1707 3143 30)
1732 3104 1894 3143 Ignobiles
1920 3113 1945 3146 γ.
1972 3104 2040 3133 rell.

220 3167 280 3187 om.
330 3155 386 3194 31)
414 3157 497 3186 unde
522 3166 597 3195 gen.
615 3158 671 3188 lat.
689 3168 715 3200 γ.
734 3159 819 3188 locus
838 3159 900 3189 iam
919 3168 1014 3197 supra
1031 3158 1066 3189 O.
1084 3159 1109 3196 I,
1132 3160 1181 3197 12,
1204 3160 1252 3189 17.
1280 3160 1388 3189 multis
1406 3160 1485 3191 locis
1502 3170 1552 3199 ap.
1571 3160 1665 3190 Ribb.
1684 3161 1767 3191 hunc
1784 3164 1930 3191 nostrum
1947 3160 2038 3191 adde.
