2148 3412
826 108 871 154 tn
898 124 1032 155 snum.
1063 126 1101 155 [1.
1130 131 1157 155 4.
1860 115 1936 155 281

112 260 334 288 caenarum
381 244 646 301 [praecepta]
696 246 942 297 tradentem,
990 247 1141 289 deinde
1187 248 1371 303 loquitur
1407 249 1458 290 de
1490 256 1600 291 secta
1629 248 1857 305 Epicurea,
1903 258 1943 291 et

112 325 224 361 secat
243 317 366 360 modo
387 316 636 373 Epicureos,
669 319 879 373 quomodo
901 321 1032 361 secuit
1053 320 1155 362 alibi
1178 319 1356 363 Stoicos.
1399 321 1587 364 Obuiam
1608 322 1789 364 Horatio
1809 323 1943 364 factus

111 399 173 434 est
203 389 362 441 Catius,
395 391 466 446 qui
497 390 793 446 philosophum
825 392 1017 434 audierat
1037 394 1088 435 de
1110 394 1296 436 ciborum
1317 395 1520 449 qualitate
1542 403 1813 447 tractantem3
1845 411 1943 438 nam

110 464 308 521 Epicurei
339 479 545 506 summum
578 463 732 505 bonum
763 465 806 506 in
838 465 1124 520 uoluptatibus
1154 477 1328 522 ponunt.

224 539 258 578 1.
292 538 412 579 Unde.
472 537 781 594 Interrogatiue
813 538 1016 580 Horatius
1047 546 1185 594 poeta,
1218 540 1377 583 scilicet
1411 545 1548 584 aenis?

222 612 311 654 Non
343 621 397 653 est
427 612 526 653 mih-2·
553 621 715 667 tempus·
779 611 943 668 [Verba
976 610 1123 669 Catii‚]
1156 612 1254 654 Non
1284 622 1358 664 est,
1397 613 1544 657 Catius
1574 616 1722 671 inquit,
1756 632 1837 658 non
1882 625 1943 659 est

110 684 273 728 occasio
304 699 460 740 ponere
490 685 646 735 literas,
679 685 831 740 quibus
862 685 990 727 uerba
1021 693 1228 727 notantur.
1290 689 1437 729 amenti.
1470 686 1685 743 Cupienti.

223 760 259 799 2.
293 760 444 800 Ponere
474 761 598 812 sz'yna.
662 760 825 801 Ponere.
872 758 1151 802 Constituere.
1200 760 1324 815 Sz'qna
1358 760 1403 817 [i.
1420 760 1474 817 e.]
1507 761 1784 805 definitiones.
1849 763 1942 805 De-

110 840 265 882 notare,
287 831 564 887 proscribere,
586 832 720 874 literis
738 833 938 874 adnotare
956 841 1183 889 praecepta
1198 848 1319 875 noua.
1350 837 1480 876 nouis.
1502 834 1676 890 Magnis
1692 837 1941 891 praeceptis.

110 905 295 947 Aliter.
331 904 448 947 Dare
480 913 706 962 praecepta
737 913 806 947 aut
828 906 950 962 signa
971 907 1165 955 uiuendi3
1198 907 1551 962 quemadmodum
1574 909 1618 949 in
1638 909 1721 960 uia,
1754 925 1805 951 ne
1828 925 1941 951 erre-

110 987 187 1030 tur,
218 979 340 1036 signa
370 986 592 1034 ponuntur,
617 980 689 1034 ¹{ita
710 987 750 1021 et
770 980 900 1021 uitam
931 988 1127 1022 secuntur
1157 981 1293 1037 signa,
1325 981 1367 1022 in
1390 997 1473 1037 qua
1493 983 1613 1024 multi
1635 997 1724 1025 esse
1747 984 1943 1025 uidentur

111 1067 283 1095 errores.
345 1051 551 1109 [Aliasz]
585 1056 701 1096 nouis
722 1053 747 1094 i.
771 1068 804 1095 e.
837 1053 969 1104 miris,
1000 1054 1067 1096 uel
1099 1054 1345 1097 recentibus.
1406 1055 1587 1098 Deridet
1616 1065 1754 1099 autem
1786 1064 1942 1100 sectam

111 1126 431 1182 Epicureorum.

222 1201 259 1242 3.
304 1201 584 1258 Pytkaqoram.
668 1202 920 1259 Pythayoras
966 1201 1136 1244 Samius
1181 1210 1381 1257 tyrannos
1426 1203 1587 1259 patriae
1633 1219 1731 1246 suae
1777 1205 1944 1261 fugiens

113 1273 223 1329 apud
244 1272 472 1316 Crotonam
495 1275 714 1330 physicam
736 1275 1048 1330 philosophiam
1070 1276 1223 1326 docuit,
1247 1277 1428 1319 suadens
1450 1277 1558 1319 inter
1581 1287 1748 1319 caetera
1770 1286 1944 1334 propter

113 1347 424 1403 μετεμψύχωσιν
461 1347 513 1389 ab
545 1348 799 1390 animalibus
831 1349 1140 1400 abstinendum,
1174 1356 1213 1391 et
1245 1344 1340 1391 cum
1364 1351 1514 1393 multos
1536 1351 1709 1393 iuuenes
1731 1352 1944 1395 auditores

111 1420 294 1471 haberet,
326 1436 378 1462 ne
408 1421 461 1462 ab
493 1421 558 1463 his
589 1421 737 1463 ciuitas
769 1430 993 1473 teneretur,
1026 1438 1050 1464 a
1082 1423 1350 1479 principibus
1381 1425 1543 1467 occisus
1574 1432 1647 1467 est.

223 1499 419 1551 Anytique
449 1510 574 1537 reum.
635 1493 902 1538 Coniunctio.
937 1494 1161 1547 Socratem
1194 1497 1246 1539 ab
1269 1497 1414 1554 Anyto
1447 1499 1559 1540 enim
1583 1498 1780 1541 Socrates
1810 1500 1944 1542 factus

113 1574 174 1610 est
201 1582 306 1619 reus,
342 1568 462 1623 quasi
493 1584 626 1611 nouas
657 1569 884 1626 religiones
916 1570 1132 1613 inducens.
1194 1575 1351 1627 Anytus
1383 1580 1421 1613 et
1453 1572 1635 1614 Meletus
1667 1581 1943 1616 accusatores.

116 1640 183 1683 Ab
213 1640 356 1697 Anyto
386 1650 605 1684 accusatus
649 1641 859 1694 Socrates,
906 1645 1017 1699 quod
1062 1644 1157 1700 per'
1182 1645 1323 1687 omnia
1368 1645 1567 1687 animalia
1611 1654 1824 1702 tamquam
1868 1661 1977 1703 per·

114 1714 211 1757 deos
254 1715 422 1765 iuraret,
469 1716 560 1771 ipse
591 1715 672 1758 sibi
702 1731 883 1772 paenam
914 1718 1065 1759 ueneni
1098 1719 1290 1760 sumendi
1321 1719 1520 1760 decreuit.
1594 1719 1815 1762 Platonem
1846 1720 1946 1762 hinc

113 1803 229 1845 reum
258 1790 369 1841 fecit,
415 1790 527 1845 quod
558 1790 666 1831 male
697 1790 923 1833 instituerit
954 1791 1212 1834 iuuentutem
1243 1801 1281 1834 et
1313 1792 1561 1847 plerumque
1592 1793 1747 1835 iuraret
1790 1794 1845 1848 μὰ
1877 1794 1944 1834 τὸν

114 1997 248 2036 uoluptas
270 2006 373 2027 rerum
397 1997 588 2027 honestarum
613 1997 748 2028 offendit
775 1999 807 2028 in
825 1998 974 2037 Epicuro,
1002 2000 1118 2038 quippe
1145 2001 1364 2031 recordantem
1383 2001 1420 2030 E.
1441 2001 1465 2037 l,
1486 2002 1514 2037 4,
1539 2002 1595 2029 143:
1623 2001 1754 2039 Epicuri
1783 2002 1822 2030 de
1848 2010 1945 2039 grege

116 2063 253 2091 porcum,
285 2053 353 2084 Cic.
379 2055 419 2084 N.
446 2054 484 2086 D.
512 2054 538 2091 I,
567 2055 606 2084 26
633 2054 810 2093 Epicurum
836 2056 1028 2085 oscitantem
1054 2060 1086 2085 et
1112 2057 1233 2086 similia
1259 2057 1342 2095 apud
1369 2056 1521 2086 Senecam
1547 2057 1657 2086 Benef.
1684 2057 1737 2094 IV,
1771 2059 1794 2085 l.
1833 2056 1943 2086 Sidon.

115 2109 181 2148 XV,
209 2111 282 2140 125.
308 2111 403 2140 Auet.
430 2110 536 2148 Priap.
564 2111 620 2148 XI,
650 2112 687 2141 15
716 2116 774 2141 etc.
801 2112 908 2142 Habet
934 2116 1041 2142 autem
1067 2113 1198 2143 haecce:
1228 2131 1265 2134 -—
1296 2115 1340 2143 ‘et
1377 2114 1415 2142 de
1453 2123 1575 2143 summo
1613 2113 1715 2150 bono,
1754 2114 1836 2152 quod
1876 2123 1944 2142 cum

116 2165 264 2205 Epicurei
290 2169 321 2197 in
347 2168 514 2206 uoluptate
563 2169 738 2205 ponebant,
765 2169 821 2198 hoc
848 2174 906 2205 est,
934 2169 964 2198 ἰη
985 2169 1074 2208 gulae
1099 2174 1126 2198 et
1148 2169 1285 2208 corporis
1302 2169 1433 2206 libidine,
1461 2174 1571 2199 contra
1590 2169 1714 2206 Stoicos,
1739 2170 1789 2208 qni
1804 2180 1946 2199 summum

116 2221 218 2253 bonum
241 2223 376 2253 dicebant
398 2233 459 2253 esse
484 2224 661 2263 uoluptatem
684 2234 788 2255 rerum
813 2225 1015 2263 honestarum,
1052 2230 1146 2264 rogat
1172 2225 1302 2256 Catium
1327 2226 1497 2264 Horatius,
1534 2230 1568 2255 ut
1608 2226 1670 2255 sibi
1708 2226 1791 2255 dicat
1832 2235 1946 2255 coenae

117 2280 272 2317 parandae
297 2285 329 2310 et
354 2281 551 2311 ordinandae
576 2282 779 2320 magistrum,
819 2283 950 2320 eiusque
989 2284 1182 2321 praecepta·
1211 2301 1250 2304 ⁷<
1277 2283 1447 2313 introducit
1478 2293 1504 2325 γ.
1532 2283 1600 2312 rell.
1639 2282 1771 2312 inducit.
1811 2283 1947 2312 ordinem

116 2345 142 2375 γ.
167 2335 198 2366 z'n
222 2337 334 2367 ordine
358 2347 409 2367 va.
438 2338 507 2368 rell.
535 2339 655 2368 ordine.

197 2425 207 2430 ‚
231 2394 262 2432 1)
288 2398 460 2432 praecepta
484 2404 544 2424 om.
570 2405 595 2436 γ.
661 2393 696 2433 2)
722 2395 826 2425 Verba
851 2400 877 2425 et
899 2400 981 2425 secat
1003 2396 1088 2426 modo
1113 2397 1279 2435 Epicureos
1304 2397 1405 2425 tacite
1431 2396 1528 2425 eiecit
1554 2395 1582 2431 Q
1607 2399 1716 2424 contra
1743 2396 1881 2425 omnium
1908 2395 1947 2424 li-

118 2449 242 2479 brorum
266 2451 504 2481 auctoritatem.
542 2451 697 2489 Epicuros
721 2461 748 2492 γ,
775 2457 809 2481 ut
835 2461 931 2490 supra
956 2453 1095 2491 saepius.
1122 2453 1207 2483 conf.
1234 2453 1348 2491 Porph.
1375 2453 1468 2482 modo
1495 2452 1651 2490 Epicureo
1676 2462 1704 2480 v.
1732 2452 1800 2481 rell.
1826 2451 1944 2489 Epicu-

118 2514 188 2535 reos.
222 2524 254 2527 —
281 2511 371 2537 actus
396 2517 422 2549 γ.
488 2508 521 2547 5)
548 2507 643 2537 Unde
668 2526 708 2528 ᾏ
735 2506 851 2537 uenis?
877 2518 902 2550 γ.
930 2509 999 2538 rell.
1026 2519 1083 2539 om.
1121 2510 1227 2539 Verba
1252 2508 1338 2539 Catii
1364 2519 1424 2539 om.
1450 2518 1476 2550 γ.
1504 2509 1576 2538 Non
1602 2513 1650 2537 est
1676 2525 1714 2529 —-
1741 2511 1893 2537 notantur
1919 2517 1944 2549 γ.

118 2562 184 2591 rell.
209 2573 268 2593 om.
317 2562 352 2602 8)
378 2564 578 2594 constituere
602 2573 629 2606 γ.
656 2564 725 2594 rell.
751 2574 810 2594 om.
838 2565 868 2594 id
895 2568 944 2595 est
971 2576 1030 2595 om.
1058 2575 1083 2607 γ.
1110 2566 1425 2596 Denotare—noua
1450 2575 1476 2607 γ.
1505 2566 1653 2601 scribere,
1680 2569 1843 2600 annotare,
1871 2573 1947 2594 con—

120 2618 247 2657 signare
272 2619 390 2650 litteris
415 2630 498 2650 noua
523 2624 696 2658 praecepta
720 2620 754 2651 C.
779 2622 847 2650 rell.
874 2631 934 2651 om.
962 2621 1044 2652 conf.
1073 2622 1185 2660 Porph.
1249 2623 1283 2661 9)
1312 2622 1489 2661 praeceptis
1516 2631 1540 2662 γ.
1568 2621 1637 2650 rell.
1663 2630 1722 2651 om.
1749 2620 1799 2649 Al.
1824 2630 1850 2662 γ.
1879 2620 1947 2649 rell.

120 2684 178 2704 om.
230 2674 286 2715 11)
312 2676 411 2706 uitam.
436 2682 582 2707 secuntur
608 2686 634 2718 γ.
662 2678 731 2707 rell.
758 2678 828 2708 uita
854 2678 999 2717 sequitur.
1017 2696 1046 2699 ω
1077 2688 1148 2708 esse
1164 2679 1231 2708 uid.
1258 2688 1284 2720 γ.
1310 2679 1379 2708 rell.
1407 2679 1471 2708 uid.
1499 2687 1578 2707 esse.
1606 2677 1697 2706 Alias
1723 2686 1783 2706 om.
1811 2685 1836 2717 γ.
1863 2676 1948 2705 Alias

120 2729 200 2762 falso
224 2741 280 2770 pro
304 2732 392 2763 aliter
417 2734 557 2772 saepius,
589 2734 774 2772 compendio
799 2734 838 2764 al.
864 2744 1030 2773 perperam
1056 2736 1148 2766 lecto.
1203 2732 1257 2775 14)
1284 2740 1348 2773 pat.
1376 2745 1452 2765 suae
1476 2744 1502 2776 γ.
1523 2735 1590 2764 rell.
1609 2743 1684 2763 suae
1702 2733 1837 2771 patriae.
1892 2732 1947 2770 15)

120 2785 285 2818 Crotonam
308 2799 335 2831 γ.
354 2790 422 2819 rell.
449 2789 623 2821 Crotonem.
651 2790 799 2828 Utraque
823 2790 927 2821 forma
953 2792 1126 2822 inuenitur.
1154 2790 1299 2822 Crotona
1323 2791 1438 2821 lustin.
1465 2790 1535 2826 XX,
1563 2791 1592 2819 4.
1630 2790 1776 2819 Frontin.
1803 2788 1946 2826 Strateg.

122 2842 177 2882 111,
202 2845 233 2875 6.
260 2844 425 2876 Crotonem
449 2846 514 2877 Cic.
540 2847 609 2877 Att.
636 2847 691 2883 IX,
714 2849 763 2877 19.
790 2848 888 2878 etiam
913 2848 1049 2878 Crotona
1072 2857 1174 2877 aecus.
1203 2849 1339 2877 occurrit
1366 2848 1449 2885 apud
1477 2846 1586 2883 Liu.1,
1606 2847 1655 2883 18,
1683 2847 1738 2875 sed
1765 2855 1885 2880 uereor,
1910 2855 1949 2874 ne

124 2897 290 2931 Crotonam
306 2902 355 2941 (Ξ)
382 2903 414 2932 in
440 2904 532 2933 codd.
552 2904 707 2942 scriptum
725 2904 779 2934 sit.
801 2902 918 2940 Croton,
946 2900 1074 2946 Κρότων
1091 2914 1143 2943 ap.
1163 2903 1362 2940 Strabonem,
1389 2904 1541 2933 usitatior
1558 2903 1702 2941 scriptio.
1720 2902 1800 2934 conf.
1818 2901 1875 2933 Sil.
1893 2901 1948 2939 IX,

128 2956 174 2986 18.
201 2958 442 2997 phylosophiam
471 2959 528 2995 vQ.
623 2960 653 2989 ln
679 2964 801 2989 caetera
831 2970 855 3001 γ.
926 2962 979 2999 16)
1005 2955 1145 3003 petav«.
1172 2971 1196 3001 ’,κ
1234 2959 1469 2998 nictepsycosin
1505 2969 1535 2987 v.
1568 2958 1761 2989 coniunctio
1791 2976 1827 2978 ru
1857 2958 1948 2987 indu-

125 3021 197 3042 cens
220 3023 246 3055 γ.
274 3015 342 3044 rell.
370 3026 431 3045 om.
498 3017 551 3055 19)
578 3016 672 3046 Meles
697 3026 722 3058 ‘n'-
750 3017 882 3046 Meletas
906 3017 1061 3058 th<G?).
1089 3017 1212 3046 Molitus
1239 3016 1273 3045 C.
1302 3011 1540 3057 <T=12>.⁷',tam;·.».
1579 3016 1647 3045 Hoc
1684 3016 1780 3044 schol.
1820 3019 1848 3044 et
1888 3015 1949 3044 duo

126 3076 210 3108 seqq.
238 3071 296 3109 (esc
319 3088 356 3092 —u
384 3072 560 3110 memoriae)
587 3083 647 3103 om.
674 3083 724 3102 va.
791 3072 848 3111 21)
876 3074 1042 3105 Plutonem
1069 3073 1137 3103 hinc
1161 3083 1249 3102 rcum
1277 3072 1354 3102 fecit
1379 3071 1457 3110 qvod
1479 3081 1506 3112 γ.
1534 3072 1604 3101 rell.
1642 3072 1732 3102 Fecit
1769 3071 1815 3100 hic
1846 3077 1873 3100 et
1903 3071 1948 3099 Pl.

127 3132 220 3161 reum,
246 3136 303 3165 qm.

1974 920 2010 951 10

1975 1287 2010 1318 15
