2148 3412
188 929 224 961 10

185 1299 223 1329 15

254 120 335 162 582
887 130 994 163 Aca.
1021 130 1081 162 ET
1106 129 1275 164 PORPH.
1301 130 1450 165 coMM.

252 254 421 296 tionem.
482 252 632 302 Docet,
679 253 781 308 quid
819 254 872 296 sit
902 253 1134 310 dispositio.
1195 256 1339 297 uirtus.
1400 254 1451 296 Id
1496 261 1570 306 est,
1616 270 1696 303 ars,
1741 255 1956 311 perfectio.
2015 262 2087 298 aut

252 342 320 382 eqo
350 328 486 381 fallor.
547 326 636 368 Aut
666 327 746 369 ista
776 335 838 369 est
868 343 949 378 ars,
982 343 1107 383 quam
1140 343 1232 370 sum
1264 329 1476 379 docturus,
1509 336 1580 370 aut
1610 342 1690 384 ego
1720 328 1855 380 fallor,
1891 335 1936 370 ut
1956 343 2085 384 quae-

251 400 349 440 dam
381 400 506 450 dicat,
540 401 750 455 quaedam
781 409 969 444 reseruet
998 402 1041 443 in
1074 402 1201 444 aliam
1233 409 1408 458 partem.

363 475 429 515 43.
465 476 514 517 Ut
542 477 622 517 iant
641 502 693 506 —
712 477 794 518 deb.
827 477 915 519 dic-i.
974 475 1049 527 Ut,
1082 491 1188 532 quae
1220 475 1373 518 debent
1404 475 1501 526 dici,
1533 475 1623 517 sine
1654 475 1855 517 dilatione
1876 476 2083 527 dicantur,

251 561 358 601 quae
394 563 478 590 non
525 549 691 600 debent,
740 565 818 606 pro
849 557 1039 606 tempore
1070 550 1331 592 differantur.
1392 551 1475 592 iam
1504 564 1626 592 nune.
1686 549 1738 591 Id
1768 556 1842 600 est,
1888 550 1931 591 in
1961 565 2085 606 prae—

251 621 370 663 senti.
432 623 610 664 debentia
640 624 728 666 dici.
791 622 913 676 Quae
944 624 987 665 in
1019 623 1232 679 praesenti
1264 623 1445 665 dicenda
1476 630 1584 666 sunt.

364 697 432 738 44.
469 697 664 753 Pleraque
693 698 777 754 diff.
810 707 847 739 et
862 712 927 754 pr.
948 700 991 740 in
1014 707 1127 755 temp.
1150 713 1225 740 om.
1286 697 1348 739 Ut
1386 698 1580 752 Verqilz‘us
1610 697 1654 738 in
1685 697 1819 739 VIIII
1847 696 1957 739 libro
1988 712 2086 739 nar-

250 776 327 819 rat,
360 770 404 810 in
433 768 559 811 Italia
589 770 673 812 iam
704 771 841 826 posito
872 770 1035 822 Aenea,
1069 771 1278 827 quomodo
1299 771 1531 813 fabricatae
1553 771 1634 813 sint
1659 770 1792 828 [sunt]
1815 786 1958 822 naues,
1991 771 2086 826 qui-

252 842 328 885 bus
359 843 410 884 de
440 842 521 885 Ilio
553 844 775 900 nauigauit
807 843 1032 902 [Aeneas],
1066 860 1160 887 cum
1191 845 1235 886 in
1265 845 1387 887 tertio
1418 860 1502 887 non
1534 845 1647 887 dicit.

363 919 429 959 45.
467 919 550 960 Hoc
581 928 694 969 amet,
727 920 800 961 ltoc
831 928 1004 975 spernat.
1064 919 1116 960 Id
1137 925 1216 961 est:
1248 919 1328 961 hoc
1349 919 1491 975 eligat,
1522 919 1602 961 hoc
1623 919 1928 975 praetermittat
1949 926 2086 975 poeta,

249 999 294 1032 ut
323 1005 407 1032 non
439 991 593 1042 omnia,
627 1007 733 1047 quae
765 992 827 1034 illi
850 993 1023 1034 ueniunt
1044 993 1089 1034 in
1109 1000 1305 1044 mentem,
1338 993 1463 1035 dicat.
1521 1002 1698 1050 spernat.
1731 993 1902 1035 Scilicet
1934 993 2086 1036 dicere.

246 1067 447 1122 promissi.
509 1065 676 1122 Magni,
708 1074 754 1107 ut
784 1066 918 1109 Poeta
950 1068 1088 1123 (Verq.
1121 1066 1175 1108 A.
1206 1067 1259 1117 V,
1293 1068 1414 1124 282):
1449 1069 1679 1123 Seryestum
1711 1070 1860 1110 Aeneas
1888 1070 2087 1125 promisso

250 1154 413 1181 mtcnere
444 1140 579 1181 donat.
637 1152 828 1182 ALITER:
856 1143 1055 1198 promissi
1081 1143 1270 1183 carminis
1302 1150 1458 1191 auctor,
1489 1140 1550 1184 ,id
1595 1148 1669 1192 est,
1716 1141 1787 1197 qui
1818 1141 1908 1184 uult
1944 1149 2089 1185 auctor

248 1213 339 1254 fieri
370 1213 517 1269 magni
548 1213 761 1265 carminis,
793 1222 863 1256 aut
896 1222 1008 1257 certe
1038 1224 1194 1267 auctor,
1226 1215 1410 1271 optimus
1440 1221 1577 1270 poeta.

362 1288 430 1329 46.
465 1288 514 1329 In
545 1289 680 1330 uerbis
712 1292 830 1331 etiam
851 1292 979 1332 tenuis
1002 1299 1104 1332 caut.
1127 1291 1317 1332 serendis.
1380 1289 1431 1330 Id
1462 1296 1541 1331 est:
1581 1287 1629 1331 Si
1658 1289 1854 1332 facienda
1884 1297 1978 1332 sunt
2009 1289 2088 1332 tibi

251 1376 359 1402 noua
388 1362 532 1412 uerba,
565 1361 756 1413 obserua,
788 1370 833 1404 ut
863 1377 912 1405 ea
934 1363 1062 1415 dicas,
1095 1378 1201 1419 quae
1222 1364 1430 1419 placeant,
1454 1370 1493 1405 et
1514 1378 1575 1415 ea,
1613 1378 1719 1419 quae
1740 1363 1923 1406 habeant
1943 1371 2087 1406 aucto-

248 1435 427 1477 ritatem.
487 1437 675 1478 serendis.
708 1436 1020 1494 Propagandis,
1053 1438 1313 1489 ordinandis,
1344 1437 1565 1494 ponendis,
1597 1437 1846 1480 inserendis.

361 1511 428 1551 46.
462 1518 695 1567 cautusque.
757 1510 908 1553 Purus.
941 1511 1074 1555 Deest
1105 1518 1204 1554 esto.

360 1585 428 1625 47.
461 1585 624 1626 Dixeris
657 1587 820 1640 eqreqz'e.
883 1583 994 1628 Cum
1024 1586 1149 1629 laude
1181 1586 1287 1629 dicis
1318 1586 1495 1628 uerbum
1516 1586 1706 1643 uulgare,
1740 1600 1835 1629 cum
1856 1586 1961 1628 illud
1981 1586 2088 1629 bene

251 1657 538 1714 conposueris.

361 1733 428 1773 47.
461 1733 527 1774 48.
562 1733 657 1774 Diae.
678 1747 756 1788 equ
770 1741 907 1776 notum
923 1735 961 1776 εί
975 1735 1068 1776 call.
1086 1736 1256 1778 uerbum
1268 1736 1395 1777 Redd.
1411 1738 1465 1778 iu.
1482 1750 1575 1778 nou.
1609 1736 1778 1790 Eqreqt‘e
1798 1735 1923 1777 etiam
1944 1742 2087 1778 notum

249 1805 355 1848 dicis
386 1806 576 1858 uerbum,
609 1807 644 1849 si
675 1808 857 1863 peritam
887 1807 1084 1852 habuerit
1113 1808 1460 1865 conpositionem,
1492 1809 1527 1851 si
1548 1823 1633 1852 non
1665 1809 1717 1851 sit
1747 1823 1956 1865 asperum,
1988 1809 2087 1852 item

366 2016 398 2054 1)
426 2016 445 2045 i.
473 2026 525 2046 ars
550 2016 630 2055 perf.
657 2026 715 2046 om.
742 2016 780 2046 X.
807 2026 908 2047 uenus.
936 2017 1106 2055 Venustas‚
1145 2018 1252 2055 gratia
1275 2016 1397 2059 Y‚1·th.
1425 2017 1495 2047 rell.
1522 2027 1582 2047 oni.
1621 2019 1734 2055 gratia.
1772 2017 1864 2048 Haud
1899 2026 1958 2056 ego
1995 2026 2018 2060 φ
2043 2017 2085 2058 (Β

250 2081 329 2102 corr.
358 2074 493 2112 rasura).
531 2073 638 2103 Verba
663 2073 726 2103 Aut
749 2083 800 2114 eqo
813 2073 919 2113 fallor
943 2078 1016 2112 post
1041 2075 1159 2104 lemma
1184 2074 1303 2103 iterant
1329 2074 1360 2103 N
1383 2073 1470 2104 Med.
1499 2073 1607 2114 G<Qj)r
1632 2074 1705 2113 (aut
1729 2075 1823 2114 inquit
1846 2084 1873 2112 e,
1900 2074 1928 2114 f)
1954 2073 2086 2105 vcath.

249 2138 309 2159 om.
335 2139 362 2172 γ.
390 2139 459 2159 suin
484 2130 566 2160 doct.
592 2140 618 2173 γ.
645 2131 715 2160 rell.
742 2131 825 2161 doct.
852 2130 944 2169 (diet.
972 2130 1050 2169 ΚΝ)
1077 2140 1156 2160 sum.
1220 2130 1255 2170 2)
1281 2133 1336 2160 aut
1360 2138 1418 2168 ego
1444 2129 1540 2161 fallor
1564 2140 1581 2173 γ
1605 2131 1635 2161 h.
1662 2131 1684 2161 l.
1710 2132 1818 2162 habet.
1845 2130 1915 2161 rell.
1940 2141 2001 2161 om.
2049 2130 2086 2170 4)

251 2186 381 2216 Lemma
406 2187 451 2217 Ut
470 2205 511 2208 ee
529 2188 590 2217 dici
616 2197 687 2217 cum
711 2197 728 2231 γ
753 2188 941 2225 interposui.
968 2187 1040 2217 rell.
1066 2197 1127 2217 om.
1155 2187 1201 2217 Ut
1225 2187 1304 2226 quod
1327 2187 1440 2217 debent
1463 2187 1492 2217 d.
1518 2198 1544 2230 γ.
1595 2188 1629 2227 5)
1656 2188 1736 2227 quod
1758 2189 1854 2219 debet
1879 2188 1980 2219 dicere
2004 2198 2034 2227 p.
2059 2192 2084 2218 t.

250 2243 381 2273 differat
402 2254 428 2286 γ,
456 2245 510 2283 qui
536 2244 681 2282 adiungit
707 2243 803 2282 Vei-g.
828 2244 943 2274 locum.
971 2262 1012 2264 —
1037 2243 1089 2273 fh:
1117 2243 1176 2273 iam
1200 2254 1284 2276 mmo,
1314 2243 1403 2279 Quae
1428 2244 1514 2274 debet
1534 2244 1635 2274 dicere
1660 2246 1693 2275 in
1718 2255 1775 2284 pr.‚
1802 2255 1863 2277 om.
1891 2255 1957 2284 seq.
1984 2246 2085 2276 schol.

254 2301 288 2338 7)
315 2304 420 2331 octauo
445 2302 484 2330 N.
511 2300 585 2329 VIII
612 2300 710 2337 Med,
729 2310 759 2329 v.
786 2309 872 2330 num.
900 2310 959 2330 om.
986 2301 1024 2330 X.
1050 2300 1121 2331 VII.
1148 2311 1174 2331 r.
1200 2302 1234 2331 in
1258 2301 1393 2341 ytaliam
1418 2302 1523 2340 posito
1549 2311 1626 2332 enea
1651 2303 1690 2335 N.
1716 2303 1822 2333 Verba
1848 2304 1879 2333 in
1906 2321 1948 2324 ψ-
1973 2303 2086 2333 Aenea

250 2368 310 2387 om.
338 2357 427 2394 G,ea.
454 2367 549 2387 aenea
573 2358 607 2386 in
631 2357 729 2387 Italia
755 2367 816 2396 po„
843 2368 904 2388 om.
931 2358 1005 2396 iam,
1032 2368 1056 2388 r.
1121 2359 1156 2397 8)
1184 2358 1324 2389 existente
1349 2358 1384 2389 O.
1410 2359 1480 2389 rell.
1517 2360 1632 2397 posito.
1660 2359 1724 2389 sint
1750 2359 1785 2390 C.
1818 2361 1887 2390 rell.
1915 2364 1999 2389 sunt.
2049 2360 2084 2399 9)

247 2414 379 2443 Aeneas
398 2415 481 2444 cai'h.
502 2415 570 2446 rell.
590 2425 652 2445 om.
669 2432 703 2435 ψ
717 2414 790 2444 dicit
803 2414 850 2456 γΧ
865 2414 950 2445 Med.
968 2416 1036 2445 rell.
1054 2416 1148 2445 dicat.
1201 2417 1256 2455 11)
1276 2417 1324 2446 illi
1342 2425 1413 2446 nen.
1432 2425 1458 2459 γ.
1477 2425 1548 2446 uen.
1569 2417 1618 2447 illi
1635 2415 1712 2452 th.
1733 2417 1807 2446 Post
1823 2417 1940 2447 lemma
1957 2417 2085 2456 longius

249 2470 328 2508 (Hoc
345 2476 421 2501 amet
439 2471 468 2501 h.
485 2482 509 2501 s.
524 2482 557 2510 p.
577 2482 603 2502 c.
629 2482 658 2502 a.
678 2473 712 2502 in
731 2472 803 2511 rva)
829 2476 885 2502 aut
909 2473 1039 2503 breuius
1066 2473 1151 2503 Haec
1177 2477 1262 2503 amet
1279 2473 1363 2504 Med.
1389 2474 1452 2504 Hoc
1476 2484 1533 2504 ain.
1561 2484 1586 2503 c.
1613 2474 1737 2503 habent
1754 2473 1815 2503 NX
1839 2474 1924 2504 Med.
1951 2473 2084 2512 G,rvca:

248 2528 338 2564 Quod
356 2530 451 2559 debet
471 2530 577 2559 dicere
596 2530 630 2559 in
648 2531 810 2568 praesenti
829 2528 925 2568 (haec
942 2540 1002 2560 om.
1021 2529 1134 2571 Mea),
1162 2532 1247 2570 quod
1273 2531 1367 2562 debet
1384 2532 1513 2570 (debeat
1523 2530 1626 2569 Med.)
1643 2531 1676 2560 in
1693 2530 1812 2569 futuro,
1839 2535 1873 2561 ut
1897 2541 1961 2562 non
1979 2532 2086 2561 omnia

249 2586 349 2625 dicat,
376 2597 457 2626 quae
474 2588 608 2617 ueniunt
627 2588 661 2617 in
680 2591 818 2617 mentem
839 2586 947 2626 (quae,
971 2598 1030 2618 om.
1050 2589 1092 2625 in,
1110 2592 1252 2619 mentem
1269 2590 1407 2619 ueniunt
1423 2588 1466 2628 r).
1484 2589 1553 2619 rell.
1572 2592 1608 2619 ut
1626 2597 1730 2626 supra.
1746 2606 1787 2609 a·
1803 2598 1827 2619 s.
1846 2588 1952 2618 dicere
1970 2597 1995 2629 γ.
2014 2588 2084 2618 rell.

248 2653 309 2673 orn.
364 2644 418 2683 12>
446 2644 552 2675 Schol.
580 2654 643 2674 una
668 2654 738 2674 oum
755 2644 850 2683 Verg.
869 2645 937 2675 loco
956 2654 1015 2675 om.
1041 2645 1173 2675 Xcha.
1198 2650 1295 2685 poeta
1319 2656 1373 2688 ⁴551:
1400 2646 1471 2675 rell.
1497 2656 1557 2676 om.
1612 2645 1666 2685 13)
1691 2644 1788 2674 Aliter
1811 2655 1859 2684 pr.
1877 2655 1971 2677 carm.
1998 2648 2083 2675 auct.

248 2710 274 2742 γ.
300 2702 370 2730 rell.
398 2712 459 2731 om.
500 2701 617 2731 Aliter.
648 2719 686 2723 ——
712 2702 908 2732 Promissum
934 2712 959 2732 c.
986 2713 1013 2732 a.
1049 2702 1189 2742 optimum
1206 2708 1327 2742 poetam
1357 2702 1482 2743 entelliyi
1503 2703 1568 2732 uult
1590 2712 1614 2732 r.
1653 2701 1800 2731 Promz'ssz‘
1823 2719 1864 2724 w*
1889 2706 1983 2741 poeta
2006 2701 2082 2738 th.

252 2757 307 2796 15)
334 2758 370 2787 Id
397 2762 445 2787 est
469 2768 495 2800 γ.
522 2759 591 2788 rell.
618 2768 679 2788 om.
749 2759 803 2797 16)
831 2763 862 2789 et
886 2768 921 2788 ea
944 2768 1019 2798 qnae
1043 2759 1081 2789 N.
1111 2769 1186 2799 quae
1210 2760 1285 2790 hab.
1311 2770 1338 2803 γ.
1365 2760 1437 2791 rell.
1463 2764 1491 2790 et
1513 2759 1578 2789 1ιαῖ).
1607 2776 1645 2780 -—-
1673 2763 1842 2798 cautusque.
1880 2758 1983 2789 Deest
2014 2762 2083 2789 esto

250 2824 276 2842 r.
302 2815 372 2844 rell.
401 2825 461 2844 om.
513 2814 600 2846 Ordo
638 2816 833 2846 scholiorum
870 2816 911 2845 ad
935 2825 965 2845 u.
993 2816 1124 2847 47—50
1165 2821 1215 2847 est
1251 2818 1286 2847 in
1320 2827 1347 2860 γ.
1401 2817 1456 2857 17)
1482 2817 1618 2855 Propag.
1643 2834 1684 2837 -—
1711 2815 1889 2846 inserendis
1925 2825 1979 2857 γ,ι·.
2011 2815 2082 2845 rell.

250 2880 311 2900 om.
338 2870 421 2901 conf.
448 2872 519 2914 sz:
557 2872 703 2902 serendis.
729 2872 945 2910 proferendis.
1009 2874 1064 2913 18)
1090 2883 1190 2912 purus
1215 2875 1306 2904 deest
1331 2878 1390 2904 esto
1413 2883 1439 2917 γ.
1466 2872 1652 2912 cautusque
1678 2872 1768 2902 deest
1792 2876 1850 2902 esto
1874 2882 1897 2902 r.
1924 2872 1992 2902 rell.
2019 2881 2080 2902 om.

252 2929 309 2965 20)
337 2946 347 2948 >
371 2946 376 2948 -
403 2930 639 2967 ‘composueris
674 2929 866 2960 Aristotelis
892 2948 934 2950 -—
960 2931 1132 2967 quaesiuit.
1171 2931 1319 2970 Exponit
1348 2949 1385 2953 —
1414 2930 1648 2970 splendescere.
1675 2930 1816 2968 Egregie
1842 2930 1939 2958 etiam
1964 2946 2004 2949 --
2031 2937 2083 2958 as-

251 2992 372 3021 perum.
400 2985 578 3015 Reddiderz't
594 2986 635 3015 in.
654 2985 777 3025 nouum]
808 2985 934 3016 Callida
959 2987 1001 3017 iu.
1028 3003 1070 3008 υ»
1095 2992 1264 3026 ponantur.
1292 2987 1329 3018 Si
1340 2987 1428 3028 forte
1451 2997 1515 3017 nec.
1542 2985 1599 3026 est]
1628 2987 1708 3017 Nou.
1734 2996 1764 3016 u.
1791 2987 1870 3015 bene
1891 2985 1981 3023 sacis,
2008 2985 2036 3015 si
2059 2984 2082 3015 f.

253 3041 438 3070 necessitas.
468 3042 591 3072 Iudiciis
614 3047 737 3073 monstr.
761 3042 840 3083 ree]
868 3043 1014 3073 Proferre
1041 3061 1079 3064 —-
1108 3054 1176 3075 nec.
1203 3055 1267 3076 non
1294 3048 1353 3076 est.
1380 3044 1462 3074 Mire
1487 3047 1583 3074 autem
1609 3044 1696 3073 dixit
1714 3061 1755 3064 ——
1772 3039 1875 3085 λόγον.
1901 3042 2011 3072 Abdita
2033 3050 2082 3071 rc-

250 3106 328 3127 rum.
355 3097 391 3126 Id
418 3101 474 3136 est,
501 3108 551 3129 res
578 3101 700 3130 nouas.y
732 3100 820 3131 Haec
845 3104 891 3131 est
917 3100 1077 3131 successio
1103 3101 1297 3133 scholiorum
1325 3103 1358 3132 in
1383 3100 1459 3138 th.
1495 3101 1586 3131 Idem
1611 3099 1678 3131 fere
1703 3100 1778 3131 ordo
1803 3099 1940 3130 habetur
1965 3100 1999 3130 in
2023 3097 2083 3128 NX

252 3154 337 3184 Med.
365 3160 395 3185 et
421 3165 505 3185 rvca.
