2148 3412
25 59 28 79 Ι

24 81 28 111 ¹
799 130 848 162 m
873 129 1009 164 SERM.
1035 130 1062 170 1,
1090 134 1119 163 5.
1793 119 1873 162 107

24 231 28 255 ³
162 253 312 311 [lupos.
345 254 459 295 saxis
490 253 569 294 late
601 253 716 294 caud.
747 252 910 294 Anoeur.
977 251 1104 294 Mons
1148 253 1233 303 ille,
1279 253 1322 294 in
1368 267 1450 308 quo
1494 252 1729 294 Tarracina
1775 267 1874 294 con-

24 328 188 392 'stituta
217 332 319 376 erat,
359 341 443 367 non
474 325 656 367 candida
687 340 787 366 saxa
817 325 943 367 habet
973 326 1047 367 sed
1078 326 1184 367 calci
1215 326 1457 381 coquendae
1488 326 1706 382 aptissima
1716 342 1726 375 3
1772 340 1875 382 ergo

24 417 74 444 va
104 400 216 443 calce
245 399 414 440 uidetur
445 399 620 441 candida
651 398 817 440 dixisse.

24 454 27 501 ἶ
159 475 225 514 27.
257 473 349 514 Huc
378 480 576 514 uenturus
606 480 690 514 erat
720 473 848 514 Maec.
879 479 919 514 et
948 472 1123 528 reliqua.
1183 471 1461 515 Dissensione
1491 481 1582 515 orta
1611 473 1722 515 inter
1753 471 1874 515 Cae-

24 561 27 609 }
49 561 182 590 sarem
198 545 438 603 Augustum
454 545 786 601 Antoniumque,
806 545 999 588 Lucilius
1019 545 1162 587 Nerua
1179 561 1279 588 auus
1297 546 1399 597 eius,
1422 547 1493 602 qui
1511 554 1656 602 postea
1674 546 1872 604 [Romae]
1923 556 1941 586 5

23 611 27 656 Ῐ
47 620 280 676 imperauit,
320 620 422 675 petit
445 635 469 661 a
492 618 688 669 Caesare,
716 626 759 660 ut
781 619 977 674 aliquem,
1019 634 1114 661 curn
1136 635 1218 675 quo
1239 621 1291 662 de
1313 636 1475 662 summa
1504 636 1643 662 rerum
1664 627 1875 670 tractaret,

24 694 226 747 lmitteret
254 693 542 735 Tarracinam.
582 692 639 734 Et
659 693 842 748 primum
863 692 1104 744 Maecenas,
1140 709 1237 735 mox
1258 701 1298 734 et
1314 692 1513 750 Agrippa
1543 695 1733 750 adgressi
1769 702 1874 736 sunt.

24 753 108 831 [Hi
145 782 308 822 quoque
345 767 599 823 pepigerant
626 766 752 807 fidem
798 767 1218 818 confirmatissimam,
1264 774 1302 808 et
1339 768 1383 808 in
1428 775 1651 809 unacastra
1695 767 1876 809 conferri

24 834 168 913 {signa
195 840 411 896 utriusque
442 840 648 882 exercitus
678 840 899 882 iusserunt.
958 839 1055 882 Hoc
1086 848 1126 883 et
1159 843 1195 883 T
1193 844 1271 883 itus
1296 842 1432 883 Liuius
1452 841 1497 882 in
1517 841 1626 883 libro
1650 839 1876 883 CXXVII

48 915 184 965 refert,
219 921 394 970 excepta
423 914 575 956 Fontei
608 913 829 970 Capitonis
858 915 1081 956 mentione.
1903 923 1943 954 10

159 989 223 1030 32.
256 989 310 1030 ad
338 1003 512 1043 umquem
540 990 675 1043 factus
705 989 830 1030 homo.
904 987 1144 1030 Translatio
1175 1004 1199 1030 a
1226 989 1527 1039 marmorariis,
1560 989 1631 1043 qui
1661 988 1875 1029 iuncturas

48 1077 300 1104 marmorum
329 1068 417 1103 tum
448 1062 617 1104 demum
647 1063 855 1118 perfectas
886 1062 1043 1112 dicunt,
1080 1063 1114 1104 si
1135 1063 1290 1119 unguis
1326 1063 1603 1119 superductus
1637 1077 1722 1103 non
1743 1062 1875 1103 offen-

8 1160 12 1166 <
50 1137 119 1178 dat
127 1152 137 1186 3
158 1136 269 1177 unde
289 1136 387 1186 iam,
411 1150 698 1191 quaecumque
719 1135 1024 1191 perfectissima
1043 1151 1132 1178 esse
1153 1136 1345 1178 uolumus
1363 1136 1616 1192 significare,
1635 1137 1690 1177 acl
1704 1150 1878 1191 uuquem

48 1211 159 1266 facta
193 1210 384 1252 dicimus.

25 1288 28 1376 μ
159 1285 225 1326 35.
257 1285 323 1326 36.
355 1285 493 1326 insani
519 1284 689 1325 ridentes
712 1285 898 1340 praemia
933 1285 1086 1326 scribae
1118 1285 1392 1332 praetextam,
1437 1292 1473 1325 et
1511 1284 1578 1325 lat.
1616 1284 1719 1325 clau.
1750 1297 1877 1338 prun.
1903 1290 1944 1322 15

24 1359 240 1413 ffbatillum.
300 1357 519 1399 Aufidium
549 1356 738 1399 Luscum
769 1357 821 1398 de
866 1357 1038 1399 decuria
1084 1357 1317 1399 scribarum
1365 1357 1576 1413 significat
1619 1357 1761 1407 fuisse,
1807 1356 1878 1411 qui

25 1414 147 1507 ‘tunc
177 1431 221 1472 in
268 1431 427 1487 oppido
468 1430 633 1472 Fundis
662 1430 956 1486 magistratum
997 1438 1175 1487 gereret,
1222 1445 1346 1486 quem
1387 1430 1468 1472 sibi
1507 1430 1610 1472 risui
1649 1430 1777 1472 fuisse
1807 1430 1878 1480 ait,

24 1509 28 1523 '
51 1505 161 1561 quod
189 1504 335 1561 magni
364 1504 566 1559 penderet
595 1504 787 1545 indutum
819 1519 862 1546 se
894 1519 984 1546 esse
1016 1506 1097 1546 lato
1130 1506 1247 1547 clauo
1279 1519 1328 1546 ac
1352 1512 1565 1561 praetexta
1584 1512 1624 1545 et
1644 1504 1696 1545 de
1717 1503 1880 1546 balneis

25 1578 229 1640 [publicis
253 1593 417 1636 prunas
449 1578 530 1620 sibi
561 1578 732 1620 domum
763 1593 788 1619 a
817 1578 1079 1620 mediastinis
1110 1578 1279 1619 adferri.

25 1644 28 1721 Ξ
161 1655 228 1695 37.
259 1654 301 1694 iu
332 1654 640 1696 Mamurrarum
671 1653 771 1694 lassi
798 1653 936 1694 demde
967 1652 1064 1693 urbe
1084 1666 1187 1693 man.
1244 1650 1441 1693 Formias
1470 1651 1619 1693 urbem
1649 1651 1878 1708 significat3
1904 1657 1947 1689 20

24 1723 119 1795 'hio
148 1741 331 1781 namque
363 1726 441 1767 fuit
471 1726 634 1767 familia
665 1727 992 1773 Mamurrarum,
1023 1725 1197 1766 honesto
1228 1724 1320 1766 loco
1350 1731 1460 1766 nata.

24 1803 28 1844 Ι
162 1801 228 1843 38.
258 1800 435 1843 Murena
459 1800 602 1857 praeb.
635 1799 932 1855 clom.Capz‘loue
964 1799 1040 1841 cul.
1099 1798 1231 1849 Dicit,
1263 1813 1306 1840 se
1327 1798 1513 1840 Formiis
1528 1797 1735 1840 Murenae
1757 1798 1881 1839 domo

26 1926 27 1933 ἵ
51 1873 305 1929 hospitatum
335 1887 439 1924 esse,
471 1873 545 1915 sed
575 1873 689 1928 apud
719 1870 971 1927 Capitonem
1004 1886 1214 1913 caenasse.

25 1937 27 1983 l
162 1949 229 1989 44.
261 1948 331 1991 Nil
362 1963 430 2002 eqo
462 1948 701 1989 contulerim
732 1948 803 1988 ioc.
834 1961 919 1987 sau.
941 1947 1079 1988 amico.
1139 1944 1356 1997 Quamdiu
1387 1960 1489 1986 sana
1518 1952 1657 1987 mente
1688 1945 1779 1996 sim,
1815 1945 1881 1986 in—

1908 2027 1926 2057 [Ο

1931 2027 1949 2057 :51

25 1845 28 1863 1

25 1893 28 1918 ι

24 1985 28 2085 l
54 2020 156 2077 quit,
186 2021 292 2062 nihil
323 2021 480 2077 putabo
513 2020 784 2077 conparabile
815 2034 905 2062 esse
936 2019 1117 2061 iocundo
1147 2019 1282 2060 amico
1313 2033 1418 2060 meo.

25 2094 29 2200 ι
164 2096 231 2137 45.
261 2095 329 2137 46.
361 2096 558 2137 Proxima
579 2095 713 2151 Camp.
730 2096 846 2152 ponti
862 2109 958 2150 quae
988 2094 1074 2135 um.
1105 2100 1191 2135 tect.
1224 2093 1363 2134 Praeb.
1422 2090 1509 2133 Hic
1540 2092 1883 2147 subdistinguen-

166 2234 202 2274 5)
227 2234 356 2264 lucilius
373 2234 450 2272 MA,
478 2238 508 2264 et
522 2234 671 2264 Danielis
696 2234 888 2272 adscripsit:
915 2234 948 2263 in
973 2234 1029 2262 alt.
1054 2236 1119 2262 uet.
1146 2233 1216 2262 cod.
1243 2231 1396 2262 Cocceius
1423 2232 1618 2262 emendatur.
1644 2231 1773 2260 lucilius
1801 2231 1818 2259 2
1846 2230 1880 2268 (2

55 2300 96 2321 m.
112 2291 174 2321 del.
193 2296 225 2322 et
241 2300 389 2330 supi-apo.
411 2290 570 2331 Cocceius).
589 2291 693 2321 Lucili
712 2291 791 2330 (sic)
811 2300 909 2320 nei-ua
926 2290 992 2319 auls
1008 2299 1039 2319 v.
1058 2290 1127 2319 rell.
1148 2288 1311 2320 Cocceius.
1362 2290 1395 2327 6)
1422 2289 1540 2318 Romae
1557 2298 1617 2317 om.
1635 2286 1881 2325 MR2G<Q)‚va.

25 2345 29 2384 Ι
56 2364 99 2369 -
123 2348 262 2386 aliquem
286 2348 338 2387 qui
360 2347 426 2378 afh.
452 2349 591 2387 aliquem
617 2357 682 2377 cum
708 2348 747 2377 de
771 2357 801 2377 v.
827 2347 896 2377 rell.
922 2347 1059 2384 aliquem
1083 2355 1149 2375 cum
1172 2356 1237 2385 quo.
1304 2345 1339 2384 8)
1366 2345 1455 2383 adgr.
1482 2344 1525 2373 M.
1551 2345 1670 2383 egressi
1694 2344 1730 2372 R.
1758 2343 1881 2381 agressi

59 2404 118 2435 2G.
143 2406 301 2444 congressi
325 2405 371 2436 fh.
397 2414 485 2445 aygr.
512 2415 540 2435 a.
565 2405 609 2434 Hi
633 2414 751 2444 quoque
776 2403 902 2434 MR2G.
928 2404 1024 2442 Hique
1048 2403 1165 2438 vath.
1191 2420 1233 2423 —
1258 2403 1446 2440 pepigerant
1462 2400 1564 2431 MRG.
1591 2401 1661 2430 rell.
1688 2401 1883 2438 pepigeram.

57 2479 94 2483 -
124 2466 156 2492 et
181 2473 241 2494 om.
267 2462 344 2492 MA.
371 2472 432 2491 uno
456 2462 532 2491 MA.
558 2462 627 2491 rell.
665 2471 740 2492 una.
765 2462 796 2491 iu
819 2470 881 2491 uno
905 2470 968 2490 non
995 2465 1044 2490 est
1078 2461 1110 2490 in
1135 2470 1228 2489 unum
1251 2460 1301 2488 uel
1331 2458 1373 2488 ml
1396 2468 1503 2487 unum.
1542 2457 1613 2486 Liu.
1638 2456 1738 2493 XXX,
1769 2458 1823 2484 11:
1852 2456 1884 2484 in

57 2528 153 2550 unuin
178 2520 310 2557 coactis,
346 2519 459 2557 XLIV,
488 2520 524 2549 7:
551 2537 593 2540 —
618 2520 807 2549 contractis.
836 2518 904 2549 Cic.
929 2517 1001 2547 Ain.
1028 2519 1088 2547 30:
1127 2526 1238 2547 omnes
1263 2516 1305 2545 ad
1328 2524 1436 2552 unum,
1466 2524 1522 2552 pro
1549 2523 1611 2552 qua
1636 2513 1776 2542 dictione
1803 2512 1885 2540 Gell.

58 2575 115 2614 111,
143 2578 177 2606 7:
204 2585 313 2606 omnes
338 2585 404 2605 cum
426 2585 494 2605 uno,
545 2576 578 2614 9)
604 2574 744 2605 conferre
768 2575 805 2604 R.
832 2578 993 2613 utrosque.
1019 2573 1092 2603 MA.
1118 2574 1187 2603 rell.
1214 2572 1385 2610 utriusque.
1447 2572 1482 2609 9)
1509 2570 1650 2600 miserunt
1683 2579 1711 2597 v.
1732 2568 1886 2607 {uxerunt

61 2633 148 2674 (sic).
175 2634 248 2664 Noli
272 2637 446 2672 temptare:
473 2633 666 2671 pepigerant
690 2633 785 2662 fidem
810 2631 894 2662 conf.
922 2632 958 2670 (i.
978 2641 1003 2661 e.
1029 2635 1123 2670 pacto
1147 2630 1274 2660 foedere
1298 2627 1539 2666 promiserant),
1558 2627 1590 2655 in
1606 2636 1672 2655 una
1688 2628 1794 2654 castra
1812 2634 1886 2653 con-

60 2688 139 2720 ferre
163 2691 271 2729 signa:
297 2694 443 2729 utrosque
470 2687 637 2729 (suosque)
664 2689 828 2718 exercitus
853 2688 1031 2718 iunxerunt.
1070 2687 1152 2718 conf.
1178 2686 1272 2724 Verg.
1300 2685 1338 2722 X,
1367 2685 1448 2713 240:
1476 2682 1584 2713 castris
1608 2682 1733 2721 izmyant
1758 2685 1790 2710 et
1813 2680 1885 2709 Liu,

27 2753 30 2789 Ι
61 2745 202 2785 XXXVI,
232 2749 289 2777 16:
315 2746 486 2776 Aetolorum
508 2750 651 2784 utraeque
674 2755 788 2775 manus.
808 2763 849 2766 —ss
863 2745 897 2774 in
913 2744 1075 2784 MRG(Q).
1101 2744 1169 2774 rell.
1196 2752 1258 2772 om.
1279 2741 1427 2771 CXXVII
1444 2738 1652 2776 MRAQGQ)
1671 2742 1703 2767 et
1720 2747 1748 2766 a.
1769 2736 1887 2766 CXVII

27 2792 30 2861 Ι
61 2812 92 2833 v.
121 2805 180 2834 117
206 2804 251 2834 fh.
319 2803 374 2842 12)
402 2803 580 2833 offendatur
604 2802 692 2832 vasli.
760 2800 815 2841 14)
842 2802 980 2831 dicemus
1006 2800 1052 2830 fh.
1120 2799 1175 2838 15)
1201 2798 1324 2837 premia
1350 2798 1452 2826 scribe
1480 2813 1517 2816 —
1545 2795 1691 2824 uatillum
1717 2793 1762 2824 M.
1797 2802 1888 2830 prac-

63 2863 177 2890 testam
200 2861 237 2889 R.
288 2860 343 2900 16)
369 2860 409 2889 de
433 2859 559 2889 decuria
583 2858 802 2897 MRA2G(Q).
830 2859 870 2887 de
894 2857 981 2887 curia
1006 2856 1094 2886 vafh.
1121 2855 1208 2886 conf.
1233 2855 1308 2884 Aer.
1360 2854 1414 2892 17)
1442 2856 1513 2881 tune
1538 2850 1782 2891 MR2G(Q),va.
1808 2849 1889 2878 hunc

62 2915 100 2946 A.
125 2927 207 2947 nunc
230 2917 276 2946 fh.
302 2934 344 2937 —
370 2920 500 2955 generet
524 2916 566 2945 M.
635 2913 688 2955 18)
714 2914 850 2944 inditum
876 2914 912 2943 R.
939 2931 978 2935 —
1006 2916 1164 2951 praetesta
1188 2912 1225 2941 R.
1294 2908 1350 2949 19)
1376 2918 1506 2947 prunum
1531 2908 1559 2936 2.
1586 2925 1628 2927 —
1660 2905 1723 2935 ads.
1749 2905 1792 2934 M.
1820 2905 1888 2934 rell.

64 2972 122 3012 aff.
171 2974 228 3013 21)
253 2974 325 3002 hinc
351 2972 671 3002 afh.--fa1niliarem
695 2971 736 3000 M.
786 2970 843 3009 22)
870 2969 980 3000 formis
1004 2967 1159 3008 M(G?Q).
1186 2968 1254 2997 rell.
1282 2965 1424 2996 Formiis.
1440 2982 1480 2985 ——
1495 2973 1621 2993 mure-uc
1644 2963 1686 2992 M.
1713 2963 1834 2991 domum
1851 2962 1887 2990 R.

66 3029 122 3068 23)
148 3039 211 3059 cen.
236 3030 279 3059 M.
342 3031 399 3069 24)
425 3029 558 3059 iocundo
582 3027 750 3066 MRGffl),
788 3032 824 3056 ut
849 3037 934 3057 omn.
962 3027 1027 3056 fere
1053 3030 1133 3054 uett.
1160 3024 1249 3054 codd.
1276 3023 1352 3052 IIor.
1379 3021 1435 3050 luc.
1460 3020 1549 3050 vasli.
1578 3037 1617 3040 -—
1645 3019 1704 3049 sim
1729 3017 1890 3059 M2G(Q)·

67 3094 132 3115 sum
156 3086 282 3123 R,vafh.
309 3095 403 3116 sanae
426 3085 538 3115 mentis
562 3085 590 3114 R
617 3087 630 3114 1
659 3094 699 3113 ni.
726 3085 765 3113 ad
790 3092 890 3121 marg.
917 3082 962 3112 nil
984 3082 1019 3110 R.
1044 3081 1114 3110 rell.
1141 3080 1235 3109 nihil.
1286 3078 1343 3116 25)
1370 3087 1429 3106 meo
1454 3087 1514 3106 om.
1540 3076 1629 3105 vassi.
1680 3075 1736 3113 26)
1763 3074 1824 3103 Hic
1849 3091 1890 3094 -α

68 3141 212 3172 dracbuit
237 3153 297 3173 oni.
322 3142 366 3172 M.
393 3142 520 3172 subdist.
546 3139 734 3179 R2G(Q)‚v.
761 3139 1050 3179 sublutelllgsendum
1075 3137 1141 3167 afh.
1168 3141 1199 3166 et
1224 3136 1297 3165 aud.
1323 3134 1518 3172 MMQQ).
